time,bid,ask
1525940224,18.000000,18.071000
1525809155,18.250000,18.309800
1525809156,18.250000,18.310000
1525940229,18.000000,18.070800
1525940230,18.000000,18.070700
1525940233,18.000000,18.070600
1525940234,18.000000,18.070500
1525809165,18.250000,18.305000
1525940238,18.000000,18.070400
1525940241,18.000000,18.070300
1525809171,18.250000,18.259100
1525940244,18.000000,18.070100
1525983918,17.564100,17.610000
1525940246,18.000000,18.070000
1525940248,18.000000,18.069900
1525940249,18.000000,18.069800
1525940251,18.000000,18.069700
1525940252,18.000000,18.069600
1525940254,18.000000,18.069500
1525940256,18.000000,18.069400
1525940257,18.000000,18.069500
1525940258,18.000000,18.069300
1525940259,18.000000,18.069500
1525983922,17.569600,17.610000
1525962077,18.488000,18.584400
1525940275,18.000000,18.101100
1525940276,18.000000,18.069400
1525809206,18.250000,18.330000
1525918388,17.669100,17.728100
1525809210,18.250100,18.330000
1525809213,18.330000,18.339600
1525809215,18.260500,18.339600
1525809219,18.250400,18.317300
1525940292,18.000000,18.107700
1525809221,18.260900,18.317300
1525940294,18.000000,18.107700
1525809226,18.260900,18.317300
1525809228,18.260900,18.317100
1525809230,18.250200,18.317100
1525940303,18.000300,18.107200
1525809233,18.222500,18.317100
1525940306,18.000400,18.106800
1525809236,18.222500,18.315000
1525809238,18.222500,18.314900
1525809239,18.222500,18.315000
1525809240,18.222500,18.314800
1525940313,18.000600,18.106100
1525809242,18.222500,18.314500
1525940317,18.000600,18.105900
1525940319,18.000600,18.105700
1525940321,18.000200,18.105600
1525809250,18.222500,18.314800
1525809253,18.222500,18.314400
1525809254,18.222500,18.314200
1525940327,18.000000,18.105100
1525940328,18.000300,18.105100
1525918396,17.669100,17.727700
1525940330,18.000300,18.104900
1525809259,18.300000,18.314100
1525940332,18.000400,18.104600
1525940333,18.000400,18.104500
1525809262,18.300000,18.310000
1525809263,18.222500,18.290300
1525940336,18.000400,18.104300
1525940337,18.000400,18.104200
1525940243,18.000000,18.070200
1525940341,18.000600,18.103600
1525940342,18.000600,18.103500
1525809272,18.197200,18.290300
1525940345,18.000600,18.103200
1525940347,18.000200,18.103200
1525809276,18.197200,18.299900
1525809277,18.197200,18.290200
1525809278,18.197200,18.289900
1525940353,18.000300,18.102700
1525809282,18.197800,18.289800
1525940356,18.000300,18.102600
1525940359,18.000400,18.102200
1525809289,18.197800,18.299000
1525809290,18.197400,18.299000
1525809292,18.197400,18.289700
1525809293,18.197400,18.298900
1525809296,18.164900,18.298900
1525787331,17.880700,17.929900
1525809300,18.250000,18.299100
1525940373,18.000200,18.101600
1525809302,18.250000,18.298900
1525940377,18.000200,18.101300
1525940378,18.000300,18.101000
1525962095,18.488100,18.582800
1525809308,18.250000,18.299100
1525940381,18.000300,18.100900
1525809310,18.250000,18.298800
1525809311,18.250000,18.299000
1525809312,18.250000,18.292800
1525809314,18.250000,18.292700
1525940387,18.000400,18.100200
1525940389,18.000400,18.100100
1525809319,18.165000,18.292700
1525809320,18.170100,18.292700
1525940393,18.000600,18.099400
1525940394,18.000600,18.070000
1525809323,18.170100,18.292600
1525940396,18.000600,18.069900
1525809325,18.170200,18.292500
1525809328,18.170300,18.292500
1525809329,18.280000,18.292500
1525809330,18.280000,18.292400
1525809331,18.280000,18.292200
1525809333,18.280000,18.292100
1525940406,18.000000,18.069700
1525940407,18.000000,18.069800
1525940409,18.000000,18.069600
1525809340,18.280000,18.292000
1525983946,17.570900,17.610000
1525809342,18.280000,18.291900
1525940415,18.000000,18.069500
1525809344,18.280000,18.291800
1525809345,18.280000,18.292000
1525809347,18.280000,18.291900
1525940420,18.000000,18.069600
1525962102,18.488400,18.582200
1525809352,18.280000,18.291700
1525962103,18.488100,18.582200
1525940428,18.000000,18.069500
1525809359,18.280000,18.291900
1525940432,18.000000,18.069300
1525809361,18.170700,18.279900
1525809362,18.170800,18.279900
1525809363,18.170800,18.279800
1525940436,18.000000,18.069200
1525809365,18.170800,18.279600
1525809366,18.171100,18.279600
1525809370,18.171200,18.279600
1525809372,18.171200,18.279500
1525827572,17.836200,17.932400
1525940447,18.000000,18.069000
1525809377,18.171300,18.279500
1525809379,18.171300,18.291900
1525809380,18.171900,18.291300
1525983953,17.571400,17.610000
1525809384,18.172000,18.291300
1525809387,18.172000,18.291700
1525809390,18.171600,18.291700
1525809391,18.172100,18.292000
1525940464,18.000000,18.068600
1525809393,18.172400,18.291700
1525940466,18.000000,18.068500
1525940467,18.000000,18.068400
1525940468,18.000000,18.068300
1525940469,18.000000,18.068400
1525809398,18.172500,18.291600
1525940471,18.000000,18.068300
1525809400,18.165800,18.291600
1525809401,18.172600,18.291600
1525940474,18.000000,18.068300
1525809403,18.173200,18.291600
1525809404,18.193200,18.291400
1525940478,18.000000,18.068000
1525940479,18.000000,18.067900
1525809408,18.193300,18.291400
1525809411,18.193400,18.291800
1525809412,18.193500,18.291800
1525940486,18.000000,18.067600
1525940490,18.000000,18.067500
1525809419,18.193800,18.291700
1525809420,18.193900,18.291700
1525940494,18.000000,18.067300
1525940496,18.000000,18.067400
1525809425,18.194300,18.291600
1525809426,18.194400,18.291600
1525962115,18.488700,18.580700
1525940503,18.000000,18.067000
1525809432,18.194400,18.291400
1525809433,18.195000,18.291400
1525809436,18.195100,18.291400
1525940509,18.000000,18.066900
1525940510,18.000000,18.066800
1525809441,18.195100,18.291800
1525940514,18.000000,18.066700
1525809443,18.195300,18.291800
1525809444,18.195300,18.291700
1525940517,18.000000,18.066400
1525809446,18.195400,18.291700
1525940519,18.000000,18.066300
1525962119,18.488300,18.580500
1525809453,18.195700,18.291800
1525809454,18.195700,18.291600
1525940528,18.000000,18.066200
1525809458,18.195800,18.291600
1525809459,18.196200,18.291500
1525809460,18.196300,18.291500
1525940535,18.000000,18.065900
1525940538,18.000000,18.065800
1525809467,18.196300,18.291300
1525940542,18.000000,18.065700
1525809471,18.196200,18.291300
1525940544,18.000000,18.065600
1525940547,18.000000,18.065500
1525809477,18.195700,18.291600
1525809478,18.196300,18.291200
1525940552,18.000000,18.065300
1525940554,18.000000,18.065200
1525809483,18.195800,18.291200
1525809484,18.196400,18.291200
1525809485,18.196400,18.321400
1525809486,18.196400,18.321300
1525809487,18.196400,18.291700
1525809489,18.196400,18.321400
1525809490,18.196700,18.321200
1525809491,18.196700,18.291400
1525940564,18.000000,18.064800
1525809493,18.196800,18.291400
1525809496,18.196900,18.291400
1525940569,18.000000,18.064700
1525809498,18.196900,18.320900
1525962127,18.488100,18.580000
1525809500,18.197000,18.320800
1525809503,18.197500,18.320100
1525809504,18.197500,18.320000
1525940577,17.956200,17.999900
1525940578,17.956200,18.064500
1525809507,18.197600,18.320000
1525809508,18.197600,18.319900
1525940581,17.999900,18.064500
1525809510,18.197200,18.319900
1525809511,18.197700,18.319900
1525809512,18.197700,18.319700
1525809514,18.197800,18.319700
1525809515,18.197800,18.319600
1525809516,18.197900,18.319600
1525809518,18.198100,18.319300
1525940591,17.999900,18.064300
1525940592,17.956200,18.064300
1525940593,17.956300,18.064300
1525940594,17.956600,18.063900
1525809523,18.198500,18.319300
1525809524,18.198500,18.319100
1525809527,18.198600,18.319000
1525940601,17.956700,18.063700
1525809530,18.198700,18.318900
1525940604,17.957000,18.063700
1525809534,18.198800,18.318800
1525809535,18.198800,18.318700
1525940608,17.957000,18.064000
1525809537,18.199200,18.318300
1525809538,18.209900,18.318300
1525940611,17.956500,18.064000
1525809540,18.210000,18.318300
1525809541,18.210000,18.318200
1525809542,18.210000,18.318100
1525940615,17.956400,18.064100
1525940616,17.956600,18.064100
1525940618,17.956700,18.064100
1525809548,18.210500,18.317800
1525809549,18.210900,18.317800
1525809550,18.210900,18.317500
1525940624,17.956700,18.063600
1525940627,17.956700,18.063500
1525809556,18.211000,18.317500
1525809557,18.211000,18.317400
1525809558,18.211200,18.317000
1525940631,17.956800,18.063000
1525809560,18.211300,18.316900
1525940633,17.956900,18.062800
1525809562,18.211300,18.316700
1525809563,18.211300,18.316600
1525940636,17.957400,18.062300
1525962138,18.488700,18.579200
1525809566,18.211400,18.316500
1525940293,18.000000,18.069300
1525809569,18.211500,18.316400
1525809571,18.211500,18.316400
1525809572,18.211600,18.316300
1525940645,17.956900,18.061900
1525809574,18.211700,18.316300
1525809575,18.211800,18.316300
1525940648,17.957500,18.061800
1525940649,17.957600,18.061900
1525940650,17.957600,18.061700
1525809580,18.211900,18.316300
1525809581,18.212100,18.316000
1525809582,18.212200,18.316000
1525809583,18.212300,18.315800
1525940656,17.957600,18.061400
1525809585,18.212400,18.315000
1525809586,18.212500,18.314900
1525940659,17.957600,18.061300
1525940660,17.957100,18.061300
1525809589,18.213100,18.314300
1525809590,18.213200,18.314300
1525809591,18.213200,18.314200
1525809592,18.213200,18.314100
1525809593,18.213200,18.314000
1525858131,17.532800,17.640500
1525809597,18.213300,18.313900
1525809599,18.213300,18.313800
1525809600,18.213400,18.313700
1525940673,17.956900,18.060300
1525809602,18.213400,18.313600
1525809604,18.213400,18.313500
1525940677,17.956700,18.060300
1525809607,18.213600,18.313500
1525809608,18.213600,18.313200
1525809609,18.213600,18.310000
1525809612,18.213600,18.309900
1525809613,18.213700,18.309900
1525809614,18.213700,18.309600
1525809615,18.213700,18.309500
1525940688,17.957100,18.059600
1525809618,18.213700,18.309400
1525962147,18.488100,18.578600
1525809620,18.214300,18.308800
1525940302,18.000300,18.107300
1525809622,18.214300,18.308700
1525940695,17.957400,18.058700
1525809624,18.213700,18.308700
1525809625,18.213700,18.308600
1525809626,18.213700,18.308500
1525940699,17.957400,18.058400
1525809628,18.213700,18.308300
1525940701,17.957400,18.058300
1525940702,17.956900,18.058300
1525940703,17.957500,18.058300
1525940704,17.957500,18.058200
1525809633,18.213700,18.308200
1525940706,17.957600,18.057900
1525809635,18.213700,18.300000
1525809636,18.180200,18.300000
1525809637,18.180200,18.299900
1525809638,18.180200,18.299700
1525940711,17.957700,18.057700
1525809642,18.180200,18.299500
1525809643,18.180200,18.299400
1525809644,18.180200,18.299300
1525940717,17.957800,18.057100
1525809647,18.180200,18.299200
1525809648,18.180200,18.298700
1525940721,17.957900,18.057000
1525809650,18.180200,18.298600
1525940723,17.958000,18.057000
1525809654,18.180200,18.298500
1525809655,18.180200,18.298400
1525940728,17.958100,18.056900
1525809657,18.180200,18.298300
1525809658,18.180200,18.298200
1525809660,18.180200,18.298100
1525809662,18.180200,18.298000
1525809664,18.180200,18.297800
1525940738,17.958200,18.056500
1525809667,18.180200,18.297700
1525940740,17.958300,18.056500
1525809669,18.180200,18.297600
1525853769,17.380200,17.403900
1525809671,18.180300,18.297500
1525809672,18.180300,18.297200
1525940746,17.958400,18.056100
1525809675,18.180300,18.297100
1525940750,17.958500,18.056100
1525809679,18.180400,18.297000
1525940752,17.958500,18.055900
1525940312,18.000400,18.106700
1525809682,18.180900,18.296400
1525970402,18.276200,18.297000
1525940756,17.958600,18.055900
1525809685,18.181000,18.296300
1525809687,18.181000,18.296200
1525940760,17.958600,18.119300
1525940761,17.958600,18.094500
1525940762,17.958700,18.094500
1525809691,18.181000,18.296100
1525940764,17.958700,18.119100
1525809693,18.181300,18.295900
1525940766,17.958700,18.118900
1525809695,18.181300,18.295800
1525809696,18.181400,18.295800
1525940769,17.958800,18.118600
1525809698,18.181400,18.295700
1525809699,18.181800,18.295700
1525940772,17.958900,18.118400
1525809701,18.181800,18.295300
1525809702,18.181900,18.295300
1525809703,18.181900,18.290000
1525809704,18.181900,18.289900
1525809706,18.182500,18.289900
1525809707,18.182600,18.289900
1525809708,18.182600,18.289300
1525940781,17.959200,18.117000
1525809711,18.182600,18.289200
1525809712,18.182600,18.289000
1525809713,18.182800,18.289000
1525809714,18.182900,18.289000
1525940787,17.958400,18.116700
1525809718,18.182900,18.288900
1525809720,18.182900,18.288800
1525809721,18.180500,18.288700
1525809722,18.180500,18.288600
1525940795,17.959400,18.116200
1525940796,17.959400,18.116100
1525809725,18.180500,18.288500
1525809727,18.180800,18.288200
1525809728,18.180900,18.288200
1525809729,18.180900,18.288100
1525940802,17.959500,18.115400
1525940803,17.959500,18.114900
1525809732,18.181000,18.287900
1525809733,18.181000,18.287800
1525809734,18.181000,18.276400
1525940807,17.959600,18.114700
1525809736,18.181000,18.276300
1525809737,18.181600,18.275800
1525940810,17.959500,18.114500
1525962167,18.488200,18.577900
1525809740,18.181700,18.275700
1525940322,18.000200,18.105500
1525809742,18.181700,18.275600
1525809743,18.181900,18.275600
1525809744,18.182000,18.275500
1525940817,17.959600,18.114100
1525940818,17.959600,18.114000
1525809747,18.182000,18.275400
1525940821,17.959600,18.113900
1525809750,18.182000,18.275300
1525809751,18.182300,18.275000
1525940824,17.959900,18.113500
1525809754,18.182400,18.274900
1525924736,17.851900,17.939700
1525809756,18.182500,18.274900
1525809757,18.182500,18.274800
1525809758,18.182900,18.274500
1525809759,18.183000,18.274500
1525809760,18.183000,18.274400
1525940835,17.960200,18.112500
1525809764,18.183000,18.274300
1525809765,18.183600,18.273700
1525809766,18.183700,18.273600
1525940839,17.960300,18.112300
1525809769,18.183700,18.273500
1525940842,17.959700,18.112200
1525940843,17.959800,18.112100
1525809772,18.183700,18.273400
1525940845,17.960500,18.111800
1525809775,18.182600,18.273300
1525809776,18.183800,18.273300
1525809778,18.182600,18.273200
1525809779,18.183900,18.273200
1525809780,18.183900,18.273100
1525940854,17.960600,18.111200
1525809783,18.180500,18.273100
1525809784,18.180600,18.273100
1525809785,18.180600,18.273000
1525809787,18.180700,18.273000
1525809788,18.180700,18.272900
1525809790,18.180700,18.272800
1525940863,17.960900,18.109900
1525809792,18.181300,18.272200
1525809793,18.181300,18.272100
1525940866,17.961000,18.109700
1525809795,18.181300,18.272000
1525809796,18.181300,18.272100
1525940869,17.961100,18.109400
1525809798,18.181300,18.271900
1525809800,18.180800,18.271800
1525809801,18.180800,18.271700
1525809803,18.181000,18.271600
1525940876,17.961400,18.109100
1525940877,17.961500,18.109100
1525809806,18.181000,18.271500
1525809808,18.181000,18.271300
1525940881,17.961800,18.108400
1525809810,18.181000,18.271200
1525940883,17.961800,18.108300
1525809812,18.181000,18.271100
1525809813,18.181000,18.270700
1525940887,17.961800,18.108000
1525940888,17.961800,18.107800
1525940889,17.961900,18.107800
1525809818,18.181000,18.270600
1525940335,18.000400,18.104400
1525809820,18.181000,18.270500
1525940893,17.962000,18.107800
1525809822,18.181000,18.270400
1525940895,17.962100,18.107800
1525809824,18.181000,18.270300
1525940898,17.962100,18.107400
1525809827,18.181000,18.270200
1525809828,18.181000,18.270100
1525809829,18.181000,18.270000
1525940902,17.961600,18.107200
1525809831,18.181000,18.269900
1525809834,18.181000,18.269700
1525940909,17.961600,18.106700
1525809839,18.181000,18.269500
1525809840,18.181000,18.269200
1525940913,17.961700,18.106100
1525940914,17.962200,18.106100
1525940339,18.000400,18.103600
1525940916,17.962200,18.106000
1525779578,17.881800,17.888100
1525809846,18.181000,18.269100
1525940919,17.962300,18.106000
1525940920,17.962300,18.105800
1525940921,17.962300,18.105700
1525809851,18.181000,18.268600
1525809853,18.181000,18.268400
1525940926,17.962300,18.105500
1525940927,17.962300,18.105400
1525809856,18.181000,18.268300
1525809857,18.181000,18.268200
1525940930,17.962400,18.105200
1525809859,18.181000,18.268100
1525809860,18.181000,18.268000
1525940933,17.962400,18.105000
1525809862,18.181000,18.267800
1525940935,17.962400,18.104900
1525940937,17.962500,18.104600
1525809867,18.181000,18.267700
1525940940,17.962600,18.104600
1525940941,17.962600,18.104500
1525940942,17.962600,18.103900
1525809872,18.181000,18.267200
1525809873,18.181000,18.267100
1525787427,17.880700,17.929700
1525940948,17.962800,18.103700
1525809877,18.181000,18.266500
1525809879,18.181000,18.266400
1525809881,18.181000,18.266300
1525809882,18.164700,18.266200
1525809883,18.164800,18.266100
1525940956,17.963100,18.103100
1525809885,18.164800,18.266000
1525809886,18.164800,18.265900
1525940961,17.963500,18.103000
1525809890,18.164800,18.265600
1525809891,18.165100,18.265600
1525809892,18.165200,18.265500
1525809894,18.165200,18.265400
1525809895,18.165200,18.265100
1525809896,18.165600,18.265100
1525940348,18.000200,18.103100
1525809899,18.165700,18.265100
1525809900,18.165700,18.265000
1525809901,18.165800,18.264800
1525809902,18.165900,18.264800
1525940975,17.964300,18.101700
1525940976,17.964400,18.101500
1525809907,18.166000,18.264800
1525809908,18.166100,18.264700
1525940350,18.000200,18.103000
1525809910,18.166200,18.264700
1525940984,17.964800,18.101100
1525940985,17.964800,18.101000
1525809914,18.166200,18.264600
1525940987,17.964800,18.100900
1525940988,17.965200,18.100600
1525940989,17.965300,18.100600
1525940990,17.965300,18.100500
1525962197,18.490000,18.576800
1525809920,18.166200,18.264800
1525809921,18.166200,18.264700
1525809922,18.166200,18.264600
1525940996,17.965900,18.099800
1525809925,18.166200,18.264500
1525809927,18.166200,18.264400
1525809928,18.166600,18.264400
1525809929,18.166600,18.264000
1525941002,17.966300,18.099500
1525941005,17.966300,18.099400
1525809935,18.166700,18.263800
1525809936,18.166900,18.263800
1525941009,17.966600,18.098900
1525941010,17.966700,18.098900
1525809939,18.167000,18.263800
1525941013,17.966700,18.098500
1525809942,18.167000,18.264200
1525941016,17.966800,18.098400
1525941017,17.966900,18.098400
1525941018,17.966900,18.098300
1525809947,18.167000,18.309300
1525809948,18.167000,18.309200
1525809949,18.167000,18.309100
1525809951,18.167100,18.309000
1525809952,18.167100,18.308800
1525941025,17.967600,18.097700
1525941027,17.967600,18.097600
1525809956,18.167200,18.308700
1525809958,18.167600,18.308600
1525809959,18.167700,18.308300
1525941033,17.967800,18.097400
1525941034,17.967800,18.097100
1525941035,17.968100,18.097100
1525809964,18.167700,18.308200
1525941037,17.968100,18.097000
1525809966,18.167700,18.307800
1525809967,18.168300,18.303600
1525941041,17.968500,18.096400
1525809970,18.168300,18.303400
1525809971,18.168400,18.303400
1525809972,18.168500,18.303400
1525809973,18.168600,18.303300
1525941046,17.968700,18.096400
1525941048,17.968700,18.096100
1525809977,18.168600,18.303200
1525809978,18.168900,18.302900
1525809980,18.169000,18.302700
1525940362,18.000400,18.102100
1525809982,18.180700,18.302700
1525809983,18.180800,18.302600
1525809984,18.180800,18.302500
1525941060,17.969800,18.095800
1525809989,18.194600,18.302500
1525941062,17.970000,18.095700
1525809991,18.194700,18.300000
1525809992,18.195000,18.300000
1525809993,18.195200,18.299900
1525941067,17.970100,18.095500
1525941068,17.970500,18.095500
1525941069,17.970600,18.095500
1525809999,18.195300,18.299600
1525941072,17.970700,18.095500
1525810001,18.195300,18.299500
1525810002,18.195300,18.299400
1525810004,18.195000,18.299100
1525810005,18.195100,18.299000
1525941078,17.971300,18.095300
1525941079,17.971400,18.095100
1525810008,18.195100,18.298900
1525941082,17.971500,18.095100
1525810011,18.195100,18.298500
1525810012,18.195500,18.298500
1525810014,18.195500,18.298400
1525810015,18.195600,18.298400
1525810016,18.195600,18.297800
1525810018,18.195300,18.297700
1525810020,18.195300,18.297600
1525810021,18.195300,18.297500
1525810022,18.195300,18.297300
1525810023,18.195500,18.297300
1525941096,17.972300,18.094500
1525810025,18.195600,18.297200
1525941099,17.972900,18.094400
1525810028,18.195600,18.297100
1525810029,18.195600,18.297000
1525810031,18.195600,18.296900
1525810032,18.195900,18.296900
1525941106,17.976200,18.094200
1525810035,18.195900,18.296800
1525810036,18.196100,18.296500
1525977181,17.650600,17.739400
1525941111,17.976500,18.094000
1525941113,17.976800,18.093900
1525810042,18.196100,18.296400
1525810044,18.196300,18.296400
1525810045,18.196400,18.296100
1525941118,17.976900,18.093800
1525941120,17.977000,18.093400
1525810051,18.196400,18.296300
1525810052,18.194700,18.296000
1525810053,18.194600,18.295900
1525810054,18.196500,18.295900
1525941127,17.977700,18.093000
1525810056,18.194800,18.295700
1525941130,17.977800,18.093000
1525810060,18.194900,18.295600
1525983498,17.553900,17.650000
1525810062,18.195800,18.295500
1525941135,17.978000,18.093400
1525941136,17.978100,18.093400
1525810066,18.195900,18.295400
1525810067,18.195900,18.295300
1525810068,18.196200,18.295100
1525941141,17.978400,18.093300
1525810073,18.196200,18.295000
1525941146,17.978500,18.093300
1525810075,18.196300,18.294900
1525810078,18.196300,18.294700
1525810081,18.196300,18.294600
1525810082,18.196400,18.294600
1525941155,17.979700,18.092900
1525810084,18.196400,18.294500
1525810086,18.196400,18.294400
1525810087,18.196400,18.294300
1525810089,18.196000,18.294200
1525810090,18.196000,18.294100
1525941164,17.980100,18.093300
1525810093,18.196000,18.294000
1525941166,17.980400,18.093300
1525810095,18.195800,18.294000
1525810096,18.195800,18.293700
1525810097,18.196100,18.293700
1525941172,17.980500,18.093000
1525810101,18.196100,18.293600
1525810102,18.196100,18.293500
1525810103,18.196100,18.293200
1525810104,18.167300,18.293100
1525962228,18.452800,18.575300
1525810106,18.167300,18.293000
1525941179,17.984600,18.092800
1525810108,18.167300,18.292400
1525810110,18.167300,18.292300
1525810112,18.167300,18.292200
1525810113,18.167300,18.292100
1525941186,17.984700,18.093300
1525941187,17.984800,18.093300
1525810116,18.167300,18.291900
1525941190,17.984800,18.093200
1525941191,17.984900,18.093200
1525810120,18.167300,18.291700
1525941193,17.984900,18.093100
1525810123,18.167300,18.291500
1525941196,17.985200,18.099600
1525940386,18.000400,18.100300
1525941198,17.985300,18.099600
1525810128,18.167300,18.291400
1525810130,18.167300,18.291300
1525810132,18.167300,18.291200
1525941206,17.986400,18.099300
1525810135,18.167300,18.290900
1525810138,18.167300,18.290500
1525941211,17.986500,18.099300
1525810140,18.175600,18.290500
1525810142,18.175700,18.290400
1525941215,17.986500,18.099700
1525810145,18.175700,18.290300
1525810146,18.175700,18.290200
1525810147,18.175700,18.290100
1525810149,18.176000,18.289800
1525810152,18.176100,18.289800
1525810153,18.176100,18.289700
1525810154,18.176100,18.289600
1525810155,18.176500,18.289600
1525810156,18.176600,18.289100
1525810160,18.176600,18.289000
1525940392,18.000400,18.099500
1525810162,18.176600,18.288900
1525810163,18.176600,18.288800
1525810165,18.176700,18.288800
1525810166,18.176700,18.288200
1525810167,18.167400,18.288100
1525810168,18.167300,18.288100
1525810169,18.176800,18.288100
1525810170,18.176800,18.288000
1525810172,18.177000,18.288000
1525810173,18.177000,18.287800
1525810174,18.177100,18.287800
1525941247,17.988800,18.099700
1525941248,17.989100,18.099900
1525810177,18.177100,18.287700
1525941250,17.989200,18.099600
1525941251,17.989200,18.099600
1525810181,18.177100,18.287600
1525810183,18.167400,18.287500
1525810184,18.177400,18.287500
1525810185,18.177400,18.287300
1525810186,18.177400,18.287200
1525941259,17.989700,18.099500
1525810189,18.177600,18.287100
1525810190,18.177600,18.286800
1525810191,18.177700,18.286800
1525810192,18.177700,18.286700
1525941266,17.990600,18.100000
1525810196,18.177700,18.286100
1525810197,18.178400,18.286100
1525941270,17.990700,18.100000
1525810199,18.178400,18.286000
1525941272,17.990800,18.100000
1525810201,18.178400,18.285900
1525810203,18.178600,18.285700
1525941276,17.991100,18.100000
1525984090,17.552000,17.610000
1525810207,18.178700,18.285700
1525810208,18.178700,18.285600
1525810209,18.178700,18.285500
1525941283,17.991500,18.100000
1525810212,18.170900,18.285400
1525810213,18.170900,18.285300
1525810215,18.178800,18.285200
1525810216,18.178800,18.285100
1525941289,17.992200,18.100000
1525810219,18.171300,18.285000
1525941292,17.992300,18.100000
1525810222,18.171700,18.284600
1525941295,17.992500,18.100000
1525810224,18.171800,18.284500
1525941297,17.992500,18.121000
1525810228,18.172400,18.283900
1525941301,17.992600,18.120900
1525941303,17.992900,18.120600
1525810233,18.172500,18.283800
1525941306,17.993000,18.120600
1525810235,18.172500,18.283700
1525810237,18.172500,18.283600
1525941311,17.993500,18.120100
1525810240,18.167300,18.283500
1525810241,18.167400,18.283500
1525810242,18.172600,18.283300
1525941315,17.994100,18.119800
1525810244,18.167700,18.283100
1525941317,17.993600,18.119800
1525810247,18.167700,18.283000
1525941321,17.993600,18.119800
1525941322,17.993800,18.119800
1525941323,17.993800,18.120200
1525810252,18.168200,18.282800
1525810253,18.168200,18.282600
1525941326,18.011100,18.120200
1525810255,18.168200,18.282500
1525941329,18.011200,18.120400
1525810258,18.168800,18.281900
1525941331,18.011400,18.120400
1525941332,18.011500,18.120100
1525810261,18.168900,18.281800
1525810263,18.168900,18.281700
1525810265,18.169100,18.281500
1525941338,18.011700,18.120100
1525941339,18.011700,18.145100
1525810268,18.169200,18.281400
1525941341,18.011700,18.145100
1525810270,18.169200,18.281300
1525941343,18.011700,18.145000
1525941344,18.012200,18.145000
1525810273,18.169500,18.281200
1525810274,18.169500,18.281000
1525941347,18.012200,18.144400
1525810276,18.169500,18.280900
1525810277,18.169600,18.280900
1525941351,18.012200,18.144200
1525810280,18.170000,18.280500
1525810281,18.170100,18.280400
1525941355,18.012000,18.144000
1525810284,18.170100,18.280200
1525810285,18.170100,18.279700
1525810286,18.170700,18.279700
1525941359,18.012200,18.143700
1525810288,18.170700,18.279600
1525810289,18.170800,18.279600
1525941363,18.012300,18.143600
1525810292,18.170800,18.279500
1525810293,18.171000,18.279400
1525941366,18.012500,18.143500
1525810296,18.171100,18.279300
1525810298,18.171100,18.279200
1525810299,18.171400,18.279100
1525941373,18.012800,18.142900
1525810302,18.171400,18.279000
1525941375,18.012900,18.142900
1525941376,18.012700,18.142900
1525810305,18.171500,18.278900
1525810307,18.171900,18.278500
1525810308,18.172000,18.278500
1525810309,18.172000,18.278300
1525940417,18.000000,18.069700
1525941384,18.013000,18.142200
1525810313,18.172000,18.278200
1525810314,18.172600,18.277600
1525941388,18.013300,18.142200
1525810317,18.172700,18.277500
1525810318,18.172700,18.277400
1525810320,18.172900,18.277200
1525941395,18.030900,18.141900
1525810324,18.173000,18.277200
1525787502,17.880700,17.923400
1525810326,18.173000,18.277100
1525810327,18.173100,18.277100
1525810328,18.173200,18.277000
1525941401,18.031000,18.141200
1525941402,18.031200,18.141200
1525810331,18.173500,18.276700
1525810333,18.173600,18.276700
1525810334,18.173600,18.276500
1525941407,18.031300,18.140900
1525810336,18.173700,18.276500
1525941409,18.031500,18.140900
1525941410,18.031500,18.140500
1525810339,18.173700,18.276400
1525810340,18.174400,18.275800
1525941413,18.031500,18.140300
1525941415,18.031500,18.140200
1525810344,18.174400,18.275700
1525810347,18.174400,18.275500
1525810349,18.174600,18.275500
1525810350,18.174600,18.275400
1525810352,18.174700,18.275300
1525941427,18.032000,18.139000
1525810356,18.175000,18.275000
1525941430,18.032000,18.138700
1525810359,18.175100,18.274900
1525810361,18.175100,18.274800
1525941434,18.031600,18.138500
1525810363,18.175500,18.274400
1525941438,18.031400,18.138600
1525810367,18.175600,18.274300
1525810369,18.176200,18.273700
1525941442,18.031800,18.138600
1525941443,18.032000,18.138600
1525810372,18.176300,18.273600
1525810374,18.176300,18.273500
1525810375,18.176300,18.273400
1525941449,18.032200,18.138600
1525810378,18.176500,18.273400
1525810379,18.176500,18.273300
1525941453,18.032200,18.162700
1525810382,18.176500,18.273200
1525941456,18.032200,18.138300
1525810385,18.176600,18.272900
1525941458,18.036500,18.162000
1525810387,18.170500,18.272800
1525810388,18.170400,18.272800
1525810389,18.176700,18.272700
1525810390,18.170400,18.272700
1525810391,18.177100,18.272300
1525941464,18.036700,18.161800
1525810395,18.177100,18.272200
1525941468,18.036700,18.161700
1525941469,18.036600,18.161700
1525941470,18.036600,18.161600
1525810399,18.170100,18.272100
1525810401,18.170200,18.272100
1525810402,18.170200,18.272000
1525941475,18.036900,18.161200
1525810405,18.170700,18.271500
1525941478,18.036900,18.161100
1525941479,18.036900,18.160700
1525810408,18.170700,18.271400
1525810409,18.170800,18.271300
1525941482,18.036900,18.160500
1525765671,18.306300,18.350000
1525941485,18.036900,18.160400
1525810414,18.171100,18.271200
1525810415,18.171200,18.271000
1525941488,18.037100,18.159800
1525941490,18.037100,18.159700
1525810419,18.171600,18.270900
1525810421,18.171700,18.270800
1525941495,18.020400,18.159500
1525810424,18.171700,18.270600
1525810425,18.172300,18.270000
1525941500,18.020400,18.159100
1525810429,18.172400,18.269900
1525810430,18.172400,18.269800
1525810432,18.172400,18.269700
1525941505,18.020400,18.159000
1525941506,18.020400,18.158900
1525810435,18.172000,18.269600
1525941509,18.020400,18.158400
1525810438,18.172500,18.269600
1525810439,18.172500,18.269500
1525810440,18.172500,18.269300
1525810442,18.172500,18.265000
1525941515,18.032000,18.157700
1525810444,18.172400,18.264900
1525810445,18.172400,18.264800
1525810446,18.172800,18.264500
1525941520,18.032100,18.157500
1525971637,18.300000,18.310300
1525810450,18.172900,18.264500
1525941523,18.032100,18.157400
1525810452,18.173500,18.264100
1525941525,18.032100,18.157300
1525941526,18.032100,18.157100
1525810457,18.173600,18.264000
1525810458,18.173800,18.263900
1525810459,18.173900,18.263800
1525810461,18.173900,18.263700
1525810463,18.173900,18.263600
1525810466,18.173900,18.263500
1525941539,18.032700,18.156200
1525941540,18.032700,18.155600
1525810470,18.174000,18.263400
1525941543,18.032700,18.155500
1525810472,18.174100,18.263400
1525810473,18.174100,18.263300
1525941546,18.032700,18.155400
1525941547,18.032300,18.155400
1525810477,18.174100,18.263200
1525810479,18.174100,18.263100
1525810481,18.174100,18.263000
1525810483,18.174100,18.262900
1525941557,18.032000,18.154800
1525941558,18.032000,18.154700
1525810487,18.174100,18.262800
1525941560,18.032000,18.154200
1525941562,18.032000,18.154100
1525941563,18.032000,18.153900
1525810492,18.174100,18.262700
1525941565,18.032000,18.153800
1525810494,18.174100,18.262600
1525810495,18.174200,18.262600
1525810497,18.174200,18.262500
1525810498,18.170200,18.262500
1525941571,18.032000,18.153300
1525810500,18.170200,18.262400
1525810501,18.170500,18.262400
1525810502,18.170500,18.262100
1525940449,18.000000,18.068900
1525810504,18.170600,18.262100
1525810506,18.170600,18.262000
1525810508,18.171000,18.261800
1525810509,18.171100,18.261800
1525810510,18.171100,18.261700
1525810512,18.171100,18.261600
1525941586,18.032000,18.152300
1525940451,18.000000,18.068800
1525810516,18.171100,18.261500
1525810518,18.170100,18.261400
1525810519,18.171200,18.261300
1525941592,18.032000,18.151800
1525810521,18.170300,18.261200
1525810524,18.170400,18.261200
1525810525,18.170400,18.261100
1525941599,18.032000,18.151700
1525810528,18.170400,18.261000
1525941601,18.032000,18.151600
1525810530,18.170100,18.260900
1525810531,18.170500,18.260900
1525810532,18.170500,18.260800
1525941607,18.032000,18.151300
1525810537,18.170100,18.260800
1525941612,18.032000,18.151200
1525941616,18.032000,18.151100
1525810546,18.170100,18.260700
1525941619,18.032000,18.150500
1525810548,18.170100,18.260500
1525810549,18.170600,18.260500
1525810550,18.170700,18.260500
1525810552,18.170700,18.260400
1525984148,17.558000,17.699000
1525810554,18.170700,18.260300
1525941627,18.032000,18.150300
1525941631,18.032000,18.150200
1525941632,18.032000,18.150000
1525941638,18.032000,18.149700
1525810567,18.170700,18.260200
1525810569,18.170700,18.260100
1525941642,18.032000,18.149600
1525810571,18.170000,18.260100
1525941644,18.032000,18.149500
1525810573,18.170800,18.260100
1525810574,18.170800,18.259900
1525810575,18.170000,18.259900
1525810576,18.170900,18.259900
1525984152,17.542100,17.698600
1525810578,18.170100,18.259900
1525941651,18.032000,18.148700
1525941653,18.032000,18.148600
1525810583,18.170100,18.260100
1525810585,18.170100,18.302900
1525941658,18.032000,18.148200
1525810587,18.170100,18.260000
1525810588,18.170500,18.260000
1525810589,18.170500,18.259900
1525810590,18.170600,18.259900
1525941663,18.032000,18.148000
1525941664,18.032000,18.147600
1525787547,17.880700,17.929700
1525941668,18.032000,18.147500
1525941670,18.032000,18.146900
1525810599,18.170100,18.259800
1525941673,18.032000,18.146800
1525941674,18.032000,18.146700
1525941677,18.032000,18.146600
1525941678,18.032000,18.146400
1525810607,18.170100,18.259600
1525810609,18.170100,18.259500
1525941682,18.032000,18.146200
1525941684,18.032000,18.145900
1525984158,17.539300,17.698300
1525941687,18.032100,18.145800
1525941690,18.032100,18.145700
1525941691,18.032500,18.145400
1525810621,18.170100,18.259400
1525941694,18.032500,18.145200
1525810624,18.170100,18.259300
1525941697,18.032700,18.145000
1525941698,18.032700,18.144600
1525810629,18.170100,18.259200
1525941702,18.032700,18.144300
1525810631,18.170100,18.259100
1525941704,18.032700,18.144200
1525941705,18.032000,18.144200
1525810634,18.170100,18.259000
1525810635,18.170100,18.258900
1525941710,18.032000,18.144000
1525810639,18.170100,18.258800
1525941712,18.032000,18.143800
1525941714,18.032000,18.143700
1525810643,18.170100,18.258500
1525941717,18.032000,18.143500
1525941719,18.032000,18.143100
1525810649,18.170100,18.258400
1525810651,18.170000,18.258400
1525810652,18.170000,18.258300
1525810656,18.170000,18.257700
1525810657,18.170000,18.257600
1525941730,18.032000,18.142100
1525940475,18.000000,18.068100
1525941732,18.032000,18.142000
1525810662,18.170000,18.257400
1525941735,18.032000,18.141800
1525810664,18.170000,18.257300
1525940476,18.000000,18.068000
1525810667,18.170000,18.257200
1525810669,18.170000,18.256900
1525810670,18.170000,18.256800
1525941744,18.032000,18.141000
1525810674,18.170000,18.256600
1525810675,18.170000,18.256300
1525941749,18.032000,18.140800
1525941750,18.032000,18.140500
1525810679,18.170000,18.256200
1525941752,18.032000,18.140400
1525765716,18.307800,18.350000
1525810682,18.170000,18.255900
1525810683,18.170000,18.255800
1525810685,18.170000,18.255800
1525810686,18.170000,18.255700
1525941759,18.032000,18.139900
1525810688,18.170000,18.255600
1525940480,18.000000,18.067800
1525810690,18.170000,18.255500
1525941763,18.032000,18.139500
1525941764,18.032000,18.139400
1525810693,18.170000,18.255400
1525810694,18.170000,18.255300
1525941768,18.032000,18.139000
1525984172,17.564700,17.697800
1525810699,18.170000,18.255200
1525810700,18.170000,18.255100
1525941775,18.032000,18.138300
1525941776,18.032000,18.138200
1525941778,18.032000,18.138100
1525940483,18.000000,18.067700
1525810708,18.170000,18.254700
1525984174,17.564800,17.697700
1525941782,18.032000,18.137900
1525810713,18.170000,18.254500
1525941788,18.032000,18.137700
1525810717,18.170000,18.254400
1525941791,18.032000,18.137600
1525941792,18.032000,18.137500
1525810721,18.170000,18.254200
1525941795,18.032000,18.137300
1525941800,18.032000,18.137100
1525941802,18.032000,18.137000
1525941804,18.032000,18.136900
1525941805,18.032000,18.136800
1525941806,18.032000,18.136300
1525810735,18.170000,18.254100
1525941809,18.032000,18.136200
1525810738,18.170000,18.253800
1525984179,17.565100,17.697500
1525941813,18.032000,18.136200
1525810742,18.170000,18.253700
1525810743,18.170000,18.253600
1525918644,17.601100,17.675000
1525941818,18.032000,18.135900
1525941819,18.032000,18.136000
1525941820,18.032000,18.135800
1525941821,18.032000,18.135700
1525810752,18.170000,18.253500
1525810753,18.170000,18.253300
1525810756,18.170000,18.239000
1525941829,18.032000,18.135300
1525941831,18.032000,18.135200
1525810760,18.170000,18.238900
1525940492,18.000000,18.067400
1525941841,18.032000,18.099800
1525810773,18.170000,18.238600
1525941846,18.032000,18.099700
1525984185,17.565300,17.697100
1525941851,18.032000,18.099600
1525810780,18.170000,18.238500
1525941853,18.032000,18.099500
1525941855,18.032000,18.099400
1525810784,18.170000,18.238300
1525941857,18.032000,18.099300
1525941858,18.032000,18.099200
1525941859,18.032000,18.098800
1525941862,18.016000,18.032000
1525940497,18.000000,18.067200
1525810793,18.170000,18.238400
1525941867,18.006900,18.098300
1525810796,18.170000,18.238300
1525810797,18.170000,18.238200
1525810800,18.170000,18.237900
1525896808,17.540500,17.636900
1525941874,18.006900,18.099900
1525941875,18.006900,18.098200
1525941879,18.006900,18.097900
1525810808,18.170000,18.237800
1525810809,18.170000,18.237700
1525810811,18.170000,18.237400
1525810813,18.170000,18.237100
1525941886,18.032000,18.050000
1525984192,17.565900,17.696600
1525810822,18.170000,18.237300
1525984193,17.566400,17.696100
1525810831,18.170000,18.237200
1525810832,18.170000,18.237100
1525810834,18.170000,18.236800
1525984195,17.566500,17.696000
1525896814,17.541100,17.636100
1525941911,18.032000,18.099900
1525810840,18.170000,18.236500
1525810841,18.170000,18.236400
1525941914,18.032000,18.100000
1525941915,18.032000,18.099200
1525941916,18.032000,18.099100
1525941920,18.032000,18.098900
1525941922,18.032000,18.098800
1525810851,18.170000,18.236300
1525810853,18.170000,18.236200
1525810858,18.170000,18.235900
1525941932,18.032000,18.098400
1525810861,18.170000,18.235800
1525941934,18.032000,18.098100
1525810863,18.170000,18.235700
1525941937,18.032000,18.097900
1525941938,18.032000,18.097800
1525941940,18.032000,18.097600
1525941942,18.032000,18.097500
1525941943,18.032000,18.097400
1525941946,18.032000,18.097300
1525810876,18.170000,18.235100
1525984202,17.566900,17.695700
1525941950,18.032000,18.097000
1525941951,18.032000,18.096900
1525810881,18.170000,18.235000
1525810882,18.170000,18.234900
1525941955,18.032000,18.096700
1525941958,18.032000,18.096600
1525941959,18.032000,18.096500
1525941960,18.032000,18.096400
1525941961,18.032000,18.096500
1525810890,18.170000,18.234600
1525810891,18.170000,18.234500
1525941964,18.032000,18.096400
1525810894,18.170000,18.234400
1525941967,18.032000,18.096300
1525810896,18.170000,18.234100
1525810898,18.170000,18.234000
1525940515,18.000000,18.066600
1525941973,18.032000,18.096100
1525941975,18.032000,18.096000
1525940516,18.000000,18.066500
1525941979,18.032000,18.095900
1525810909,18.170000,18.233500
1525941982,18.032000,18.095800
1525941984,18.032000,18.095600
1525941986,18.032000,18.095500
1525941989,18.032000,18.095400
1525810918,18.170000,18.233400
1525810920,18.170000,18.233300
1525941993,18.032000,18.095000
1525810923,18.170000,18.232900
1525941996,18.032000,18.094900
1525941997,18.032000,18.094800
1525941998,18.032000,18.094600
1525810927,18.170000,18.232800
1525942000,18.032000,18.094500
1525942002,18.032000,18.094400
1525810931,18.170000,18.232700
1525942004,18.032000,18.093900
1525810934,18.170000,18.232100
1525942009,18.032000,18.093700
1525942010,18.032000,18.093600
1525942013,18.032000,18.093500
1525810943,18.170000,18.232500
1525942018,18.032000,18.093100
1525810948,18.170000,18.232400
1525810950,18.170000,18.232300
1525810952,18.170000,18.232200
1525810954,18.170000,18.231800
1525810960,18.170000,18.231400
1525942034,18.032000,18.117200
1525942035,18.032000,18.092400
1525942036,18.032000,18.092300
1525810969,18.170000,18.231800
1525810970,18.170000,18.231700
1525942043,18.032000,18.091900
1525810973,18.170000,18.231600
1525810974,18.170000,18.231400
1525942047,18.032000,18.091800
1525942050,18.032000,18.091400
1525810980,18.170000,18.231200
1525942054,18.032000,18.091300
1525810985,18.170000,18.231100
1525810986,18.170000,18.231000
1525940530,18.000000,18.066100
1525942065,18.032000,18.116500
1525810994,18.170000,18.230800
1525942072,18.032000,18.116300
1525940532,18.000000,18.066000
1525811002,18.170000,18.230700
1525942076,18.032000,18.116000
1525811007,18.170000,18.230600
1525811009,18.170000,18.230500
1525942082,18.032000,18.115900
1525811013,18.170000,18.229900
1525942086,18.032000,18.115800
1525942088,18.032000,18.115200
1525942092,17.994300,18.000000
1525811023,18.170000,18.230300
1525811027,18.170000,18.230200
1525811029,18.170000,18.230100
1525811034,18.170000,18.229700
1525811035,18.170000,18.229600
1525811038,18.170000,18.229500
1525811040,18.170000,18.228900
1525811041,18.170000,18.228800
1525942116,18.011000,18.113300
1525942117,18.011000,18.113200
1525942119,18.011000,18.113100
1525942120,18.011200,18.113100
1525942121,18.011200,18.113000
1525942123,18.011200,18.112900
1525942126,18.011200,18.112800
1525942128,18.011300,18.112500
1525984232,17.576600,17.693300
1525942130,18.011300,18.112400
1525942133,18.011300,18.112300
1525942134,18.011400,18.112000
1525811064,18.170000,18.258300
1525811065,18.170000,18.258200
1525811066,18.170000,18.257900
1525942139,18.011400,18.111800
1525942140,18.011400,18.111200
1525942142,17.981800,18.111200
1525942144,17.981800,18.111100
1525942145,17.981800,18.110900
1525942146,17.981800,18.110800
1525942147,17.981800,18.110800
1525942148,17.981800,18.110900
1525811077,18.170000,18.236000
1525811079,18.170000,18.235900
1525942154,17.981800,18.110400
1525811084,18.170000,18.235800
1525811085,18.170000,18.235700
1525811086,18.170000,18.235600
1525984237,17.576900,17.693200
1525811088,18.170000,18.235500
1525811089,18.170000,18.235400
1525942162,17.981800,18.109700
1525811091,18.170000,18.235300
1525942164,17.981800,18.109600
1525811093,18.170000,18.235200
1525942167,17.981800,18.109000
1525811096,18.170000,18.235100
1525942169,17.981800,18.108900
1525811098,18.170000,18.235000
1525811100,18.170000,18.234900
1525942174,17.981800,18.108800
1525811103,18.170000,18.234800
1525942177,17.981800,18.108700
1525811106,18.170000,18.234700
1525811108,18.170000,18.234600
1525811109,18.170000,18.234500
1525971659,18.270100,18.309900
1525811112,18.170000,18.234400
1525942187,17.981800,18.108200
1525942189,17.981800,18.107800
1525811118,18.170000,18.234200
1525811119,18.170000,18.234100
1525942192,17.981800,18.107700
1525942193,17.981800,18.107600
1525942195,17.981800,18.107000
1525811125,18.170000,18.233900
1525942198,17.981800,18.106900
1525811129,18.170000,18.233800
1525811131,18.170000,18.233700
1525942204,17.981800,18.106700
1525811133,18.170000,18.233600
1525942206,17.981800,18.106600
1525942207,17.981800,18.106800
1525811137,18.170000,18.233500
1525811138,18.167400,18.169900
1525942211,17.981800,18.106400
1525811140,18.167400,18.169800
1525940556,18.000000,18.065100
1525811147,18.167400,18.190600
1525942221,17.981800,18.105800
1525811150,18.167400,18.253100
1525811151,18.167400,18.232000
1525942224,17.981800,18.105600
1525942225,17.981800,18.105700
1525811154,18.167400,18.231900
1525942227,17.981800,18.105500
1525942231,17.981800,18.105400
1525942232,17.981800,18.105300
1525811161,18.167400,18.231700
1525942234,17.981800,18.105000
1525942235,17.981800,18.104900
1525811164,18.167400,18.231500
1525984250,17.577700,17.692300
1525811166,18.167400,18.231400
1525811167,18.167400,18.231300
1525942240,17.981800,18.104300
1525811169,18.167400,18.231200
1525811171,18.167400,18.231100
1525942244,17.981800,18.104200
1525811173,18.167400,18.231000
1525942246,17.981800,18.103600
1525811175,18.167400,18.230900
1525942248,17.981800,18.103500
1525942249,17.981800,18.103400
1525811178,18.167400,18.230800
1525811180,18.167400,18.230700
1525940562,18.000000,18.065000
1525811182,18.167400,18.230600
1525942256,17.981800,18.103100
1525811185,18.167400,18.230400
1525942259,17.981800,18.103000
1525811189,18.110200,18.230200
1525811191,18.110200,18.230100
1525811192,18.110200,18.230000
1525942265,17.981800,18.102600
1525811194,18.110200,18.229900
1525811195,18.110200,18.229400
1525811197,18.110200,18.229300
1525942270,17.981800,18.102500
1525942271,17.981800,18.102200
1525811200,18.110200,18.229200
1525811202,18.110200,18.229000
1525942276,17.981800,18.101800
1525942278,17.981800,18.101700
1525811208,18.110200,18.228700
1525811209,18.110200,18.228600
1525811212,18.110200,18.228500
1525942285,17.981800,18.101300
1525942286,17.981800,18.101200
1525811216,18.170100,18.228400
1525811217,18.110200,18.163000
1525942290,17.981800,18.100600
1525811220,18.110200,18.162000
1525811221,18.110200,18.163000
1525811222,18.110200,18.161900
1525811223,18.110200,18.163000
1525811224,18.110200,18.252400
1525811225,18.110200,18.183600
1525942302,17.981800,18.099700
1525942303,17.981800,18.099600
1525942306,17.981800,18.099400
1525942308,17.981800,18.099300
1525919289,17.712100,17.774000
1525942310,17.981800,18.099000
1525811240,18.110200,18.221700
1525811241,18.110200,18.183500
1525811243,18.110500,18.183400
1525942317,17.981800,18.098700
1525811246,18.110200,18.183400
1525942322,17.981800,18.098600
1525962419,18.400000,18.485000
1525942325,17.981800,18.098100
1525942327,17.981800,18.098000
1525942329,17.981800,18.097900
1525940575,17.967400,17.999900
1525811261,18.110200,18.221500
1525811263,18.110200,18.183300
1525962422,18.400000,18.484700
1525811270,18.110300,18.183300
1525942346,17.981800,18.097200
1525811280,18.110300,18.239800
1525942353,17.981800,18.119400
1525811282,18.110300,18.239700
1525940579,17.999900,18.064500
1525811285,18.110300,18.239600
1525942358,17.981800,18.097000
1525811287,18.110500,18.239400
1525940580,17.999900,18.064400
1525811291,18.110500,18.239300
1525811294,18.110600,18.239100
1525942367,17.986000,18.097000
1525942368,17.986400,18.118300
1525811297,18.110600,18.238900
1525811299,18.110600,18.238400
1525811301,18.110600,18.238300
1525942374,17.986400,18.118100
1525811303,18.100400,18.238200
1525811305,18.100400,18.238100
1525811306,18.100600,18.237500
1525811307,18.100600,18.237400
1525942380,17.986700,18.117400
1525811309,18.100600,18.231900
1525811311,18.100600,18.231800
1525942384,17.986800,18.117200
1525811313,18.100600,18.231600
1525811314,18.100600,18.231500
1525811315,18.100200,18.231500
1525811316,18.100200,18.231400
1525942389,17.986800,18.116900
1525811318,18.100200,18.231300
1525811319,18.100200,18.231000
1525811320,18.100300,18.231000
1525942393,17.986800,18.116800
1525811322,18.100300,18.230900
1525942395,17.986800,18.116700
1525811324,18.100300,18.230800
1525942397,17.987000,18.116400
1525811327,18.100300,18.230700
1525811328,18.100100,18.230700
1525942401,17.987000,18.116200
1525942402,17.987700,18.115700
1525811331,18.100500,18.230400
1525942404,17.987800,18.115700
1525811333,18.100500,18.230000
1525811334,18.100700,18.230000
1525962433,18.400000,18.484900
1525811336,18.100700,18.229900
1525942409,17.987800,18.116000
1525811338,18.100700,18.229800
1525811340,18.100700,18.229600
1525962434,18.400000,18.484400
1525811342,18.100300,18.229600
1525811343,18.100300,18.229500
1525942416,17.987900,18.115700
1525811345,18.100300,18.229400
1525811346,18.100400,18.229300
1525811347,18.100400,18.229000
1525942420,17.987900,18.115600
1525942421,17.988200,18.115400
1525942422,17.988200,18.115300
1525811351,18.100400,18.228900
1525811352,18.100500,18.228900
1525811353,18.100500,18.228500
1525811355,18.100500,18.228400
1525942429,17.988300,18.114700
1525811358,18.100500,18.228300
1525811359,18.100700,18.228200
1525811360,18.100700,18.227800
1525942433,17.988500,18.114300
1525942434,17.988500,18.114000
1525775264,18.170700,18.294000
1525811364,18.100800,18.227800
1525811365,18.100800,18.227700
1525942438,17.988500,18.113700
1525811367,18.100800,18.227600
1525811369,18.100800,18.227400
1525942442,17.988600,18.113600
1525811372,18.100800,18.220000
1525811374,18.100800,18.219700
1525942447,17.988600,18.113300
1525942448,17.988600,18.113200
1525962440,18.400000,18.484100
1525811379,18.100800,18.219500
1525811380,18.100800,18.219200
1525811382,18.100800,18.219100
1525942455,17.988600,18.112600
1525811384,18.100800,18.219000
1525940596,17.956700,18.063900
1525811386,18.100800,18.218500
1525942459,17.988600,18.112400
1525811388,18.100800,18.218400
1525942461,17.988600,18.111900
1525942462,17.988600,18.111800
1525811391,18.100800,18.218300
1525811392,18.100800,18.218200
1525811393,18.100800,18.218000
1525942466,17.988600,18.111500
1525931133,17.919000,18.032500
1525942468,17.988600,18.111400
1525942471,18.000000,18.111400
1525811400,18.100800,18.217700
1525811402,18.100800,18.217400
1525811403,18.100400,18.217400
1525811404,18.100400,18.217300
1525942477,18.000300,18.111000
1525811407,18.100400,18.217200
1525942480,18.000400,18.111000
1525942481,18.000400,18.110600
1525811410,18.100500,18.216800
1525942484,18.000400,18.110400
1525811413,18.100700,18.216400
1525942486,18.000700,18.110400
1525942487,18.000700,18.109800
1525942489,18.000700,18.109700
1525811418,18.100700,18.216300
1525811419,18.100700,18.216200
1525811420,18.100700,18.216100
1525940602,17.956900,18.063700
1525811422,18.100200,18.216100
1525942495,18.000300,18.109300
1525942498,18.000300,18.109200
1525811427,18.100200,18.149900
1525811429,18.100000,18.149900
1525942504,18.000400,18.108600
1525811433,18.100000,18.150000
1525942506,18.000500,18.108600
1525942507,18.000500,18.108300
1525811437,18.100000,18.149800
1525811438,18.100000,18.150000
1525811440,18.100000,18.149900
1525942515,18.000700,18.107500
1525942517,18.000700,18.107400
1525811446,18.100200,18.130000
1525942519,18.000700,18.107200
1525942522,18.000300,18.107100
1525942525,18.000300,18.107000
1525942526,18.000500,18.106700
1525811455,18.100000,18.130000
1525942528,18.000500,18.106600
1525984299,17.585300,17.691300
1525942532,18.000700,18.106200
1525811461,18.100100,18.130000
1525942535,18.000700,18.106100
1525942537,18.000700,18.106000
1525942539,18.000700,18.105900
1525942541,18.000300,18.105900
1525926769,18.010000,18.089500
1525942543,18.000900,18.105800
1525942544,18.000900,18.105300
1525942545,18.000900,18.105200
1525942547,18.000900,18.105100
1525942548,18.000900,18.105200
1525942549,18.000900,18.105000
1525942552,18.000900,18.104900
1525942553,18.000500,18.104900
1525775268,18.171000,18.294400
1525942556,18.000500,18.104800
1525942557,18.000600,18.104500
1525942558,18.000600,18.104400
1525811487,18.100000,18.130000
1525942560,18.000600,18.104300
1525942561,18.000600,18.104200
1525942562,18.000700,18.104200
1525942563,18.000700,18.104000
1525942566,18.000700,18.103900
1525942569,18.000700,18.103800
1525942570,18.000900,18.103300
1525809543,18.210300,18.317800
1525942574,18.000900,18.103200
1525942576,18.000900,18.103000
1525942579,18.000200,18.102900
1525942583,18.000300,18.102900
1525942584,18.000300,18.102600
1525942586,18.000300,18.102500
1525942588,18.000300,18.102400
1525809546,18.210400,18.317800
1525942590,18.000400,18.102200
1525942592,18.000400,18.102100
1525811522,18.100000,18.129900
1525942596,18.000700,18.101500
1525942598,18.000700,18.101400
1525940620,17.956700,18.064000
1525942602,18.000700,18.101100
1525811532,18.100000,18.130000
1525942605,18.000300,18.101000
1525942606,18.000300,18.100900
1525811536,18.063300,18.129900
1525984312,17.585900,17.701600
1525942610,18.000400,18.100500
1525942611,18.000400,18.100400
1525942612,18.000400,18.100300
1525811541,18.063300,18.135400
1525942614,18.000400,18.100200
1525811543,18.063300,18.135300
1525942616,18.000400,18.099800
1525811546,18.063300,18.135400
1525942620,18.000400,18.099700
1525811549,18.063300,18.100000
1525811550,18.063400,18.100000
1525811551,18.063300,18.100000
1525942624,18.000600,18.098800
1525811554,18.063100,18.100000
1525942627,18.000600,18.098400
1525942628,18.000600,18.098300
1525942630,18.000600,18.098200
1525942631,18.000000,18.098100
1525942633,18.000000,18.098000
1525942634,18.000200,18.097900
1525942637,18.000200,18.097800
1525942640,18.000200,18.097700
1525942642,18.000300,18.097700
1525942643,18.000300,18.097400
1525942647,18.000400,18.097300
1525942648,18.000400,18.096900
1525940628,17.956700,18.063200
1525942650,18.000400,18.096700
1525942653,18.000600,18.096100
1525940629,17.956800,18.063100
1525811584,18.053100,18.100000
1525811586,18.053100,18.099900
1525942662,18.000200,18.096200
1525942663,18.000200,18.096100
1525942666,18.000200,18.096000
1525811595,18.053100,18.100000
1525942668,18.000000,18.095900
1525940632,17.956800,18.062900
1525942675,18.000000,18.095700
1525942677,18.000300,18.095400
1525942680,18.000300,18.095300
1525831407,17.754100,17.869500
1525942684,18.000400,18.094900
1525940634,17.957300,18.062800
1525942686,18.000400,18.094800
1525942689,18.000400,18.094700
1525940635,17.957300,18.062300
1525942694,18.000600,18.094200
1525942696,18.000600,18.094100
1525942697,18.000600,18.094000
1525942700,18.000200,18.094000
1525942701,18.000200,18.093900
1525942702,18.000200,18.093800
1525942704,18.000300,18.093500
1525942707,18.000300,18.093400
1525940638,17.957400,18.062200
1525942710,18.000400,18.093300
1525942712,18.000400,18.093200
1525811641,18.053200,18.177900
1525942714,18.000400,18.093100
1525811643,18.053200,18.177800
1525942717,18.000600,18.092500
1525811647,18.053200,18.177600
1525942721,18.000600,18.092400
1525942722,18.000600,18.092300
1525811651,18.053200,18.177500
1525811652,18.053200,18.177400
1525942726,18.000200,18.092100
1525940641,17.957400,18.062000
1525811656,18.053500,18.177200
1525811659,18.053200,18.176900
1525811660,18.053200,18.176800
1525811661,18.053600,18.176800
1525811663,18.053600,18.176700
1525811665,18.053600,18.176600
1525811666,18.053600,18.176400
1525811668,18.053600,18.176300
1525942741,18.000000,18.099400
1525811671,18.053600,18.175700
1525942744,18.000400,18.099300
1525942746,18.000400,18.092000
1525811675,18.053600,18.175600
1525811677,18.053600,18.175500
1525811678,18.053600,18.120000
1525942754,18.000600,18.091800
1525942756,18.000200,18.091800
1525940646,17.957000,18.061900
1525811686,18.053600,18.119900
1525962492,18.400400,18.482400
1525942762,18.000000,18.098500
1525940647,17.957500,18.062000
1525942764,18.000300,18.098200
1525811695,18.053600,18.120000
1525942769,18.000300,18.098100
1525811698,18.053700,18.120000
1525942771,18.000400,18.097900
1525942774,18.000400,18.097800
1525942775,18.000400,18.097200
1525942776,18.000600,18.097200
1525811705,18.053800,18.120000
1525942778,18.000600,18.097100
1525811707,18.053700,18.120000
1525811708,18.053800,18.120000
1525811709,18.053800,18.119900
1525942782,18.000600,18.096800
1525811711,18.053700,18.119900
1525942784,18.000200,18.096700
1525942785,18.000200,18.096600
1525811716,18.053700,18.120000
1525942790,18.000100,18.096500
1525811719,18.053800,18.120000
1525811720,18.054000,18.120000
1525942794,18.000100,18.096100
1525942795,18.000400,18.096100
1525942796,18.000400,18.096000
1525811725,18.053800,18.120000
1525811726,18.053900,18.120000
1525942801,18.000500,18.095500
1525942805,18.000500,18.095400
1525942807,18.000500,18.095300
1525942808,18.000500,18.095200
1525811737,18.054000,18.120000
1525942810,18.000500,18.095100
1525942811,18.000100,18.095000
1525942813,18.000700,18.095000
1525942814,18.000700,18.094400
1525942817,18.000700,18.094300
1525942818,18.000700,18.094100
1525942822,18.000700,18.094000
1525942823,18.000300,18.094000
1525811752,18.054000,18.156300
1525811754,18.054000,18.156200
1525811755,18.054000,18.156100
1525942828,18.000400,18.093900
1525942831,18.000400,18.093800
1525811760,18.054000,18.090000
1525942833,18.000500,18.093800
1525942834,18.000500,18.093400
1525811763,18.054000,18.089900
1525942837,18.000500,18.093300
1525942840,18.000500,18.092700
1525942841,18.000700,18.092700
1525942843,18.000700,18.092600
1525811772,18.054000,18.090000
1525942846,18.000700,18.092400
1525942847,18.000700,18.092300
1525942849,18.000300,18.092300
1525962507,18.371600,18.482300
1525940662,17.957200,18.061300
1525942854,18.000400,18.092000
1525942857,18.000400,18.091900
1525940663,17.957300,18.060700
1525942860,18.000500,18.091500
1525942864,18.000500,18.091400
1525940664,17.957300,18.060600
1525984355,17.588800,17.699600
1525896974,17.572000,17.635000
1525942870,18.000700,18.099900
1525940665,17.957400,18.060600
1525942874,18.000700,18.099900
1525942875,18.000300,18.099700
1525942876,18.000300,18.091200
1525942881,18.000400,18.099500
1525942882,18.000400,18.099400
1525942884,18.000400,18.099300
1525942885,18.000400,18.099200
1525942886,18.000400,18.099100
1525942888,18.000500,18.098700
1525942892,18.000500,18.098600
1525942893,18.000500,18.098500
1525942894,18.000700,18.098300
1525940669,17.957400,18.060400
1525788373,17.893700,17.964400
1525942899,18.000700,18.098100
1525942901,18.000700,18.097900
1525942903,18.000200,18.097900
1525942905,18.000200,18.097800
1525942908,18.000300,18.097700
1525942909,18.000300,18.097400
1525942911,18.000300,18.097300
1525942914,18.000400,18.096900
1525942916,18.000400,18.096800
1525942917,18.000400,18.096700
1525942919,18.000400,18.096600
1525942920,18.000400,18.096100
1525942921,18.000600,18.096100
1525942922,18.000600,18.096000
1525942924,18.000600,18.095900
1525940674,17.957000,18.060300
1525942926,18.000600,18.095600
1525942929,18.000200,18.095500
1525942931,18.000200,18.095400
1525942932,18.000200,18.095500
1525811861,18.054000,18.089900
1525942934,18.000300,18.095200
1525942935,18.000300,18.095100
1525811864,18.054000,18.149700
1525942937,18.000300,18.095000
1525811866,18.054000,18.149600
1525811867,18.054000,18.149500
1525942940,18.000400,18.094700
1525811869,18.054000,18.149400
1525811870,18.054000,18.149200
1525942943,18.000400,18.094500
1525942944,18.000400,18.094400
1525942947,18.000600,18.094000
1525858207,17.572300,17.638300
1525811877,18.054000,18.149100
1525811878,18.054000,18.149000
1525811879,18.054000,18.149100
1525811881,18.054000,18.149000
1525942954,18.000600,18.093600
1525940679,17.956800,18.060200
1525811884,18.054000,18.148600
1525942958,18.000200,18.093400
1525811887,18.054000,18.148500
1525942960,18.000200,18.093300
1525811889,18.054000,18.148400
1525942962,18.000000,18.093300
1525811891,18.054000,18.147800
1525942964,18.000000,18.093100
1525925026,17.852700,17.932900
1525811894,18.054000,18.147700
1525942967,18.000000,18.092700
1525942968,18.000300,18.092700
1525811897,18.054000,18.147600
1525942971,18.000400,18.092500
1525811900,18.054000,18.147500
1525942973,18.000400,18.092400
1525942974,18.000400,18.092300
1525811903,18.054000,18.147400
1525942976,18.000400,18.092200
1525811905,18.054000,18.147300
1525942978,18.000600,18.091600
1525811907,18.054000,18.147100
1525811908,18.054000,18.147000
1525984374,17.590200,17.699200
1525811910,18.054000,18.146900
1525811911,18.054000,18.146800
1525940684,17.957000,18.059900
1525942986,18.000600,18.091100
1525942987,18.000200,18.091100
1525811916,18.054000,18.146400
1525811917,18.054000,18.146300
1525811919,18.054000,18.146200
1525942992,18.000000,18.090800
1525811922,18.054000,18.145600
1525942995,18.000000,18.090700
1525940686,17.957100,18.059700
1525942998,18.000300,18.090400
1525811928,18.054000,18.145400
1525811929,18.054000,18.145200
1525943003,18.000300,18.090100
1525943004,18.000300,18.090000
1525811933,18.054000,18.145100
1525943006,18.000000,18.089900
1525811935,18.054000,18.144900
1525811936,18.054000,18.144800
1525943009,18.000000,18.089700
1525811938,18.054000,18.144500
1525943011,18.000000,18.089600
1525811940,18.054000,18.144400
1525811941,18.054000,18.144300
1525811942,18.054000,18.144100
1525943015,18.000000,18.089500
1525943017,18.000000,18.089400
1525943019,18.000000,18.089300
1525811948,18.054000,18.143800
1525811949,18.054000,18.143300
1525943022,18.000000,18.089100
1525943023,18.000000,18.089000
1525811953,18.054000,18.143200
1525811955,18.054000,18.143000
1525943028,18.000000,18.088900
1525811958,18.054000,18.142900
1525811961,18.054000,18.142800
1525943035,18.000000,18.088700
1525811964,18.054000,18.142700
1525943037,18.000000,18.088600
1525811967,18.054000,18.142600
1525811968,18.054000,18.142400
1525811969,18.054000,18.142200
1525811971,18.054000,18.142100
1525943044,18.000000,18.088400
1525940694,17.957400,18.058800
1525811974,18.054000,18.142000
1525943047,18.000000,18.088200
1525811976,18.054000,18.141400
1525811979,18.054000,18.141300
1525811982,18.054000,18.141200
1525962541,18.400800,18.480700
1525943056,18.000000,18.087900
1525940696,17.957400,18.058600
1525943058,18.000000,18.088000
1525811987,18.054000,18.141100
1525811989,18.054000,18.141800
1525811990,18.054000,18.183600
1525811991,18.054000,18.140900
1525943064,18.000000,18.087700
1525940698,17.957400,18.058500
1525811999,18.054000,18.187600
1525943072,18.000000,18.087500
1525812002,18.054000,18.187500
1525809627,18.213700,18.308400
1525812004,18.054000,18.186900
1525812006,18.054000,18.186800
1525943082,18.000000,18.087200
1525943084,18.000000,18.087100
1525812013,18.054100,18.186500
1525943087,18.000000,18.087000
1525812016,18.096800,18.186500
1525962547,18.400800,18.480600
1525812021,18.096800,18.187900
1525943095,18.000000,18.086800
1525812024,18.097100,18.187700
1525943098,18.000000,18.086700
1525812028,18.097100,18.187600
1525943101,18.000000,18.086600
1525812030,18.097200,18.187600
1525943103,18.000000,18.086500
1525943104,18.000000,18.086400
1525943105,18.000000,18.086300
1525943107,18.000000,18.086200
1525812037,18.097200,18.187500
1525812038,18.096800,18.187900
1525940705,17.957500,18.058300
1525943112,18.000000,18.086000
1525943116,18.000000,18.085900
1525943117,18.000000,18.085800
1525812046,18.096800,18.187800
1525812047,18.097000,18.187800
1525943120,18.000000,18.085700
1525812050,18.097000,18.187700
1525812051,18.097100,18.187700
1525943126,18.000000,18.085500
1525943129,18.000000,18.085400
1525812058,18.097100,18.187600
1525812059,18.063400,18.187600
1525943135,18.000000,18.085200
1525812066,18.063400,18.211000
1525943139,18.000000,18.085000
1525812069,18.063400,18.210400
1525943143,18.000000,18.084900
1525812073,18.063400,18.210300
1525943146,18.000000,18.084800
1525812075,18.063400,18.210300
1525943148,18.000000,18.084700
1525812077,18.063400,18.210200
1525943151,18.000000,18.084500
1525943152,18.000000,18.084400
1525812082,18.063400,18.210100
1525812083,18.063400,18.209800
1525812085,18.096900,18.209800
1525943158,18.000000,18.099900
1525943159,18.000000,18.099900
1525943160,18.000000,18.084200
1525812089,18.097300,18.209600
1525812093,18.097300,18.209500
1525943166,18.000300,18.099600
1525812096,18.097500,18.209400
1525812097,18.097500,18.208900
1525812098,18.097500,18.208800
1525943171,18.000300,18.099400
1525943172,18.000400,18.099100
1525812101,18.097500,18.208700
1525943174,18.000400,18.099000
1525812103,18.096900,18.208600
1525943176,18.000400,18.098900
1525812105,18.096900,18.208500
1525812106,18.097100,18.208500
1525812107,18.097100,18.208400
1525812108,18.097100,18.208300
1525812112,18.097100,18.208200
1525812114,18.096900,18.208100
1525812116,18.096900,18.208000
1525812117,18.096900,18.207900
1525812118,18.097200,18.207600
1525812120,18.097300,18.207500
1525962564,18.400900,18.480100
1525812124,18.097300,18.207400
1525943197,18.000300,18.097700
1525812126,18.097300,18.207300
1525897029,17.585600,17.635000
1525812128,18.097300,18.207200
1525812129,18.096900,18.207200
1525812130,18.096900,18.207100
1525812132,18.097500,18.206600
1525943205,18.000700,18.097100
1525812136,18.097500,18.206500
1525943210,18.000700,18.096800
1525812139,18.097500,18.206600
1525812140,18.097100,18.206300
1525943213,18.000300,18.096700
1525812142,18.097100,18.206200
1525812144,18.097100,18.206100
1525943217,18.000400,18.096700
1525812146,18.097100,18.206000
1525812147,18.096900,18.206000
1525939867,18.019300,18.097800
1525812149,18.096900,18.205900
1525812151,18.097200,18.205600
1525812153,18.097200,18.205500
1525812156,18.097300,18.205100
1525943229,18.000500,18.099900
1525943230,18.000500,18.100000
1525943231,18.000600,18.095700
1525943232,18.000600,18.095600
1525812162,18.097300,18.204800
1525812163,18.097500,18.204800
1525943236,18.000600,18.095300
1525812165,18.097500,18.204600
1525812167,18.097500,18.204500
1525812169,18.097500,18.204400
1525812170,18.096900,18.204400
1525812171,18.096900,18.204300
1525812172,18.097100,18.204200
1525812173,18.097100,18.204100
1525943246,18.000300,18.094900
1525812176,18.097100,18.204000
1525812177,18.097200,18.203800
1525812178,18.097200,18.203700
1525943251,18.000400,18.094400
1525812180,18.097200,18.203600
1525940729,17.958100,18.056800
1525812184,18.097200,18.203500
1525812186,18.069600,18.203500
1525812187,18.069600,18.203200
1525943261,18.000700,18.093700
1525943262,18.000700,18.093500
1525812191,18.069600,18.203100
1525943264,18.000700,18.093400
1525812193,18.069600,18.202500
1525943267,18.000300,18.093400
1525943271,18.000400,18.093100
1525812201,18.069600,18.202200
1525943274,18.000400,18.093000
1525812203,18.069600,18.202100
1525812204,18.069600,18.202000
1525812206,18.069600,18.201800
1525943279,18.000600,18.092600
1525943280,18.000600,18.092500
1525812209,18.069600,18.201600
1525812211,18.069600,18.201500
1525812212,18.069700,18.201400
1525940734,17.958200,18.056700
1525812214,18.069700,18.201200
1525797115,18.045300,18.087600
1525943289,18.000600,18.091600
1525943291,18.000600,18.091500
1525812220,18.069700,18.201100
1525812221,18.069700,18.200700
1525812223,18.086800,18.200600
1525943296,18.000700,18.091200
1525940736,17.958200,18.056600
1525812226,18.087000,18.200600
1525812227,18.087000,18.200400
1525943300,18.000700,18.091100
1525812230,18.087000,18.200300
1525943303,18.000700,18.090700
1525943305,18.000700,18.090600
1525812234,18.087100,18.200000
1525812236,18.087100,18.199900
1525812237,18.087100,18.199800
1525812240,18.087100,18.199500
1525812241,18.087200,18.199500
1525812242,18.087200,18.199400
1525943315,18.000700,18.099700
1525812244,18.087200,18.199300
1525943319,18.000700,18.099600
1525812248,18.087200,18.178500
1525812249,18.067400,18.177900
1525943323,18.000700,18.099300
1525831514,17.755100,17.861200
1525943326,18.000700,18.099200
1525940741,17.958300,18.056200
1525827668,17.836500,17.955200
1525812258,18.067400,18.178300
1525943331,18.000800,18.099200
1525812261,18.067400,18.178500
1525812262,18.067400,18.178200
1525775294,18.172500,18.235000
1525943336,18.000400,18.098600
1525943337,18.000600,18.098600
1525943338,18.000600,18.098500
1525812267,18.067300,18.178100
1525943342,18.000600,18.098300
1525812272,18.067300,18.178000
1525943345,18.000500,18.098200
1525812275,18.067300,18.177800
1525812276,18.067300,18.177700
1525943349,18.000800,18.098200
1525943350,18.000800,18.097900
1525943351,18.000800,18.097800
1525812280,18.067300,18.177500
1525943355,18.000800,18.097400
1525943356,18.000900,18.097400
1525943357,18.000900,18.097300
1525812287,18.067300,18.177400
1525943361,18.001100,18.097300
1525812290,18.067300,18.177300
1525943364,18.001100,18.096600
1525812293,18.067300,18.177100
1525812295,18.067300,18.177100
1525812296,18.067300,18.176700
1525943369,18.001000,18.096400
1525943370,18.001000,18.096300
1525812299,18.067400,18.176600
1525812302,18.067400,18.176500
1525943375,18.001000,18.096000
1525943376,18.001000,18.095900
1525957326,18.003900,18.050000
1525812307,18.067400,18.175900
1525812308,18.067400,18.175700
1525812310,18.067400,18.134500
1525812312,18.067400,18.134400
1525943385,18.001000,18.099900
1525943386,18.001000,18.095500
1525943387,18.001100,18.095500
1525943388,18.001100,18.095400
1525984442,17.594300,17.696900
1525812320,18.055500,18.134400
1525812321,18.055500,18.134000
1525943395,18.001300,18.094700
1525812325,18.055500,18.133800
1525812326,18.055600,18.133700
1525943399,18.001300,18.094500
1525943400,18.001300,18.094400
1525812329,18.055700,18.133300
1525812333,18.055700,18.133100
1525943406,18.001000,18.094100
1525812335,18.055700,18.133000
1525812338,18.055700,18.132900
1525812340,18.055700,18.132700
1525812341,18.055800,18.132700
1525812343,18.055600,18.132700
1525943416,18.001100,18.093500
1525812346,18.055600,18.132600
1525812348,18.055600,18.132300
1525812349,18.035300,18.132200
1525943423,18.001300,18.092900
1525812353,18.035300,18.131800
1525812355,18.035400,18.131800
1525943429,18.001300,18.092600
1525812358,18.035400,18.131700
1525943431,18.001000,18.092500
1525812360,18.035400,18.131600
1525812361,18.035400,18.131500
1525812362,18.035400,18.131400
1525943436,18.001100,18.092200
1525943438,18.001100,18.092100
1525812368,18.035400,18.130600
1525812370,18.035400,18.130500
1525943443,18.001200,18.091700
1525812372,18.035400,18.130400
1525943445,18.001200,18.091600
1525812374,18.035400,18.130300
1525812376,18.035400,18.130200
1525812377,18.035400,18.130100
1525812378,18.030100,18.130100
1525812379,18.030300,18.129900
1525943452,18.000800,18.100000
1525943453,18.000800,18.091500
1525812383,18.030300,18.129800
1525812384,18.030300,18.129700
1525812386,18.030300,18.129600
1525812387,18.030500,18.129300
1525812389,18.030500,18.129200
1525943462,18.001000,18.099900
1525812391,18.030500,18.129000
1525943464,18.001000,18.099600
1525812393,18.030700,18.128500
1525812395,18.030700,18.128400
1525812398,18.030700,18.128300
1525940765,17.958700,18.119000
1525812400,18.030700,18.128200
1525812401,18.030300,18.128200
1525812402,18.030300,18.128100
1525943475,18.001200,18.098800
1525812404,18.030300,18.128000
1525943478,18.001300,18.098700
1525812407,18.030300,18.127800
1525812408,18.030000,18.127800
1525812410,18.030300,18.127500
1525940767,17.958800,18.118700
1525812412,18.030300,18.127400
1525812413,18.030300,18.127300
1525812415,18.030300,18.127100
1525943489,18.001500,18.097800
1525812418,18.030300,18.127000
1525943491,18.001100,18.097700
1525962614,18.399800,18.542800
1525812422,18.030000,18.126800
1525943495,18.001200,18.097700
1525812425,18.030400,18.126500
1525812426,18.030400,18.126200
1525812427,18.030600,18.126200
1525943500,18.001300,18.099900
1525940770,17.958800,18.118500
1525812431,18.030600,18.126000
1525812432,18.030600,18.125900
1525943506,18.001500,18.098800
1525812435,18.030200,18.125800
1525943508,18.001500,18.098700
1525784493,17.889800,17.999200
1525943512,18.001500,18.098500
1525812441,18.030100,18.125800
1525943514,18.001200,18.098400
1525940773,17.958900,18.118000
1525943520,18.001200,18.098100
1525943521,18.001300,18.098100
1525897083,17.598900,17.635000
1525812452,18.030400,18.125800
1525943527,18.001400,18.098000
1525812456,18.030500,18.125800
1525943530,18.001400,18.099900
1525940775,17.958900,18.117900
1525812462,18.030700,18.125800
1525940776,17.959000,18.117800
1525812469,18.030800,18.125800
1525984468,17.595600,17.719200
1525943547,18.000300,18.099900
1525940778,17.959100,18.117700
1525812478,18.030900,18.125800
1525984469,17.595700,17.719200
1525812480,18.031000,18.125800
1525812482,18.031100,18.125800
1525940779,17.959100,18.117200
1525812484,18.031200,18.125800
1525812485,18.031300,18.125800
1525943559,18.000600,18.099900
1525940780,17.959100,18.117100
1525812490,18.031700,18.125700
1525812491,18.031900,18.125700
1525812492,18.031900,18.125600
1525812493,18.032000,18.125600
1525812495,18.032100,18.125500
1525943568,18.000200,18.099900
1525812498,18.032200,18.125500
1525962627,18.399800,18.542300
1525812500,18.032300,18.125500
1525812501,18.032300,18.125400
1525943576,18.000000,18.099900
1525812505,18.032400,18.125400
1525812507,18.032500,18.125400
1525812508,18.032700,18.125400
1525943583,18.000600,18.099500
1525940784,17.959200,18.116800
1525812514,18.033200,18.125400
1525943588,18.000600,18.099400
1525943589,18.000800,18.099400
1525943590,18.000800,18.099900
1525943591,18.000800,18.099300
1525812523,18.033000,18.125400
1525943596,18.000400,18.099300
1525943598,18.000400,18.099900
1525812527,18.033000,18.125300
1525812529,18.033000,18.125100
1525812531,18.030200,18.125100
1525812535,18.030200,18.125000
1525943608,18.000600,18.099800
1525812537,18.030000,18.125000
1525943611,18.000700,18.100000
1525943613,18.001300,18.100000
1525812542,18.030300,18.124700
1525812543,18.039100,18.124700
1525943616,18.001400,18.100000
1525812548,18.039500,18.124700
1525940790,17.959300,18.116600
1525943622,18.001700,18.099900
1525812551,18.039500,18.124600
1525943625,18.001700,18.099800
1525812555,18.039700,18.124600
1525812557,18.039700,18.124500
1525943630,18.002000,18.099300
1525766029,18.311700,18.350000
1525943632,18.002000,18.099200
1525940792,17.959300,18.116400
1525943634,18.002000,18.099100
1525812563,18.039700,18.124400
1525812564,18.039100,18.124400
1525943637,18.001600,18.098600
1525940793,17.959300,18.116300
1525812568,18.039100,18.124300
1525812571,18.039400,18.124300
1525940794,17.959400,18.116300
1525812575,18.039400,18.124200
1525943649,18.001600,18.097600
1525812578,18.030000,18.124200
1525943651,18.001600,18.097500
1525943652,18.001000,18.097400
1525812582,18.030600,18.124200
1525943656,18.000800,18.097200
1525812585,18.030600,18.124100
1525943659,18.000800,18.097000
1525943660,18.001100,18.096900
1525812589,18.030600,18.123900
1525812590,18.030200,18.123900
1525940797,17.959400,18.115700
1525943665,18.001100,18.096700
1525943666,18.001100,18.096400
1525943668,18.000400,18.096400
1525812597,18.030000,18.146200
1525812598,18.030300,18.146100
1525812599,18.030300,18.123800
1525943672,18.000600,18.096000
1525943673,18.000600,18.095900
1525943675,18.000600,18.095800
1525812604,18.030400,18.123700
1525943677,18.000600,18.095700
1525812606,18.030000,18.123700
1525943679,18.000600,18.095500
1525943680,18.000200,18.095500
1525812609,18.030000,18.123100
1525943683,18.000200,18.095300
1525812613,18.030100,18.123000
1525943686,18.000300,18.095000
1525984492,17.596900,17.717500
1525812618,18.030100,18.122800
1525812620,18.030300,18.122800
1525809730,18.181000,18.288000
1525812623,18.030300,18.122700
1525812625,18.030400,18.122700
1525943699,18.000600,18.093800
1525943701,18.000600,18.093700
1525812630,18.030500,18.122700
1525940804,17.959600,18.114900
1525943706,18.000600,18.093500
1525943707,18.000200,18.093400
1525812637,18.030700,18.122700
1525943710,18.000200,18.093200
1525943713,18.000300,18.092900
1525962651,18.399800,18.539800
1525812644,18.030700,18.122600
1525940806,17.959600,18.114800
1525812646,18.030300,18.122600
1525812647,18.030300,18.122500
1525812651,18.030400,18.122300
1525943724,18.000400,18.092700
1525943725,18.000600,18.092200
1525812655,18.030400,18.122200
1525812657,18.030500,18.121800
1525943732,18.000600,18.091900
1525943733,18.000400,18.091900
1525943734,18.000400,18.091800
1525812663,18.030700,18.121500
1525943738,18.000400,18.091500
1525962655,18.399800,18.539500
1525943740,18.000400,18.091400
1525812671,18.030700,18.121400
1525812672,18.030300,18.121400
1525943746,18.000400,18.090900
1525943748,18.000400,18.113300
1525827682,17.838000,17.954300
1525812678,18.030200,18.121400
1525812680,18.030000,18.121400
1525943753,18.000400,18.113200
1525943754,18.000400,18.145300
1525812683,18.020700,18.121400
1525943756,18.000400,18.113100
1525943758,18.000400,18.113000
1525943760,18.000400,18.112900
1525943762,18.000400,18.112800
1525812691,18.020700,18.121000
1525812692,18.016800,18.121000
1525812693,18.016800,18.120800
1525812695,18.016800,18.120700
1525812696,18.020000,18.120600
1525943770,18.000400,18.112100
1525943771,18.000400,18.112000
1525812700,18.020000,18.120400
1525943773,18.000400,18.111900
1525812702,18.020000,18.120300
1525943775,18.000400,18.111800
1525943776,18.000600,18.111300
1525812705,18.020000,18.120000
1525943779,18.000600,18.111100
1525943781,18.000600,18.111000
1525812711,18.020000,18.119700
1525943784,18.000200,18.110700
1525943786,18.000200,18.110600
1525943787,18.000200,18.110500
1525812717,18.020800,18.119500
1525943791,18.000300,18.110400
1525943793,18.000300,18.110300
1525812723,18.021000,18.119500
1525812724,18.021000,18.119400
1525812727,18.021000,18.119300
1525812729,18.021100,18.119200
1525943802,18.000400,18.109400
1525812733,18.021100,18.119100
1525943806,18.000500,18.109300
1525943807,18.000500,18.108700
1525812737,18.021100,18.119000
1525943811,18.000500,18.108500
1525940822,17.959500,18.113900
1525812742,18.021200,18.118700
1525787905,17.849000,17.900000
1525943816,18.000500,18.108200
1525962668,18.399800,18.538500
1525812746,18.021200,18.118600
1525940823,17.959700,18.113600
1525812749,18.021200,18.118500
1525812750,18.020000,18.118500
1525897133,17.620000,17.634900
1525812752,18.020000,18.118300
1525943826,18.000500,18.107700
1525943827,18.000500,18.107300
1525812757,18.020000,18.118200
1525812758,18.020000,18.118000
1525943832,18.000500,18.106600
1525812762,18.020000,18.117900
1525812763,18.020000,18.117800
1525943836,18.000500,18.106400
1525940826,17.959900,18.113400
1525812767,18.020000,18.117600
1525812768,18.020000,18.117500
1525812770,18.020000,18.117100
1525943843,18.000500,18.106000
1525812772,18.020000,18.117000
1525812774,18.020000,18.116900
1525812775,18.020000,18.116300
1525943849,18.000500,18.105600
1525943851,18.000500,18.105500
1525812781,18.020000,18.116100
1525812782,18.020000,18.116000
1525812783,18.020100,18.116000
1525812784,18.020100,18.115900
1525812785,18.020100,18.115800
1525943858,18.000500,18.104900
1525943859,18.000500,18.104300
1525812790,18.020400,18.115700
1525943863,18.000500,18.104200
1525812793,18.020400,18.115500
1525943866,18.000500,18.103900
1525812795,18.020400,18.115300
1525812796,18.020500,18.115200
1525943869,18.000500,18.103800
1525812798,18.020500,18.115100
1525943871,18.000500,18.103500
1525943873,18.000500,18.103400
1525812802,18.020700,18.114500
1525812804,18.020700,18.114400
1525943878,18.000500,18.103100
1525812808,18.020700,18.114200
1525812810,18.020700,18.114100
1525812811,18.020300,18.114100
1525943884,18.000500,18.102400
1525812813,18.020800,18.114000
1525943886,18.000500,18.102300
1525943887,18.000500,18.101900
1525812817,18.020800,18.113800
1525943890,18.000500,18.102300
1525943891,18.000500,18.102100
1525812820,18.020800,18.113700
1525812821,18.020800,18.113600
1525812822,18.050000,18.113300
1525943897,18.000500,18.102000
1525943899,18.000500,18.101900
1525812828,18.050000,18.113200
1525812830,18.050000,18.112600
1525940837,17.960300,18.112500
1525812832,18.050000,18.112500
1525943905,18.000500,18.101500
1525943906,18.000500,18.101200
1525766075,18.313100,18.350000
1525812836,18.050000,18.112400
1525940838,17.960300,18.112400
1525812839,18.050000,18.112300
1525812841,18.050000,18.112200
1525943914,18.000500,18.101100
1525943915,18.000500,18.101000
1525943917,18.000500,18.100400
1525943919,18.000500,18.100300
1525943921,18.000500,18.100200
1525812850,18.050000,18.111900
1525812851,18.050000,18.111800
1525943925,18.000500,18.100000
1525812854,18.050000,18.111700
1525812855,18.050000,18.111400
1525943931,18.000500,18.099800
1525812860,18.050000,18.111300
1525943933,18.000500,18.099500
1525943936,18.000500,18.099400
1525943937,18.000500,18.099000
1525943939,18.000500,18.098900
1525943940,18.000500,18.098800
1525943941,18.000500,18.098900
1525943942,18.000500,18.098800
1525943943,18.000500,18.098300
1525940844,17.960400,18.111800
1525943948,18.000500,18.098100
1525766082,18.313400,18.350000
1525943950,18.000500,18.097900
1525943952,18.000500,18.097800
1525943956,18.000500,18.070000
1525943958,18.000500,18.069700
1525812887,18.050000,18.111200
1525943960,18.000500,18.069600
1525943963,18.000500,18.069500
1525812892,18.050000,18.111000
1525943965,18.000500,18.069400
1525812894,18.050000,18.110900
1525943967,17.970000,18.069400
1525943968,17.970000,18.069300
1525940848,17.960500,18.111700
1525812900,18.050000,18.110800
1525812901,18.050000,18.110600
1525943974,17.970700,18.068600
1525812903,18.050000,18.110500
1525943977,17.970700,18.068500
1525943978,17.970700,18.068400
1525812908,18.050000,18.110400
1525940850,17.960500,18.111300
1525943983,17.970700,18.067900
1525943986,17.970700,18.067800
1525940851,17.960600,18.111300
1525812917,18.050000,18.110300
1525812918,18.050000,18.110200
1525812922,18.050000,18.110000
1525943996,17.966600,18.066600
1525812925,18.050000,18.109900
1525944000,17.966600,18.066500
1525944001,17.966600,18.066400
1525944002,17.966600,18.066300
1525812931,18.050000,18.109800
1525944006,17.966600,18.066100
1525812936,18.050000,18.109700
1525944010,17.966600,18.065800
1525940855,17.960600,18.111100
1525812941,18.020200,18.036300
1525944014,17.966600,18.065700
1525812943,18.020700,18.036300
1525944016,17.966600,18.065700
1525940856,17.960600,18.110600
1525944022,17.966600,18.065500
1525940857,17.960700,18.110500
1525812952,17.995400,18.036300
1525944027,17.966600,18.064900
1525812957,17.995400,18.132300
1525944030,17.966600,18.064800
1525812960,18.036900,18.132200
1525944033,17.966600,18.064700
1525940859,17.960700,18.110200
1525812964,17.995400,18.132200
1525812965,17.995400,18.132100
1525812966,17.995400,18.131800
1525812967,17.995400,18.131700
1525812969,18.010000,18.131600
1525984551,17.623000,17.718800
1525812973,18.010000,18.131000
1525944047,17.966600,18.063900
1525812977,18.010000,18.130900
1525812980,18.010000,18.130800
1525940862,17.960700,18.110100
1525792776,18.003400,18.131200
1525812983,18.010000,18.130700
1525812984,18.010000,18.130600
1525812987,18.010000,18.130500
1525812988,18.010000,18.130300
1525944061,17.966600,18.064100
1525812991,18.010000,18.130200
1525940864,17.961000,18.109900
1525812994,18.010100,18.130100
1525812995,18.010100,18.129800
1525962710,18.402700,18.536100
1525944070,17.966600,18.063700
1525812999,18.010100,18.129700
1525813001,18.010100,18.129600
1525813002,18.010700,18.129100
1525944075,17.966600,18.063200
1525813006,18.010700,18.129000
1525944079,17.966600,18.062600
1525813008,18.010700,18.128900
1525813009,18.010700,18.128800
1525813010,18.010300,18.128800
1525940867,17.961100,18.109700
1525813012,18.010300,18.128700
1525813015,18.010400,18.128400
1525944090,17.966600,18.062200
1525813019,18.010400,18.128300
1525813020,18.010400,18.128200
1525813021,18.010500,18.127800
1525944095,17.966600,18.061800
1525813025,18.010500,18.127700
1525797142,18.020300,18.087600
1525813027,18.010500,18.127600
1525813029,18.010500,18.127400
1525813030,18.010000,18.127300
1525813033,18.010000,18.127100
1525944108,17.966600,18.060600
1525813037,18.010000,18.127000
1525944111,17.966600,18.060400
1525813040,18.010000,18.126800
1525944113,17.953100,18.060300
1525813042,18.010000,18.126700
1525813043,18.010000,18.126600
1525813044,18.010000,18.126500
1525813046,18.010000,18.126400
1525813047,18.010000,18.126300
1525813049,18.010000,18.126200
1525813050,18.010000,18.126100
1525813051,18.010000,18.125800
1525944124,17.953200,18.059900
1525944125,17.953800,18.059900
1525813055,18.010000,18.125700
1525944128,17.953800,18.094700
1525813057,18.010100,18.125400
1525813059,18.010100,18.125300
1525813061,18.010100,18.125200
1525813062,18.010100,18.125100
1525962721,18.403200,18.535200
1525813064,18.010300,18.125000
1525813065,18.010300,18.124900
1525813067,18.010300,18.124800
1525813068,18.010300,18.124700
1525944141,17.953800,18.059300
1525944142,17.953800,18.093600
1525813071,18.010300,18.124600
1525813072,18.010300,18.124500
1525813073,18.010000,18.124300
1525813074,18.010400,18.124300
1525813075,18.010400,18.124100
1525813076,18.010400,18.079600
1525940878,17.961500,18.109000
1525944150,17.954200,18.093100
1525813079,18.010400,18.079200
1525944152,17.954300,18.093000
1525944153,17.954300,18.092900
1525813082,18.010000,18.079200
1525944155,17.954700,18.092500
1525813084,18.010000,18.079100
1525813085,18.010000,18.079000
1525944158,17.954800,18.092400
1525944160,17.954800,18.092300
1525944161,17.955400,18.091700
1525813091,18.010000,18.078900
1525944164,17.955500,18.091600
1525944166,17.955500,18.091500
1525944168,17.955700,18.091200
1525944169,17.955700,18.091100
1525944171,17.955800,18.091000
1525944173,17.955700,18.090900
1525944174,17.955800,18.090900
1525944175,17.955800,18.090800
1525944177,17.988700,18.090700
1525944180,17.988700,18.090400
1525944182,17.989000,18.090300
1525813111,18.010000,18.078800
1525944184,17.989000,18.090200
1525940884,17.961800,18.108200
1525813114,18.010000,18.078700
1525944187,17.989100,18.089700
1525813116,18.010000,18.078200
1525944190,17.989100,18.089600
1525940885,17.961800,18.108100
1525944192,17.989100,18.089000
1525813121,18.010000,18.078100
1525813123,18.010000,18.078000
1525944196,17.989300,18.088700
1525813126,18.010000,18.077900
1525813128,18.010000,18.077800
1525944201,17.988700,18.088600
1525944202,17.988700,18.088500
1525944204,17.988900,18.088400
1525867423,17.961100,17.971000
1525775323,18.172700,18.291500
1525813135,18.010000,18.077700
1525944209,17.988900,18.088100
1525944211,17.988900,18.088000
1525813140,18.010000,18.077600
1525944213,17.989000,18.087700
1525944215,17.989000,18.087600
1525944217,17.989000,18.087500
1525944219,17.989100,18.087100
1525944222,17.989100,18.087000
1525944225,17.989300,18.086400
1525940891,17.961500,18.107800
1525944231,17.989300,18.086200
1525944232,17.989400,18.086000
1525944234,17.989400,18.085900
1525944235,17.989400,18.085800
1525944236,17.988900,18.085800
1525944237,17.988900,18.085700
1525944240,17.973200,18.085400
1525813169,18.010000,18.077500
1525813172,18.010000,18.077400
1525813173,18.010000,18.076800
1525944247,17.973200,18.084800
1525944248,17.973200,18.084600
1525813177,18.010000,18.076700
1525944251,17.973200,18.083900
1525813180,18.010000,18.076500
1525944254,17.973200,18.083800
1525813183,18.010000,18.076400
1525944256,17.973200,18.083700
1525813185,18.010000,18.076300
1525944258,17.973200,18.083500
1525944260,17.950200,18.083500
1525813189,18.010000,18.076100
1525813190,18.010000,18.076000
1525944263,17.950200,18.083300
1525813192,18.010000,18.075900
1525944265,17.950300,18.083000
1525813195,18.010000,18.075500
1525813198,18.010000,18.075400
1525958635,18.502700,18.549700
1525944272,17.950400,18.082400
1525962744,18.404000,18.533100
1525813202,18.010000,18.074800
1525813203,18.010000,18.074700
1525944276,17.950400,18.082300
1525944277,17.950600,18.082300
1525944278,17.950600,18.082000
1525813207,18.010000,18.074600
1525813208,18.010000,18.074400
1525940900,17.962100,18.107300
1525813210,18.010000,18.074300
1525944283,17.950600,18.081700
1525944284,17.950600,18.081600
1525944285,17.950200,18.081600
1525944286,17.950200,18.081500
1525813215,18.010000,18.074400
1525813216,18.010000,18.074200
1525944290,17.950200,18.081300
1525944291,17.950400,18.081100
1525944294,17.950400,18.081000
1525944295,17.950400,18.080900
1525944297,17.950500,18.080500
1525944298,17.950500,18.080400
1525940903,17.961600,18.106900
1525944300,17.950500,18.080300
1525944302,17.950500,18.080200
1525944303,17.950500,18.079600
1525944304,17.950700,18.079500
1525944305,17.950700,18.079400
1525944307,17.950700,18.079300
1525944310,17.950700,18.079200
1525944311,17.950800,18.079100
1525944316,17.950800,18.079000
1525940906,17.961600,18.106800
1525944319,17.950800,18.078700
1525944320,17.950800,18.078600
1525944322,17.950800,18.078500
1525944324,17.950800,18.078100
1525944327,17.950800,18.078000
1525944331,17.950800,18.077400
1525809837,18.181000,18.269600
1525944337,17.950800,18.077100
1525897219,17.623800,17.650000
1525813269,18.010000,18.074100
1525944342,17.950800,18.076900
1525944343,17.950800,18.076600
1525944344,17.950800,18.076500
1525944347,17.950800,18.076400
1525813276,18.010000,18.074000
1525944349,17.950800,18.076300
1525944350,17.951000,18.075900
1525944356,17.951400,18.075600
1525897222,17.624000,17.650000
1525944358,17.951500,18.075600
1525989022,17.666000,17.731200
1525944364,17.951500,18.076100
1525944365,17.951500,18.075500
1525944366,17.951600,18.075500
1525944368,17.951700,18.076000
1525944370,17.956100,18.075200
1525989190,17.666000,17.745100
1525787998,17.861100,17.899800
1525944377,17.956500,18.075200
1525944378,17.956500,18.094200
1525944379,17.956500,18.075100
1525944380,17.956600,18.075100
1525944381,17.956500,18.075100
1525944382,17.956700,18.094100
1525944383,17.957200,18.074500
1525944387,17.957300,18.074500
1525940918,17.962200,18.105900
1525944390,17.957400,18.074400
1525944392,17.957500,18.074300
1525944393,17.957500,18.074200
1525923480,17.778400,17.898200
1525809847,18.181000,18.268700
1525944396,17.957500,18.074100
1525944397,17.957800,18.074100
1525944398,17.957800,18.073800
1525944401,17.957900,18.073800
1525944402,17.958300,18.073800
1525944403,17.958300,18.073700
1525944404,17.958400,18.073700
1525944405,17.958400,18.073600
1525813336,18.010100,18.074000
1525944409,17.958500,18.073500
1525944410,17.959000,18.073000
1525944414,17.959000,18.072900
1525944416,17.959000,18.072600
1525944417,17.959100,18.072600
1525813346,18.010000,18.074000
1525940923,17.962300,18.105600
1525944420,17.959100,18.072500
1525944422,17.959100,18.072400
1525944424,17.959100,18.072200
1525813353,18.010000,18.021200
1525944427,17.959100,18.072100
1525813356,18.010000,18.079400
1525813357,18.010000,18.079300
1525944430,17.959500,18.071600
1525940925,17.962300,18.105800
1525923290,17.768200,17.899900
1525813361,18.010000,18.069600
1525944435,17.959700,18.071200
1525813364,18.047400,18.069600
1525944439,17.959700,18.071100
1525813368,18.010000,18.069500
1525813369,18.010000,18.069400
1525944442,17.959800,18.071000
1525813371,18.010000,18.069300
1525813373,18.010000,18.068700
1525944446,17.959800,18.070800
1525944447,17.959800,18.070700
1525813377,18.010000,18.068600
1525944450,17.959800,18.070500
1525944451,17.959800,18.070400
1525944454,17.959800,18.070300
1525944455,17.959800,18.070200
1525944459,17.959800,18.070100
1525944461,17.959800,18.069700
1525944466,17.960000,18.069600
1525940931,17.962400,18.105100
1525813396,18.010000,18.068500
1525944469,17.960000,18.069500
1525813398,18.010000,18.068400
1525944472,17.960100,18.069400
1525813401,18.010000,18.067800
1525944475,17.960200,18.069900
1525944476,17.960200,18.069300
1525897242,17.623900,17.650000
1525813407,18.010000,18.067700
1525944481,17.960500,18.069300
1525944483,17.960500,18.087400
1525813412,18.010000,18.067600
1525813413,18.010000,18.067500
1525944486,17.960600,18.087200
1525944487,17.960600,18.069100
1525813418,18.010000,18.067200
1525813421,18.010000,18.067100
1525944495,17.960800,18.087100
1525944496,17.960800,18.087000
1525944497,17.960900,18.087000
1525944500,17.961200,18.086700
1525813433,18.010000,18.067000
1525944506,17.961300,18.086600
1525944507,17.961300,18.086500
1525813436,18.010000,18.066900
1525944509,17.961400,18.086300
1525944510,17.961300,18.086300
1525813439,18.010000,18.066700
1525944512,17.961400,18.085700
1525813441,18.010000,18.066600
1525813443,18.010000,18.066300
1525813444,18.010000,18.066200
1525944517,17.962100,18.085600
1525813446,18.010000,18.066100
1525944519,17.962100,18.085400
1525944520,17.962300,18.085300
1525813449,18.010000,18.066000
1525944522,17.962400,18.085200
1525813451,18.010000,18.065900
1525944524,17.962400,18.085100
1525813453,18.010000,18.065800
1525944526,17.962500,18.084900
1525813455,18.010000,18.065300
1525813456,18.010000,18.065200
1525944529,17.962500,18.084700
1525944530,17.962600,18.084700
1525962787,18.404400,18.529400
1525944532,17.962900,18.084300
1525813461,18.010000,18.065000
1525813462,18.010000,18.064900
1525813463,18.010000,18.064800
1525813465,18.010000,18.064700
1525944538,17.963600,18.084100
1525944539,17.963600,18.083600
1525813468,18.010000,18.064400
1525944541,17.963700,18.083400
1525813471,18.010000,18.064300
1525944544,17.963700,18.083300
1525940944,17.962600,18.103800
1525944547,17.964000,18.083100
1525813476,18.010000,18.063900
1525944549,17.964000,18.083000
1525813478,18.010000,18.063800
1525940945,17.962700,18.103800
1525813480,18.010000,18.063700
1525813481,18.010000,18.063200
1525944554,17.964100,18.082800
1525944555,17.965400,18.082800
1525944556,17.965400,18.082500
1525813485,18.010000,18.063100
1525944560,17.965500,18.082500
1525944561,17.965500,18.082400
1525813491,18.010000,18.063000
1525944564,17.965800,18.082000
1525944565,17.965900,18.081900
1525944566,17.965900,18.081800
1525813495,18.010000,18.062900
1525944568,17.965900,18.081700
1525944569,17.966000,18.081700
1525944570,17.966000,18.081200
1525813499,18.010000,18.062600
1525813500,18.010000,18.062500
1525813502,18.010000,18.062400
1525940949,17.962900,18.103500
1525813504,18.010000,18.062300
1525944577,17.966100,18.081400
1525813506,18.010000,18.061700
1525813507,18.010000,18.061600
1525944580,17.966200,18.081300
1525813510,18.010000,18.061500
1525984641,17.625200,17.739800
1525813513,18.010000,18.061300
1525944586,17.966200,18.080900
1525813515,18.010000,18.061200
1525813517,18.010000,18.061100
1525944590,17.966200,18.080500
1525897261,17.612900,17.650000
1525813522,18.010000,18.061000
1525813524,18.010000,18.060800
1525813527,18.010000,18.060600
1525813528,18.010000,18.060500
1525813530,18.010000,18.060400
1525813531,18.010000,18.060300
1525940954,17.963100,18.103300
1525813534,18.010000,18.059700
1525813537,18.010000,18.059600
1525813538,18.010000,18.059500
1525944611,17.966200,18.080300
1525813540,18.010000,18.059400
1525944616,17.966200,18.080200
1525813545,18.010000,18.059200
1525788039,17.813400,17.899200
1525813548,18.010000,18.059100
1525944622,17.966200,18.080000
1525813551,18.010000,18.059000
1525813553,18.010000,18.058900
1525813554,18.010000,18.058500
1525944627,17.966400,18.080000
1525944628,17.966500,18.080000
1525940958,17.963400,18.103000
1525813558,18.010000,18.058400
1525944632,17.966500,18.080300
1525813561,18.010000,18.058300
1525944634,17.966500,18.080100
1525813563,17.995400,18.058300
1525813565,17.995400,18.058200
1525944639,17.966500,18.080000
1525813573,17.995400,18.058100
1525944646,17.966500,18.079900
1525813575,17.995400,18.057800
1525813578,17.995400,18.057700
1525944651,17.966500,18.079600
1525944653,17.966500,18.079400
1525813582,17.995400,18.057600
1525944655,17.966500,18.079300
1525944657,17.966500,18.079200
1525813586,17.995400,18.057000
1525940963,17.963600,18.103000
1525813589,17.995400,18.056900
1525813590,17.995400,18.057000
1525813591,17.995400,18.056900
1525813593,17.995400,18.056800
1525944666,17.966500,18.079200
1525944667,17.966500,18.079100
1525944668,17.966500,18.079000
1525944669,17.966500,18.078700
1525944673,17.966500,18.078400
1525813602,17.995400,18.056500
1525940966,17.963600,18.102500
1525813606,17.995400,18.056400
1525813607,17.995400,18.056100
1525944681,17.966500,18.078100
1525944682,17.966500,18.078000
1525813612,17.995400,18.056000
1525944685,17.966500,18.077900
1525813614,17.995400,18.055900
1525944687,17.966500,18.077600
1525940968,17.964000,18.102500
1525944690,17.966500,18.077300
1525813619,17.995400,18.055800
1525813620,18.000000,18.055800
1525940969,17.964000,18.101900
1525944696,17.966500,18.076600
1525813625,18.000000,18.055700
1525944698,17.966500,18.076000
1525962815,18.404500,18.527500
1525813628,18.000000,18.055500
1525944701,17.966500,18.075900
1525984661,17.680000,17.738800
1525813632,18.000000,18.055400
1525813634,18.000000,18.055300
1525940971,17.964100,18.101900
1525813636,18.000000,18.055200
1525813638,18.000000,18.055100
1525944711,17.966500,18.076200
1525813640,18.000000,18.055000
1525813642,18.000000,18.054600
1525944716,17.966500,18.076100
1525813645,18.000000,18.054500
1525813646,18.000000,18.054400
1525940973,17.964200,18.101800
1525944722,17.966500,18.075900
1525813651,18.000000,18.054300
1525944724,17.966500,18.076000
1525813653,18.000000,18.054200
1525984665,17.680000,17.738100
1525813656,18.000000,18.053900
1525813657,18.000000,18.053800
1525944731,17.966500,18.075200
1525813660,18.000000,18.053700
1525962821,18.404300,18.527200
1525813664,18.000000,18.053600
1525813666,18.000000,18.053500
1525813667,18.000000,18.053400
1525813668,18.000000,18.052900
1525944742,17.966500,18.075400
1525813671,18.000000,18.052800
1525944745,17.966500,18.075000
1525813675,18.000000,18.052700
1525813678,18.000000,18.052600
1525813680,18.000000,18.052500
1525813681,18.000000,18.052300
1525813683,18.000000,18.052200
1525944756,17.966500,18.073900
1525813687,18.000000,18.052000
1525940980,17.964500,18.101400
1525813690,18.000000,18.051900
1525944764,17.966500,18.073500
1525962826,18.404300,18.526800
1525944767,17.966500,18.073400
1525813696,18.000000,18.051400
1525944769,17.966500,18.073300
1525944771,17.966500,18.073000
1525813700,18.000000,18.051300
1525940982,17.964700,18.101100
1525944775,17.966500,18.072700
1525813704,18.000000,18.051100
1525813706,18.000000,18.051000
1525813708,18.000000,18.050900
1525813710,17.995400,18.050900
1525813711,17.995400,18.050800
1525813713,17.995400,18.050400
1525813714,17.995400,18.050300
1525944791,17.966500,18.072600
1525813720,17.995400,18.050200
1525813721,17.995400,18.049700
1525813725,17.995400,18.049600
1525813728,17.995400,18.049500
1525944801,17.966500,18.072000
1525813730,17.995400,18.049400
1525944803,17.966500,18.071900
1525813734,17.995400,18.049100
1525813739,17.995400,18.049000
1525813741,17.995400,18.048900
1525944814,17.966500,18.071400
1525813743,17.995400,18.048800
1525944816,17.966500,18.071000
1525944817,17.966500,18.070900
1525944818,17.966500,18.070800
1525813747,17.995400,18.048200
1525813748,17.995400,18.048100
1525813750,17.995400,18.048000
1525813751,17.995400,18.047900
1525944825,17.966500,18.070400
1525813754,17.995400,18.047700
1525813755,17.995400,18.047600
1525984682,17.680000,17.737900
1525813758,17.995400,18.047500
1525944831,17.966500,18.069900
1525813761,17.995400,18.047200
1525944835,17.966500,18.069600
1525813764,17.995400,18.047100
1525813765,17.995400,18.047000
1525944838,17.966500,18.069600
1525813767,17.995400,18.046900
1525813770,17.995400,18.046800
1525944843,17.966500,18.069200
1525813773,17.995400,18.046200
1525813774,17.995400,18.046100
1525944848,17.966500,18.068900
1525944850,17.966500,18.068800
1525813779,17.995400,18.045900
1525984686,17.680000,17.737800
1525813782,17.995400,18.045800
1525944856,17.966500,18.068600
1525813785,17.995400,18.045700
1525813787,17.995400,18.045500
1525813788,17.995400,18.045400
1525944861,17.966500,18.068000
1525944862,17.966500,18.067900
1525940997,17.966000,18.099800
1525813792,17.995400,18.045300
1525813793,17.995400,18.044900
1525813794,17.995400,18.044800
1525944867,17.966500,18.067600
1525944868,17.966500,18.067500
1525813798,17.995400,18.044700
1525813800,17.995400,18.044100
1525962844,18.392700,18.525400
1525940999,17.966000,18.099700
1525813804,17.995400,18.044000
1525984690,17.680000,17.737600
1525813806,17.995400,18.043800
1525944879,17.966500,18.066800
1525813808,17.995400,18.043700
1525813809,17.995400,18.043600
1525944882,17.966500,18.066600
1525944883,17.966500,18.066500
1525944884,17.966500,18.066400
1525813813,17.995400,18.043500
1525813815,17.995400,18.043300
1525944890,17.966500,18.066100
1525944891,17.966500,18.065700
1525813820,17.995400,18.043200
1525813821,17.995400,18.043000
1525813822,17.995400,18.042900
1525944896,17.966500,18.065400
1525944898,17.966500,18.065300
1525813827,17.995400,18.042200
1525944900,17.966500,18.065500
1525944901,17.966500,18.065100
1525813830,17.995400,18.042100
1525944903,17.966500,18.065000
1525813832,17.995400,18.042000
1525813834,17.995400,18.041800
1525944910,17.966500,18.081000
1525813840,17.995400,18.041700
1525944914,17.966500,18.080900
1525944915,17.966700,18.080900
1525813844,17.995400,18.041600
1525813845,17.995400,18.041500
1525813847,17.950000,18.041400
1525813849,17.950000,18.041300
1525813850,17.950000,18.041200
1525941007,17.966400,18.099300
1525813852,17.950600,18.041100
1525813854,17.950600,18.040800
1525944927,17.967400,18.079700
1525941008,17.966400,18.099000
1525813859,17.950600,18.040700
1525813860,17.950400,18.040600
1525944933,17.967500,18.079300
1525813862,17.950200,18.040500
1525813864,17.950200,18.040400
1525944937,17.967700,18.079000
1525944938,17.967800,18.079000
1525813867,17.950000,18.040400
1525813870,17.950000,18.040300
1525944943,17.968100,18.078600
1525813873,17.950000,18.040200
1525944946,17.968200,18.078400
1525813875,17.950000,18.040100
1525813877,17.950000,18.040000
1525813879,17.950000,18.039900
1525944952,17.968000,18.078000
1525813881,17.950000,18.039800
1525813882,17.950000,18.039700
1525813883,17.950000,18.039600
1525944956,17.968000,18.077300
1525813885,17.950000,18.039500
1525813887,17.950000,18.039400
1525813888,17.950000,18.039300
1525813889,17.950100,18.039200
1525813890,17.950000,18.039200
1525766251,18.344500,18.445600
1525944964,17.968000,18.077500
1525813893,17.950000,18.039100
1525813895,17.950000,18.039000
