time,bid,ask
1525940224,18.000000,18.071000
1525940227,18.000000,18.070900
1525940229,18.000000,18.070800
1525940230,18.000000,18.070700
1525940233,18.000000,18.070600
1525940234,18.000000,18.070500
1525940238,18.000000,18.070400
1525940241,18.000000,18.070300
1525940243,18.000000,18.070200
1525940244,18.000000,18.070100
1525940246,18.000000,18.070000
1525940248,18.000000,18.069900
1525940249,18.000000,18.069800
1525940251,18.000000,18.069700
1525940252,18.000000,18.069600
1525940254,18.000000,18.069500
1525940256,18.000000,18.069400
1525940257,18.000000,18.069500
1525940258,18.000000,18.069300
1525940259,18.000000,18.069500
1525940275,18.000000,18.101100
1525940276,18.000000,18.069400
1525940292,18.000000,18.107700
1525940293,18.000000,18.069300
1525940294,18.000000,18.107700
1525940300,18.000300,18.107400
1526027618,15.810200,15.946900
1525940302,18.000300,18.107300
1525940303,18.000300,18.107200
1525940306,18.000400,18.106800
1525940312,18.000400,18.106700
1525940313,18.000600,18.106100
1525940314,18.000600,18.106000
1525940317,18.000600,18.105900
1525940319,18.000600,18.105700
1525940321,18.000200,18.105600
1525940322,18.000200,18.105500
1525940326,18.000200,18.105200
1525940327,18.000000,18.105100
1525940328,18.000300,18.105100
1525940330,18.000300,18.104900
1525940332,18.000400,18.104600
1525940333,18.000400,18.104500
1525940335,18.000400,18.104400
1525940336,18.000400,18.104300
1525940337,18.000400,18.104200
1525940339,18.000400,18.103600
1525940341,18.000600,18.103600
1525940342,18.000600,18.103500
1525940344,18.000600,18.103300
1525940345,18.000600,18.103200
1525940347,18.000200,18.103200
1525940348,18.000200,18.103100
1525940350,18.000200,18.103000
1525940353,18.000300,18.102700
1525940356,18.000300,18.102600
1525940359,18.000400,18.102200
1525940362,18.000400,18.102100
1525940364,18.000400,18.102000
1525940365,18.000600,18.101500
1525940373,18.000200,18.101600
1525940374,18.000200,18.101400
1525940377,18.000200,18.101300
1525940378,18.000300,18.101000
1525940381,18.000300,18.100900
1525940382,18.000300,18.100800
1525940384,18.000300,18.100700
1525940386,18.000400,18.100300
1525940387,18.000400,18.100200
1525940389,18.000400,18.100100
1525940391,18.000400,18.100000
1525940392,18.000400,18.099500
1525940393,18.000600,18.099400
1525940394,18.000600,18.070000
1525940396,18.000600,18.069900
1525940400,18.000600,18.069800
1525940401,18.000200,18.069800
1525940406,18.000000,18.069700
1525940407,18.000000,18.069800
1525940409,18.000000,18.069600
1525940415,18.000000,18.069500
1525940417,18.000000,18.069700
1525940420,18.000000,18.069600
1525940428,18.000000,18.069500
1525940431,18.000000,18.069400
1525940432,18.000000,18.069300
1525940436,18.000000,18.069200
1525940444,18.000000,18.069100
1525940447,18.000000,18.069000
1525940449,18.000000,18.068900
1525940451,18.000000,18.068800
1525940462,18.000000,18.068700
1525940464,18.000000,18.068600
1525940466,18.000000,18.068500
1525940467,18.000000,18.068400
1525940468,18.000000,18.068300
1525940469,18.000000,18.068400
1525940471,18.000000,18.068300
1525940473,18.000000,18.068200
1525940474,18.000000,18.068300
1525940475,18.000000,18.068100
1525940476,18.000000,18.068000
1525940478,18.000000,18.068000
1525940479,18.000000,18.067900
1525940480,18.000000,18.067800
1525940483,18.000000,18.067700
1525940486,18.000000,18.067600
1525940490,18.000000,18.067500
1525940492,18.000000,18.067400
1525940494,18.000000,18.067300
1525940496,18.000000,18.067400
1525940497,18.000000,18.067200
1525940498,18.000000,18.067100
1525940503,18.000000,18.067000
1525940509,18.000000,18.066900
1525940510,18.000000,18.066800
1525940514,18.000000,18.066700
1525940515,18.000000,18.066600
1525940516,18.000000,18.066500
1525940517,18.000000,18.066400
1525940519,18.000000,18.066300
1525940528,18.000000,18.066200
1525940530,18.000000,18.066100
1525940532,18.000000,18.066000
1525940535,18.000000,18.065900
1525940538,18.000000,18.065800
1525940542,18.000000,18.065700
1525940544,18.000000,18.065600
1525940547,18.000000,18.065500
1525940550,18.000000,18.065400
1525940552,18.000000,18.065300
1525940554,18.000000,18.065200
1525940556,18.000000,18.065100
1525940559,18.000000,18.065000
1525940561,18.000000,18.064900
1525940562,18.000000,18.065000
1525940563,18.000000,18.064900
1525940564,18.000000,18.064800
1525940569,18.000000,18.064700
1525940575,17.967400,17.999900
1525940577,17.956200,17.999900
1525940578,17.956200,18.064500
1525940579,17.999900,18.064500
1525940580,17.999900,18.064400
1525940581,17.999900,18.064500
1525940583,17.999900,18.064200
1525940591,17.999900,18.064300
1525940592,17.956200,18.064300
1525940593,17.956300,18.064300
1525940594,17.956600,18.063900
1525940596,17.956700,18.063900
1525765555,18.305900,18.340000
1525940601,17.956700,18.063700
1525940602,17.956900,18.063700
1525940604,17.957000,18.063700
1525940608,17.957000,18.064000
1525940611,17.956500,18.064000
1525940615,17.956400,18.064100
1525940616,17.956600,18.064100
1525940618,17.956700,18.064100
1525940620,17.956700,18.064000
1525940622,17.956700,18.063700
1525940624,17.956700,18.063600
1525940627,17.956700,18.063500
1525940628,17.956700,18.063200
1525940629,17.956800,18.063100
1525940631,17.956800,18.063000
1525940632,17.956800,18.062900
1525940633,17.956900,18.062800
1525940634,17.957300,18.062800
1525940635,17.957300,18.062300
1525940636,17.957400,18.062300
1525940638,17.957400,18.062200
1525940641,17.957400,18.062000
1525940645,17.956900,18.061900
1525940646,17.957000,18.061900
1525940647,17.957500,18.062000
1525940648,17.957500,18.061800
1525940649,17.957600,18.061900
1525940650,17.957600,18.061700
1525940656,17.957600,18.061400
1525940659,17.957600,18.061300
1525940660,17.957100,18.061300
1525940662,17.957200,18.061300
1525940663,17.957300,18.060700
1525940664,17.957300,18.060600
1525940665,17.957400,18.060600
1525940669,17.957400,18.060400
1525940673,17.956900,18.060300
1525940674,17.957000,18.060300
1525940677,17.956700,18.060300
1525940679,17.956800,18.060200
1525940680,17.957000,18.060000
1525940684,17.957000,18.059900
1525940685,17.957100,18.059900
1525940686,17.957100,18.059700
1525940688,17.957100,18.059600
1525940690,17.957100,18.059500
1525940693,17.957300,18.058800
1525940694,17.957400,18.058800
1525940695,17.957400,18.058700
1525940696,17.957400,18.058600
1525940698,17.957400,18.058500
1525940699,17.957400,18.058400
1525940701,17.957400,18.058300
1525940702,17.956900,18.058300
1525940703,17.957500,18.058300
1525940704,17.957500,18.058200
1525940705,17.957500,18.058300
1525940706,17.957600,18.057900
1525940710,17.957700,18.057800
1525940711,17.957700,18.057700
1525940717,17.957800,18.057100
1525940721,17.957900,18.057000
1525940723,17.958000,18.057000
1525940726,17.958000,18.056900
1525940728,17.958100,18.056900
1525940729,17.958100,18.056800
1525940732,17.958100,18.056700
1525940734,17.958200,18.056700
1525940736,17.958200,18.056600
1525940738,17.958200,18.056500
1525940740,17.958300,18.056500
1525940741,17.958300,18.056200
1525940744,17.958400,18.056200
1525940746,17.958400,18.056100
1525940750,17.958500,18.056100
1525940752,17.958500,18.055900
1525940756,17.958600,18.055900
1525940760,17.958600,18.119300
1525940761,17.958600,18.094500
1525940762,17.958700,18.094500
1525940763,17.958700,18.119200
1525940764,17.958700,18.119100
1525940765,17.958700,18.119000
1525940766,17.958700,18.118900
1525940767,17.958800,18.118700
1525940769,17.958800,18.118600
1525940770,17.958800,18.118500
1525940771,17.958900,18.118500
1525940772,17.958900,18.118400
1525940773,17.958900,18.118000
1525940775,17.958900,18.117900
1525940776,17.959000,18.117800
1525940778,17.959100,18.117700
1525940779,17.959100,18.117200
1525940780,17.959100,18.117100
1525940781,17.959200,18.117000
1525940784,17.959200,18.116800
1525940787,17.958400,18.116700
1525940790,17.959300,18.116600
1525940792,17.959300,18.116400
1525940793,17.959300,18.116300
1525940794,17.959400,18.116300
1525940795,17.959400,18.116200
1525940796,17.959400,18.116100
1525940797,17.959400,18.115700
1525940799,17.958800,18.115600
1525940800,17.959500,18.115500
1525940802,17.959500,18.115400
1525940803,17.959500,18.114900
1525940804,17.959600,18.114900
1525940806,17.959600,18.114800
1525940807,17.959600,18.114700
1525940809,17.959400,18.114600
1525940810,17.959500,18.114500
1525940814,17.959500,18.114400
1525940816,17.959600,18.114400
1525940817,17.959600,18.114100
1525940818,17.959600,18.114000
1525940821,17.959600,18.113900
1525940822,17.959500,18.113900
1525940823,17.959700,18.113600
1525940824,17.959900,18.113500
1525940826,17.959900,18.113400
1525940829,17.960100,18.112800
1525940832,17.960200,18.112700
1525940835,17.960200,18.112500
1525940837,17.960300,18.112500
1525940838,17.960300,18.112400
1525940839,17.960300,18.112300
1525940842,17.959700,18.112200
1525940843,17.959800,18.112100
1525940844,17.960400,18.111800
1525940845,17.960500,18.111800
1525940848,17.960500,18.111700
1525940850,17.960500,18.111300
1525940851,17.960600,18.111300
1525940854,17.960600,18.111200
1525940855,17.960600,18.111100
1525940856,17.960600,18.110600
1525940857,17.960700,18.110500
1525940859,17.960700,18.110200
1525940862,17.960700,18.110100
1525940863,17.960900,18.109900
1525940864,17.961000,18.109900
1525940865,17.961000,18.109800
1525940866,17.961000,18.109700
1525940867,17.961100,18.109700
1525940869,17.961100,18.109400
1525940870,17.961300,18.109400
1525940876,17.961400,18.109100
1525940877,17.961500,18.109100
1525940878,17.961500,18.109000
1525940881,17.961800,18.108400
1525940883,17.961800,18.108300
1525940884,17.961800,18.108200
1525940885,17.961800,18.108100
1525940887,17.961800,18.108000
1525940888,17.961800,18.107800
1525940889,17.961900,18.107800
1525940891,17.961500,18.107800
1525940893,17.962000,18.107800
1525940895,17.962100,18.107800
1525940896,17.962100,18.107700
1525940898,17.962100,18.107400
1525940900,17.962100,18.107300
1525940901,17.961500,18.107300
1525940902,17.961600,18.107200
1525940903,17.961600,18.106900
1525940906,17.961600,18.106800
1525940909,17.961600,18.106700
1525940913,17.961700,18.106100
1525940914,17.962200,18.106100
1525940916,17.962200,18.106000
1525940918,17.962200,18.105900
1525940919,17.962300,18.106000
1525940920,17.962300,18.105800
1525940921,17.962300,18.105700
1525940923,17.962300,18.105600
1525940925,17.962300,18.105800
1525940926,17.962300,18.105500
1525940927,17.962300,18.105400
1525940929,17.962300,18.105200
1525940930,17.962400,18.105200
1525940931,17.962400,18.105100
1525940933,17.962400,18.105000
1525940935,17.962400,18.104900
1525940937,17.962500,18.104600
1525940940,17.962600,18.104600
1525940941,17.962600,18.104500
1525940942,17.962600,18.103900
1525940944,17.962600,18.103800
1525940945,17.962700,18.103800
1525940947,17.962700,18.103700
1525940948,17.962800,18.103700
1525940949,17.962900,18.103500
1525940951,17.963000,18.103400
1525940953,17.963100,18.103400
1525940954,17.963100,18.103300
1525940956,17.963100,18.103100
1525940957,17.963300,18.103100
1525940958,17.963400,18.103000
1525940961,17.963500,18.103000
1525940963,17.963600,18.103000
1525940964,17.963600,18.102600
1525940966,17.963600,18.102500
1525940968,17.964000,18.102500
1525940969,17.964000,18.101900
1525940971,17.964100,18.101900
1525940973,17.964200,18.101800
1525940975,17.964300,18.101700
1525940976,17.964400,18.101500
1525940979,17.964400,18.101400
1525940980,17.964500,18.101400
1525940982,17.964700,18.101100
1525940984,17.964800,18.101100
1525940985,17.964800,18.101000
1525940987,17.964800,18.100900
1525940988,17.965200,18.100600
1525940989,17.965300,18.100600
1525940990,17.965300,18.100500
1525940993,17.965300,18.100400
1525940994,17.965900,18.099900
1525940996,17.965900,18.099800
1525940997,17.966000,18.099800
1525940999,17.966000,18.099700
1525941000,17.966200,18.099700
1525941001,17.966200,18.099600
1525941002,17.966300,18.099500
1525941005,17.966300,18.099400
1525941007,17.966400,18.099300
1525941008,17.966400,18.099000
1525941009,17.966600,18.098900
1525941010,17.966700,18.098900
1525941013,17.966700,18.098500
1525941014,17.966800,18.098500
1525941016,17.966800,18.098400
1525941017,17.966900,18.098400
1525941018,17.966900,18.098300
1525941019,17.966900,18.097700
1525941020,17.967400,18.097700
1525941023,17.967500,18.097700
1525941025,17.967600,18.097700
1525941027,17.967600,18.097600
1525941028,17.967700,18.097500
1525941033,17.967800,18.097400
1525941034,17.967800,18.097100
1525941035,17.968100,18.097100
1525941036,17.968100,18.097000
1525941037,17.968100,18.097000
1525941039,17.968200,18.096800
1525941041,17.968500,18.096400
1525941044,17.968600,18.096400
1525941046,17.968700,18.096400
1525941048,17.968700,18.096100
1525941049,17.969300,18.095500
1525941050,17.969400,18.095500
1525941053,17.969500,18.095500
1525941054,17.969600,18.095500
1525941056,17.969700,18.095800
1525941060,17.969800,18.095800
1525941062,17.970000,18.095700
1525941067,17.970100,18.095500
1525941068,17.970500,18.095500
1525941069,17.970600,18.095500
1525941072,17.970700,18.095500
1525941074,17.971200,18.095300
1525941078,17.971300,18.095300
1525941079,17.971400,18.095100
1525941082,17.971500,18.095100
1525941084,17.971500,18.095000
1525941086,17.971600,18.095000
1525941087,17.971800,18.094700
1525941090,17.971900,18.094700
1525941093,17.972100,18.094600
1525941094,17.972200,18.094600
1525941096,17.972300,18.094500
1525941099,17.972900,18.094400
1525941101,17.973000,18.094400
1525941104,17.976100,18.094300
1525941106,17.976200,18.094200
1525941108,17.976400,18.094000
1525941111,17.976500,18.094000
1525941113,17.976800,18.093900
1525941114,17.976800,18.093800
1525941118,17.976900,18.093800
1525941120,17.977000,18.093400
1525941123,17.977100,18.093400
1525941124,17.977100,18.093300
1525941126,17.977200,18.093300
1525941127,17.977700,18.093000
1525941130,17.977800,18.093000
1525941132,17.978000,18.093000
1525941135,17.978000,18.093400
1525941136,17.978100,18.093400
1525941140,17.978400,18.093400
1525941141,17.978400,18.093300
1525941146,17.978500,18.093300
1525941147,17.978900,18.093100
1526035872,15.190000,15.229800
1525941150,17.979000,18.093100
1525941153,17.979600,18.092900
1525941155,17.979700,18.092900
1525941158,17.979900,18.092900
1525941161,17.980000,18.093300
1525941164,17.980100,18.093300
1525941166,17.980400,18.093300
1525941167,17.980400,18.093400
1525941168,17.980500,18.093400
1525941172,17.980500,18.093000
1525941173,17.980900,18.093000
1525941175,17.984000,18.093000
1525941178,17.984600,18.093000
1525941179,17.984600,18.092800
1525941184,17.984700,18.092800
1525941186,17.984700,18.093300
1525941187,17.984800,18.093300
1525941188,17.984800,18.099700
1525941190,17.984800,18.093200
1525941191,17.984900,18.093200
1525941192,17.984900,18.099700
1525941193,17.984900,18.093100
1525941195,17.985200,18.093100
1525941196,17.985200,18.099600
1525941198,17.985300,18.099600
1525941200,17.985700,18.099500
1525941204,17.985800,18.099500
1525941206,17.986400,18.099300
1525941211,17.986500,18.099300
1525941215,17.986500,18.099700
1525941217,17.986700,18.099700
1525941221,17.987000,18.099600
1525941225,17.987100,18.099600
1525941227,17.987500,18.099500
1525941228,17.987600,18.099500
1525941232,17.987700,18.099500
1525941233,17.988200,18.099300
1525941235,17.988300,18.099300
1525941240,17.988500,18.099300
1525941241,17.988600,18.099700
1525941246,17.988700,18.099700
1525941247,17.988800,18.099700
1525941248,17.989100,18.099900
1525941249,17.989100,18.099600
1525941250,17.989200,18.099600
1525941251,17.989200,18.099600
1525941255,17.989200,18.099500
1525941256,17.989600,18.099500
1525941259,17.989700,18.099500
1525941261,17.990300,18.099500
1525941262,17.990300,18.099500
1525941263,17.990400,18.100000
1525941266,17.990600,18.100000
1525941270,17.990700,18.100000
1525941272,17.990800,18.100000
1525941273,17.991000,18.100000
1525941276,17.991100,18.100000
1525941281,17.991200,18.100000
1525941283,17.991500,18.100000
1525941284,17.991600,18.100000
1525941289,17.992200,18.100000
1525941292,17.992300,18.100000
1525941295,17.992500,18.100000
1525941297,17.992500,18.121000
1525941301,17.992600,18.120900
1525941303,17.992900,18.120600
1525941306,17.993000,18.120600
1525941307,17.993000,18.120500
1525941309,17.993400,18.120100
1525941311,17.993500,18.120100
1525941312,17.993500,18.120000
1525941314,17.993600,18.120100
1525941315,17.994100,18.119800
1525941317,17.993600,18.119800
1525941319,17.993600,18.119700
1525941321,17.993600,18.119800
1525941322,17.993800,18.119800
1525941323,17.993800,18.120200
1525941324,18.011000,18.120200
1525941326,18.011100,18.120200
1525941327,18.011200,18.120200
1525941329,18.011200,18.120400
1525941330,18.011300,18.120400
1525941331,18.011400,18.120400
1525941332,18.011500,18.120100
1525941338,18.011700,18.120100
1525941339,18.011700,18.145100
1525941340,18.011700,18.120200
1525941341,18.011700,18.145100
1525941343,18.011700,18.145000
1525941344,18.012200,18.145000
1525941345,18.012200,18.144500
1525941347,18.012200,18.144400
1525941351,18.012200,18.144200
1525941352,18.012000,18.144100
1525941355,18.012000,18.144000
1525941357,18.011800,18.144000
1525941358,18.012100,18.144000
1525941359,18.012200,18.143700
1525941360,18.012300,18.143700
1525941363,18.012300,18.143600
1525941364,18.012500,18.143600
1525941366,18.012500,18.143500
1525941368,18.012600,18.143500
1525941370,18.012700,18.142900
1525941373,18.012800,18.142900
1525941375,18.012900,18.142900
1525941376,18.012700,18.142900
1525941377,18.012300,18.142600
1525941379,18.012900,18.142500
1525941383,18.013000,18.142500
1525941384,18.013000,18.142200
1525941386,18.013200,18.142200
1525941388,18.013300,18.142200
1525941390,18.013500,18.141900
1525941395,18.030900,18.141900
1525941396,18.030900,18.141300
1525941398,18.031000,18.141300
1525941401,18.031000,18.141200
1525941402,18.031200,18.141200
1525941403,18.031200,18.141000
1525941405,18.031200,18.140900
1525941407,18.031300,18.140900
1525941408,18.031300,18.140800
1525941409,18.031500,18.140900
1525941410,18.031500,18.140500
1525941411,18.031500,18.140400
1525941413,18.031500,18.140300
1525941415,18.031500,18.140200
1525941416,18.031800,18.139800
1525941421,18.031800,18.139700
1525941422,18.031800,18.139700
1525941424,18.032000,18.139100
1525941427,18.032000,18.139000
1525941430,18.032000,18.138700
1525941431,18.031600,18.138600
1525941434,18.031600,18.138500
1525941435,18.031600,18.138600
1525941438,18.031400,18.138600
1525941439,18.031700,18.138600
1525941442,18.031800,18.138600
1525941443,18.032000,18.138600
1525941449,18.032200,18.138600
1525941453,18.032200,18.162700
1525941454,18.032200,18.162600
1525941456,18.032200,18.138300
1525941457,18.032400,18.138300
1525941458,18.036500,18.162000
1525941460,18.036500,18.161900
1525941461,18.036700,18.161900
1525941464,18.036700,18.161800
1525941468,18.036700,18.161700
1525941469,18.036600,18.161700
1525941470,18.036600,18.161600
1525941473,18.036600,18.161500
1525941475,18.036900,18.161200
1525941478,18.036900,18.161100
1525941479,18.036900,18.160700
1525941481,18.036900,18.160600
1525941482,18.036900,18.160500
1525765671,18.306300,18.350000
1525941485,18.036900,18.160400
1525941486,18.036900,18.160300
1525941488,18.037100,18.159800
1525941490,18.037100,18.159700
1525941493,18.037100,18.159500
1525941495,18.020400,18.159500
1525941496,18.020400,18.159400
1525941500,18.020400,18.159100
1525941505,18.020400,18.159000
1525941506,18.020400,18.158900
1525941507,18.020400,18.158500
1525941509,18.020400,18.158400
1525941512,18.020400,18.157800
1525941514,18.032000,18.157800
1525941515,18.032000,18.157700
1525941518,18.032000,18.157500
1525941520,18.032100,18.157500
1525941523,18.032100,18.157400
1525941525,18.032100,18.157300
1525941526,18.032100,18.157100
1525941529,18.032100,18.157000
1525941530,18.032100,18.156900
1525941531,18.032100,18.156800
1525941533,18.032500,18.156400
1525941535,18.032500,18.156300
1525941538,18.032500,18.156200
1525941539,18.032700,18.156200
1525941540,18.032700,18.155600
1525941543,18.032700,18.155500
1525941546,18.032700,18.155400
1525941547,18.032300,18.155400
1525941549,18.032300,18.155300
1525941551,18.032300,18.155200
1525941553,18.032000,18.154900
1525941557,18.032000,18.154800
1525941558,18.032000,18.154700
1525941559,18.032000,18.154300
1525941560,18.032000,18.154200
1525941562,18.032000,18.154100
1525941563,18.032000,18.153900
1525941565,18.032000,18.153800
1525941566,18.032000,18.153500
1525941567,18.032000,18.153400
1525941571,18.032000,18.153300
1525941573,18.032000,18.153100
1525941574,18.032000,18.153000
1525941575,18.032000,18.152900
1525941578,18.032000,18.152800
1525941580,18.032000,18.152600
1525941586,18.032000,18.152300
1525941592,18.032000,18.151800
1525941599,18.032000,18.151700
1525941600,18.032000,18.151800
1525941601,18.032000,18.151600
1525941607,18.032000,18.151300
1525941612,18.032000,18.151200
1525941616,18.032000,18.151100
1525941619,18.032000,18.150500
1525941624,18.032000,18.150400
1525941627,18.032000,18.150300
1525941631,18.032000,18.150200
1525941632,18.032000,18.150000
1525941638,18.032000,18.149700
1525941642,18.032000,18.149600
1525941644,18.032000,18.149500
1525941645,18.032000,18.149000
1525941648,18.032000,18.148900
1525941651,18.032000,18.148700
1525941653,18.032000,18.148600
1525941657,18.032000,18.148500
1525941658,18.032000,18.148200
1525941660,18.032000,18.148100
1525941663,18.032000,18.148000
1525941664,18.032000,18.147600
1525941668,18.032000,18.147500
1525941670,18.032000,18.146900
1525941673,18.032000,18.146800
1525941674,18.032000,18.146700
1525941677,18.032000,18.146600
1525941678,18.032000,18.146400
1525941681,18.032000,18.146300
1525941682,18.032000,18.146200
1525941684,18.032000,18.145900
1525941687,18.032100,18.145800
1525941690,18.032100,18.145700
1525941691,18.032500,18.145400
1525941693,18.032500,18.145300
1525941694,18.032500,18.145200
1525941696,18.032700,18.145100
1525941697,18.032700,18.145000
1525941698,18.032700,18.144600
1525765707,18.307400,18.350000
1525941702,18.032700,18.144300
1525941704,18.032700,18.144200
1525941705,18.032000,18.144200
1525941707,18.032000,18.144100
1526028382,15.710000,15.745200
1525941710,18.032000,18.144000
1525941712,18.032000,18.143800
1525941714,18.032000,18.143700
1525941715,18.032000,18.143600
1525941717,18.032000,18.143500
1525941719,18.032000,18.143100
1525941721,18.032000,18.143000
1525941724,18.032000,18.142400
1525941728,18.032000,18.142300
1525941730,18.032000,18.142100
1525941732,18.032000,18.142000
1525941734,18.032000,18.141900
1525941735,18.032000,18.141800
1525941737,18.032000,18.141500
1525941739,18.032000,18.141400
1525941741,18.032000,18.141300
1525783970,17.848900,17.996100
1525941744,18.032000,18.141000
1525941746,18.032000,18.140900
1525941749,18.032000,18.140800
1525941750,18.032000,18.140500
1525941752,18.032000,18.140400
1525941755,18.032000,18.140200
1525941757,18.032000,18.140100
1525941759,18.032000,18.139900
1525941762,18.032000,18.139600
1525941763,18.032000,18.139500
1525941764,18.032000,18.139400
1525941768,18.032000,18.139000
1525941772,18.032000,18.138900
1525941775,18.032000,18.138300
1525941776,18.032000,18.138200
1525941778,18.032000,18.138100
1525941782,18.032000,18.137900
1525941785,18.032000,18.137800
1525941788,18.032000,18.137700
1525941791,18.032000,18.137600
1525941792,18.032000,18.137500
1525941793,18.032000,18.137600
1525941795,18.032000,18.137300
1525941800,18.032000,18.137100
1525941802,18.032000,18.137000
1525941804,18.032000,18.136900
1525941805,18.032000,18.136800
1525941806,18.032000,18.136300
1525941809,18.032000,18.136200
1525941813,18.032000,18.136200
1525941815,18.032000,18.136100
1525941818,18.032000,18.135900
1525941819,18.032000,18.136000
1525941820,18.032000,18.135800
1525941821,18.032000,18.135700
1525941825,18.032000,18.135500
1525941829,18.032000,18.135300
1525941831,18.032000,18.135200
1525941832,18.032000,18.100000
1525941833,18.032000,18.099400
1525941841,18.032000,18.099800
1525941846,18.032000,18.099700
1525941851,18.032000,18.099600
1525941853,18.032000,18.099500
1525941855,18.032000,18.099400
1525941857,18.032000,18.099300
1525941858,18.032000,18.099200
1525941859,18.032000,18.098800
1525941862,18.016000,18.032000
1525941865,18.006800,18.032000
1525941867,18.006900,18.098300
1525896808,17.540500,17.636900
1525941874,18.006900,18.099900
1525941875,18.006900,18.098200
1525941879,18.006900,18.097900
1525941880,18.006900,18.050000
1525941886,18.032000,18.050000
1526028388,15.710000,15.739600
1525775246,18.170100,18.247000
1526027886,15.770000,15.805400
1525941911,18.032000,18.099900
1525941913,18.032000,18.099800
1525941914,18.032000,18.100000
1525941915,18.032000,18.099200
1525941916,18.032000,18.099100
1525941920,18.032000,18.098900
1525941922,18.032000,18.098800
1525941930,18.032000,18.098500
1525941932,18.032000,18.098400
1525941934,18.032000,18.098100
1525941935,18.032000,18.098000
1525941937,18.032000,18.097900
1525941938,18.032000,18.097800
1525941940,18.032000,18.097600
1525941942,18.032000,18.097500
1525941943,18.032000,18.097400
1525941946,18.032000,18.097300
1525941948,18.032000,18.097100
1525941950,18.032000,18.097000
1525941951,18.032000,18.096900
1525941955,18.032000,18.096700
1525941958,18.032000,18.096600
1525941959,18.032000,18.096500
1525941960,18.032000,18.096400
1525941961,18.032000,18.096500
1525941963,18.032000,18.152800
1525941964,18.032000,18.096400
1525941967,18.032000,18.096300
1525941970,18.032000,18.096200
1525941973,18.032000,18.096100
1525941975,18.032000,18.096000
1525941979,18.032000,18.095900
1525941982,18.032000,18.095800
1525941984,18.032000,18.095600
1525941986,18.032000,18.095500
1525941989,18.032000,18.095400
1525941992,18.032000,18.095100
1525941993,18.032000,18.095000
1525941996,18.032000,18.094900
1525941997,18.032000,18.094800
1525941998,18.032000,18.094600
1525942000,18.032000,18.094500
1525942002,18.032000,18.094400
1525942004,18.032000,18.093900
1525942006,18.032000,18.093800
1525942009,18.032000,18.093700
1525942010,18.032000,18.093600
1525942013,18.032000,18.093500
1525942015,18.032000,18.093400
1525942018,18.032000,18.093100
1525942020,18.032000,18.093000
1525942024,18.032000,18.092600
1525942026,18.032000,18.092500
1525942034,18.032000,18.117200
1525942035,18.032000,18.092400
1525942036,18.032000,18.092300
1525942041,18.032000,18.092200
1525942043,18.032000,18.091900
1525942047,18.032000,18.091800
1525942050,18.032000,18.091400
1525942054,18.032000,18.091300
1525942057,18.032000,18.090700
1525942065,18.032000,18.116500
1525942066,18.032000,18.116400
1525942072,18.032000,18.116300
1525942076,18.032000,18.116000
1525942082,18.032000,18.115900
1525942086,18.032000,18.115800
1525942088,18.032000,18.115200
1525942092,17.994300,18.000000
1525942116,18.011000,18.113300
1525942117,18.011000,18.113200
1525942119,18.011000,18.113100
1525942120,18.011200,18.113100
1525942121,18.011200,18.113000
1525942123,18.011200,18.112900
1525942126,18.011200,18.112800
1525942128,18.011300,18.112500
1525942130,18.011300,18.112400
1525942133,18.011300,18.112300
1525942134,18.011400,18.112000
1525942137,18.011400,18.111900
1525942139,18.011400,18.111800
1525942140,18.011400,18.111200
1525942142,17.981800,18.111200
1525942144,17.981800,18.111100
1525942145,17.981800,18.110900
1525942146,17.981800,18.110800
1525942147,17.981800,18.110800
1525942148,17.981800,18.110900
1525942149,17.981800,18.110700
1525942154,17.981800,18.110400
1525942156,17.981800,18.110300
1525942158,17.981800,18.110200
1525942161,17.981800,18.109800
1525942162,17.981800,18.109700
1525942164,17.981800,18.109600
1525942167,17.981800,18.109000
1525942168,17.981800,18.109000
1525942169,17.981800,18.108900
1525942174,17.981800,18.108800
1525942177,17.981800,18.108700
1525942180,17.981800,18.108600
1525942184,17.981800,18.108300
1525942187,17.981800,18.108200
1525942189,17.981800,18.107800
1525942192,17.981800,18.107700
1525942193,17.981800,18.107600
1525942195,17.981800,18.107000
1525942198,17.981800,18.106900
1525942201,17.981800,18.106800
1525942203,17.981800,18.106700
1525942204,17.981800,18.106700
1525942205,17.981800,18.106800
1525942206,17.981800,18.106600
1525942207,17.981800,18.106800
1525942209,17.981800,18.106500
1525942211,17.981800,18.106400
1525942221,17.981800,18.105800
1525942222,17.981800,18.105700
1525942224,17.981800,18.105600
1525942225,17.981800,18.105700
1525942227,17.981800,18.105500
1525942231,17.981800,18.105400
1525942232,17.981800,18.105300
1525942233,17.981800,18.105100
1525942234,17.981800,18.105000
1525942235,17.981800,18.104900
1525942238,17.981800,18.104800
1525942239,17.981800,18.104500
1525942240,17.981800,18.104300
1525942244,17.981800,18.104200
1525942245,17.981800,18.104100
1525942246,17.981800,18.103600
1525942248,17.981800,18.103500
1525942249,17.981800,18.103400
1525942250,17.981800,18.103200
1525942256,17.981800,18.103100
1525942259,17.981800,18.103000
1525942264,17.981800,18.102900
1525942265,17.981800,18.102600
1525942270,17.981800,18.102500
1525942271,17.981800,18.102200
1525942272,17.981800,18.102100
1525942274,17.981800,18.102000
1525942276,17.981800,18.101800
1525942278,17.981800,18.101700
1525942280,17.981800,18.101600
1525942284,17.981800,18.101500
1525942285,17.981800,18.101300
1525942286,17.981800,18.101200
1525942289,17.981800,18.101000
1525942290,17.981800,18.100600
1525942294,17.981800,18.100500
1525942295,17.981800,18.100400
1525942297,17.981800,18.099800
1525942302,17.981800,18.099700
1525942303,17.981800,18.099600
1525942306,17.981800,18.099400
1525942308,17.981800,18.099300
1525942310,17.981800,18.099000
1525942315,17.981800,18.098900
1525942317,17.981800,18.098700
1525942322,17.981800,18.098600
1525942325,17.981800,18.098100
1525942327,17.981800,18.098000
1525942329,17.981800,18.097900
1525942331,17.981800,18.097800
1525942333,17.981800,18.097700
1525942335,17.981800,18.097600
1525942342,17.981800,18.097300
1525942346,17.981800,18.097200
1525942353,17.981800,18.119400
1525942354,17.981800,18.097100
1525942357,17.981800,18.119100
1525942358,17.981800,18.097000
1525942367,17.986000,18.097000
1525942368,17.986400,18.118300
1525942373,17.986400,18.118200
1525942374,17.986400,18.118100
1525942375,17.986700,18.117600
1525942378,17.986700,18.117500
1525942380,17.986700,18.117400
1525942381,17.986700,18.117300
1525942383,17.986300,18.117300
1525942384,17.986800,18.117200
1525942389,17.986800,18.116900
1525942393,17.986800,18.116800
1525942395,17.986800,18.116700
1525942396,17.986800,18.116400
1525942397,17.987000,18.116400
1525942399,17.987100,18.116300
1525942401,17.987000,18.116200
1525942402,17.987700,18.115700
1525942404,17.987800,18.115700
1525942409,17.987800,18.116000
1525942410,17.987900,18.116000
1525942412,17.987900,18.115900
1525942415,17.987900,18.115800
1525942416,17.987900,18.115700
1525942420,17.987900,18.115600
1525942421,17.988200,18.115400
1525942422,17.988200,18.115300
1525942425,17.988300,18.115200
1525942427,17.988300,18.114800
1525942429,17.988300,18.114700
1525942430,17.988300,18.114600
1525942431,17.988300,18.114500
1525942433,17.988500,18.114300
1525942434,17.988500,18.114000
1525942437,17.988500,18.113900
1525942438,17.988500,18.113700
1525942441,17.988500,18.113600
1525942442,17.988600,18.113600
1525942447,17.988600,18.113300
1525942448,17.988600,18.113200
1525942451,17.988600,18.113100
1525942452,17.988600,18.113000
1525942455,17.988600,18.112600
1525942457,17.988600,18.112500
1525942459,17.988600,18.112400
1525942461,17.988600,18.111900
1525942462,17.988600,18.111800
1525942464,17.988600,18.111700
1525942466,17.988600,18.111500
1525942468,17.988600,18.111400
1525942471,18.000000,18.111400
1525942474,18.000300,18.111400
1525942475,18.000300,18.111100
1525942477,18.000300,18.111000
1525942480,18.000400,18.111000
1525942481,18.000400,18.110600
1525942482,18.000400,18.110500
1525942484,18.000400,18.110400
1525942486,18.000700,18.110400
1525942487,18.000700,18.109800
1525942489,18.000700,18.109700
1525942491,18.000700,18.109600
1525942492,18.000700,18.109500
1525942494,18.000700,18.109400
1525942495,18.000300,18.109300
1525942498,18.000300,18.109200
1525942501,18.000400,18.108800
1525942504,18.000400,18.108600
1525942506,18.000500,18.108600
1525942507,18.000500,18.108300
1525942509,18.000500,18.108200
1525942512,18.000700,18.107600
1525942515,18.000700,18.107500
1525942517,18.000700,18.107400
1525942518,18.000700,18.107500
1525942519,18.000700,18.107200
1525942522,18.000300,18.107100
1525942525,18.000300,18.107000
1525942526,18.000500,18.106700
1525942528,18.000500,18.106600
1526061572,15.101200,15.457500
1525942532,18.000700,18.106200
1525942535,18.000700,18.106100
1525942537,18.000700,18.106000
1525942539,18.000700,18.105900
1525942541,18.000300,18.105900
1525942543,18.000900,18.105800
1525942544,18.000900,18.105300
1525942545,18.000900,18.105200
1525942547,18.000900,18.105100
1525942548,18.000900,18.105200
1525942549,18.000900,18.105000
1525942552,18.000900,18.104900
1525942553,18.000500,18.104900
1525942556,18.000500,18.104800
1525942557,18.000600,18.104500
1525942558,18.000600,18.104400
1525942560,18.000600,18.104300
1525942561,18.000600,18.104200
1525942562,18.000700,18.104200
1525942563,18.000700,18.104000
1525942566,18.000700,18.103900
1525942569,18.000700,18.103800
1525942570,18.000900,18.103300
1525942574,18.000900,18.103200
1525942576,18.000900,18.103000
1525942579,18.000200,18.102900
1525942583,18.000300,18.102900
1525942584,18.000300,18.102600
1525942586,18.000300,18.102500
1525942588,18.000300,18.102400
1525942589,18.000300,18.102300
1525942590,18.000400,18.102200
1525942592,18.000400,18.102100
1525942596,18.000700,18.101500
1525942598,18.000700,18.101400
1525942601,18.000700,18.101200
1525942602,18.000700,18.101100
1525942604,18.000300,18.101100
1525942605,18.000300,18.101000
1525942606,18.000300,18.100900
1525942608,18.000300,18.100800
1525942610,18.000400,18.100500
1525942611,18.000400,18.100400
1525942612,18.000400,18.100300
1525942614,18.000400,18.100200
1525942616,18.000400,18.099800
1525942620,18.000400,18.099700
1525942621,18.000400,18.099500
1525942622,18.000600,18.098900
1525942624,18.000600,18.098800
1525942626,18.000600,18.098700
1525942627,18.000600,18.098400
1525942628,18.000600,18.098300
1525942630,18.000600,18.098200
1525942631,18.000000,18.098100
1525942633,18.000000,18.098000
1525942634,18.000200,18.097900
1525942637,18.000200,18.097800
1525777504,18.151400,18.216300
1525942640,18.000200,18.097700
1525792443,17.974100,18.099600
1525942642,18.000300,18.097700
1525942643,18.000300,18.097400
1525942647,18.000400,18.097300
1525942648,18.000400,18.096900
1525942649,18.000400,18.096800
1525942650,18.000400,18.096700
1525942653,18.000600,18.096100
1525942662,18.000200,18.096200
1525942663,18.000200,18.096100
1525942666,18.000200,18.096000
1525942668,18.000000,18.095900
1525942673,18.000000,18.095800
1525784001,17.849000,17.989300
1525942675,18.000000,18.095700
1525942677,18.000300,18.095400
1525942680,18.000300,18.095300
1525942684,18.000400,18.094900
1525942686,18.000400,18.094800
1525942689,18.000400,18.094700
1525942691,18.000600,18.094700
1525942694,18.000600,18.094200
1525942696,18.000600,18.094100
1525942697,18.000600,18.094000
1525942700,18.000200,18.094000
1525942701,18.000200,18.093900
1525942702,18.000200,18.093800
1525942704,18.000300,18.093500
1525942707,18.000300,18.093400
1525942709,18.000300,18.093300
1525942710,18.000400,18.093300
1525942712,18.000400,18.093200
1525942714,18.000400,18.093100
1525942717,18.000600,18.092500
1525942721,18.000600,18.092400
1525942722,18.000600,18.092300
1525942724,18.000600,18.092100
1525765878,18.309800,18.350000
1525942726,18.000200,18.092100
1525942727,18.000700,18.092100
1525942732,18.000700,18.092000
1525942737,18.000300,18.092000
1525942741,18.000000,18.099400
1525942743,18.000400,18.092100
1525942744,18.000400,18.099300
1525942746,18.000400,18.092000
1525942747,18.000600,18.092000
1525942754,18.000600,18.091800
1525942756,18.000200,18.091800
1525942762,18.000000,18.098500
1525942763,18.000000,18.098400
1525942764,18.000300,18.098200
1525942769,18.000300,18.098100
1525942770,18.000300,18.097900
1525942771,18.000400,18.097900
1525942774,18.000400,18.097800
1525942775,18.000400,18.097200
1525942776,18.000600,18.097200
1525942778,18.000600,18.097100
1525942780,18.000600,18.097000
1525942782,18.000600,18.096800
1525942783,18.000600,18.096700
1525942784,18.000200,18.096700
1525942785,18.000200,18.096600
1525942788,18.000200,18.096500
1525942790,18.000100,18.096500
1525942792,18.000100,18.096300
1525942794,18.000100,18.096100
1525942795,18.000400,18.096100
1525942796,18.000400,18.096000
1525942798,18.000400,18.095900
1525942801,18.000500,18.095500
1525942805,18.000500,18.095400
1525942807,18.000500,18.095300
1525942808,18.000500,18.095200
1525942810,18.000500,18.095100
1525942811,18.000100,18.095000
1525942813,18.000700,18.095000
1525942814,18.000700,18.094400
1525942817,18.000700,18.094300
1525942818,18.000700,18.094100
1525942822,18.000700,18.094000
1525942823,18.000300,18.094000
1525942828,18.000400,18.093900
1525942831,18.000400,18.093800
1525942833,18.000500,18.093800
1525942834,18.000500,18.093400
1525942837,18.000500,18.093300
1525765897,18.305700,18.350000
1525942840,18.000500,18.092700
1525942841,18.000700,18.092700
1525942843,18.000700,18.092600
1525942846,18.000700,18.092400
1525942847,18.000700,18.092300
1525942849,18.000300,18.092300
1525942854,18.000400,18.092000
1525942857,18.000400,18.091900
1525942859,18.000500,18.091900
1525942860,18.000500,18.091500
1525942864,18.000500,18.091400
1525942865,18.000700,18.091400
1525942870,18.000700,18.099900
1525942871,18.000700,18.091300
1525942874,18.000700,18.099900
1525942875,18.000300,18.099700
1525942876,18.000300,18.091200
1525942881,18.000400,18.099500
1525942882,18.000400,18.099400
1525942884,18.000400,18.099300
1525942885,18.000400,18.099200
1525942886,18.000400,18.099100
1525942888,18.000500,18.098700
1525942892,18.000500,18.098600
1525942893,18.000500,18.098500
1525942894,18.000700,18.098300
1525942895,18.000700,18.098200
1525942899,18.000700,18.098100
1525942901,18.000700,18.097900
1525942903,18.000200,18.097900
1525942905,18.000200,18.097800
1525942908,18.000300,18.097700
1525942909,18.000300,18.097400
1525942911,18.000300,18.097300
1525942914,18.000400,18.096900
1525942916,18.000400,18.096800
1525942917,18.000400,18.096700
1525942919,18.000400,18.096600
1525942920,18.000400,18.096100
1525942921,18.000600,18.096100
1525942922,18.000600,18.096000
1525942924,18.000600,18.095900
1525942925,18.000600,18.095800
1525942926,18.000600,18.095600
1525942929,18.000200,18.095500
1525942931,18.000200,18.095400
1525942932,18.000200,18.095500
1525942933,18.000300,18.095500
1525942934,18.000300,18.095200
1525942935,18.000300,18.095100
1525942937,18.000300,18.095000
1525942938,18.000300,18.094900
1525942939,18.000300,18.094700
1525942940,18.000400,18.094700
1525942941,18.000400,18.094600
1525942943,18.000400,18.094500
1525942944,18.000400,18.094400
1525942947,18.000600,18.094000
1525942951,18.000600,18.093900
1525942953,18.000600,18.093700
1525942954,18.000600,18.093600
1525942955,18.000200,18.093500
1525942958,18.000200,18.093400
1525942960,18.000200,18.093300
1525942962,18.000000,18.093300
1525942963,18.000000,18.093200
1525942964,18.000000,18.093100
1525942966,18.000000,18.093000
1525942967,18.000000,18.092700
1525942968,18.000300,18.092700
1526028424,15.610200,15.687000
1525942971,18.000400,18.092500
1525942973,18.000400,18.092400
1525942974,18.000400,18.092300
1525942976,18.000400,18.092200
1525942977,18.000600,18.092200
1525942978,18.000600,18.091600
1525942980,18.000600,18.091500
1525942982,18.000600,18.091400
1525942983,18.000600,18.091300
1525942985,18.000600,18.091200
1525942986,18.000600,18.091100
1525942987,18.000200,18.091100
1525942989,18.000200,18.090900
1525942992,18.000000,18.090800
1525942995,18.000000,18.090700
1525942997,18.000300,18.090500
1525942998,18.000300,18.090400
1525943000,18.000300,18.090300
1525943001,18.000300,18.090200
1525943003,18.000300,18.090100
1525943004,18.000300,18.090000
1525943005,18.000000,18.090000
1525943006,18.000000,18.089900
1525943007,18.000000,18.089800
1525943009,18.000000,18.089700
1525943011,18.000000,18.089600
1525943015,18.000000,18.089500
1525943017,18.000000,18.089400
1525943019,18.000000,18.089300
1525943021,18.000000,18.089200
1525943022,18.000000,18.089100
1525943023,18.000000,18.089000
1526028072,16.010000,16.013900
1525943028,18.000000,18.088900
1525943030,18.000000,18.088800
1525943035,18.000000,18.088700
1525943037,18.000000,18.088600
1525943040,18.000000,18.088500
1525943044,18.000000,18.088400
1525943045,18.000000,18.088300
1525943047,18.000000,18.088200
1525943051,18.000000,18.088100
1525943054,18.000000,18.088000
1525943056,18.000000,18.087900
1525943058,18.000000,18.088000
1525943059,18.000000,18.087900
1525943063,18.000000,18.087800
1525943064,18.000000,18.087700
1525943069,18.000000,18.087600
1525943072,18.000000,18.087500
1525943076,18.000000,18.087400
1525943078,18.000000,18.087300
1525943082,18.000000,18.087200
1525943084,18.000000,18.087100
1525943087,18.000000,18.087000
1525943093,18.000000,18.086900
1525943095,18.000000,18.086800
1525943098,18.000000,18.086700
1525943101,18.000000,18.086600
1525943103,18.000000,18.086500
1525943104,18.000000,18.086400
1525943105,18.000000,18.086300
1525943107,18.000000,18.086200
1525943109,18.000000,18.086100
1525943112,18.000000,18.086000
1525943116,18.000000,18.085900
1525943117,18.000000,18.085800
1525943120,18.000000,18.085700
1525943123,18.000000,18.085600
1525943126,18.000000,18.085500
1525943129,18.000000,18.085400
1525943131,18.000000,18.085300
1525943135,18.000000,18.085200
1525943138,18.000000,18.085100
1525943139,18.000000,18.085000
1525943143,18.000000,18.084900
1525943146,18.000000,18.084800
1525943148,18.000000,18.084700
1525943149,18.000000,18.084600
1525943151,18.000000,18.084500
1525943152,18.000000,18.084400
1525943155,18.000000,18.084300
1525943158,18.000000,18.099900
1525943159,18.000000,18.099900
1525943160,18.000000,18.084200
1525943161,18.000000,18.099900
1525943165,18.000000,18.099800
1525943166,18.000300,18.099600
1525943169,18.000300,18.099500
1525943171,18.000300,18.099400
1525943172,18.000400,18.099100
1525943174,18.000400,18.099000
1525943176,18.000400,18.098900
1525943177,18.000400,18.098800
1525943179,18.000600,18.098800
1525943180,18.000600,18.098200
1525943184,18.000600,18.098100
1525943188,18.000200,18.098100
1525943190,18.000200,18.098500
1525943192,18.000300,18.097800
1525943197,18.000300,18.097700
1525943198,18.000400,18.097600
1525943202,18.000400,18.097500
1525943204,18.000700,18.097500
1525943205,18.000700,18.097100
1525943208,18.000700,18.097000
1525943210,18.000700,18.096800
1525943211,18.000700,18.096700
1525943213,18.000300,18.096700
1525943217,18.000400,18.096700
1525943218,18.000400,18.096400
1525943221,18.000400,18.096300
1525943223,18.000500,18.096300
1525943229,18.000500,18.099900
1525943230,18.000500,18.100000
1525943231,18.000600,18.095700
1525943232,18.000600,18.095600
1525943236,18.000600,18.095300
1525786237,17.861000,18.016600
1525943239,18.000200,18.095300
1525943244,18.000300,18.095000
1525943246,18.000300,18.094900
1525943250,18.000400,18.094900
1525943251,18.000400,18.094400
1525943258,18.000700,18.093800
1525943261,18.000700,18.093700
1525943262,18.000700,18.093500
1525943264,18.000700,18.093400
1525943267,18.000300,18.093400
1525943271,18.000400,18.093100
1525943274,18.000400,18.093000
1525943278,18.000600,18.093000
1525943279,18.000600,18.092600
1525943280,18.000600,18.092500
1525943285,18.000600,18.091900
1525943286,18.000600,18.091800
1525943289,18.000600,18.091600
1525943291,18.000600,18.091500
1525943292,18.000700,18.091500
1525943296,18.000700,18.091200
1525943300,18.000700,18.091100
1525943302,18.000700,18.090700
1525943303,18.000700,18.090700
1525943305,18.000700,18.090600
1525943312,18.000700,18.099900
1525943315,18.000700,18.099700
1525943319,18.000700,18.099600
1525943323,18.000700,18.099300
1525943326,18.000700,18.099200
1525943331,18.000800,18.099200
1525943333,18.000800,18.098800
1525943334,18.000400,18.098800
1525943336,18.000400,18.098600
1525943337,18.000600,18.098600
1525943338,18.000600,18.098500
1525943342,18.000600,18.098300
1525943345,18.000500,18.098200
1525943349,18.000800,18.098200
1525943350,18.000800,18.097900
1525943351,18.000800,18.097800
1525943355,18.000800,18.097400
1525943356,18.000900,18.097400
1525943357,18.000900,18.097300
1525943361,18.001100,18.097300
1525943362,18.001100,18.096700
1525943364,18.001100,18.096600
1525943369,18.001000,18.096400
1525943370,18.001000,18.096300
1525943375,18.001000,18.096000
1525943376,18.001000,18.095900
1525943385,18.001000,18.099900
1525943386,18.001000,18.095500
1525943387,18.001100,18.095500
1525943388,18.001100,18.095400
1525943393,18.001300,18.094800
1525943395,18.001300,18.094700
1525943399,18.001300,18.094500
1525943400,18.001300,18.094400
1525943401,18.000900,18.094400
1525943406,18.001000,18.094100
1525943407,18.001000,18.094000
1525765992,18.310600,18.350000
1525943413,18.001100,18.093600
1525943416,18.001100,18.093500
1525943421,18.000700,18.093500
1525943423,18.001300,18.092900
1525943425,18.001300,18.092800
1525943429,18.001300,18.092600
1525943430,18.001300,18.092500
1525943431,18.001000,18.092500
1526028140,15.878200,15.885200
1525943436,18.001100,18.092200
1525943438,18.001100,18.092100
1525765997,18.310800,18.350000
1525943443,18.001200,18.091700
1525943445,18.001200,18.091600
1525943450,18.000800,18.091600
1525943452,18.000800,18.100000
1525943453,18.000800,18.091500
1525943456,18.000800,18.099900
1525943462,18.001000,18.099900
1525943463,18.001000,18.099700
1525943464,18.001000,18.099600
1525943470,18.000900,18.099600
1525943474,18.001200,18.099300
1525943475,18.001200,18.098800
1525943476,18.001300,18.098800
1525943478,18.001300,18.098700
1525766004,18.311000,18.350000
1525943483,18.001500,18.098100
1525943485,18.001500,18.098000
1525943489,18.001500,18.097800
1525943491,18.001100,18.097700
1525943495,18.001200,18.097700
1525943497,18.001200,18.099900
1525943500,18.001300,18.099900
1525943501,18.001300,18.099500
1525943504,18.001300,18.099400
1525943506,18.001500,18.098800
1525943508,18.001500,18.098700
1525766009,18.311100,18.350000
1525943512,18.001500,18.098500
1525943513,18.001500,18.098400
1525943514,18.001200,18.098400
1525943520,18.001200,18.098100
1525943521,18.001300,18.098100
1525766011,18.311200,18.350000
1525943524,18.001300,18.098000
1525943527,18.001400,18.098000
1525943530,18.001400,18.099900
1525943534,18.001600,18.099900
1525943541,18.001200,18.099900
1525943547,18.000300,18.099900
1525943552,18.000400,18.099900
1525943559,18.000600,18.099900
1525943562,18.000600,18.100000
1525943563,18.000600,18.099900
1525943568,18.000200,18.099900
1525943572,18.000100,18.099900
1525943576,18.000000,18.099900
1525943577,18.000300,18.099600
1525943580,18.000300,18.099500
1525943583,18.000600,18.099500
1525943588,18.000600,18.099400
1525943589,18.000800,18.099400
1525943590,18.000800,18.099900
1525943591,18.000800,18.099300
1525943596,18.000400,18.099300
1525943598,18.000400,18.099900
1525781002,17.601100,17.697300
1525943601,18.000500,18.099900
1525943607,18.000600,18.099900
1525943608,18.000600,18.099800
1525943611,18.000700,18.100000
1525943613,18.001300,18.100000
1525943616,18.001400,18.100000
1525943620,18.001600,18.100000
1525943621,18.001600,18.099900
1525943622,18.001700,18.099900
1525943625,18.001700,18.099800
1525943627,18.002000,18.099400
1525943630,18.002000,18.099300
1525943632,18.002000,18.099200
1525943634,18.002000,18.099100
1525943635,18.001600,18.098700
1525943637,18.001600,18.098600
1525943639,18.001600,18.098500
1525943640,18.001600,18.098000
1525943643,18.001600,18.097900
1525943647,18.001600,18.097700
1525943649,18.001600,18.097600
1525943651,18.001600,18.097500
1525943652,18.001000,18.097400
1525943654,18.000800,18.097300
1525943656,18.000800,18.097200
1525943659,18.000800,18.097000
1525943660,18.001100,18.096900
1525943663,18.001100,18.096800
1525943665,18.001100,18.096700
1525943666,18.001100,18.096400
1525943668,18.000400,18.096400
1525943672,18.000600,18.096000
1525943673,18.000600,18.095900
1525943675,18.000600,18.095800
1525943677,18.000600,18.095700
1525943679,18.000600,18.095500
1525943680,18.000200,18.095500
1525943681,18.000200,18.095400
1525943683,18.000200,18.095300
1525943686,18.000300,18.095000
1525943690,18.000300,18.094900
1525943692,18.000300,18.094800
1525943693,18.000400,18.094500
1525943695,18.000400,18.094400
1525943699,18.000600,18.093800
1525943701,18.000600,18.093700
1525943705,18.000600,18.093600
1525943706,18.000600,18.093500
1525943707,18.000200,18.093400
1525943709,18.000200,18.093300
1525943710,18.000200,18.093200
1525943713,18.000300,18.092900
1525943718,18.000300,18.092800
1525943719,18.000400,18.092800
1525943724,18.000400,18.092700
1525943725,18.000600,18.092200
1525943727,18.000600,18.092100
1525943732,18.000600,18.091900
1525943733,18.000400,18.091900
1525943734,18.000400,18.091800
1525943738,18.000400,18.091500
1525943740,18.000400,18.091400
1525943744,18.000400,18.091000
1525766048,18.312200,18.350000
1525943746,18.000400,18.090900
1525943748,18.000400,18.113300
1525943750,18.000400,18.145300
1525766049,18.312300,18.350000
1525943753,18.000400,18.113200
1525943754,18.000400,18.145300
1525943756,18.000400,18.113100
1525943758,18.000400,18.113000
1525943760,18.000400,18.112900
1525943762,18.000400,18.112800
1525943764,18.000400,18.112600
1525943768,18.000400,18.112500
1525943770,18.000400,18.112100
1525943771,18.000400,18.112000
1525943773,18.000400,18.111900
1525943775,18.000400,18.111800
1525943776,18.000600,18.111300
1525943777,18.000600,18.111200
1525943779,18.000600,18.111100
1525943781,18.000600,18.111000
1525943783,18.000600,18.110800
1525943784,18.000200,18.110700
1525943786,18.000200,18.110600
1525943787,18.000200,18.110500
1525943789,18.000200,18.110400
1525943791,18.000300,18.110400
1525943793,18.000300,18.110300
1525943795,18.000300,18.110000
1525943796,18.000300,18.109900
1525943799,18.000300,18.109800
1525943802,18.000400,18.109400
1525943806,18.000500,18.109300
1525943807,18.000500,18.108700
1525943809,18.000500,18.108600
1525943811,18.000500,18.108500
1525943813,18.000500,18.108300
1525943816,18.000500,18.108200
1525943822,18.000500,18.107900
1526028205,15.755300,15.883000
1525943824,18.000500,18.107800
1525943826,18.000500,18.107700
1525943827,18.000500,18.107300
1525943830,18.000500,18.107200
1525943832,18.000500,18.106600
1525943834,18.000500,18.106500
1525943836,18.000500,18.106400
1525943837,18.000500,18.106300
1525943839,18.000500,18.106200
1525943840,18.000500,18.106100
1525943843,18.000500,18.106000
1525943846,18.000500,18.105900
1525943847,18.000500,18.105700
1525943849,18.000500,18.105600
1525943851,18.000500,18.105500
1525943853,18.000500,18.105100
1525943856,18.000500,18.105000
1525943858,18.000500,18.104900
1525943859,18.000500,18.104300
1526054659,15.400400,15.470000
1525943863,18.000500,18.104200
1525943865,18.000500,18.104000
1525943866,18.000500,18.103900
1525943869,18.000500,18.103800
1525943871,18.000500,18.103500
1525943873,18.000500,18.103400
1525943874,18.000500,18.103200
1525943878,18.000500,18.103100
1525943880,18.000500,18.102700
1525943882,18.000500,18.102600
1525943883,18.000500,18.102500
1525943884,18.000500,18.102400
1525943886,18.000500,18.102300
1525943887,18.000500,18.101900
1525943890,18.000500,18.102300
1525943891,18.000500,18.102100
1525943897,18.000500,18.102000
1525943899,18.000500,18.101900
1525943900,18.000500,18.101700
1525943903,18.000500,18.101600
1525943905,18.000500,18.101500
1525943906,18.000500,18.101200
1525943914,18.000500,18.101100
1525943915,18.000500,18.101000
1525943917,18.000500,18.100400
1525943919,18.000500,18.100300
1525943921,18.000500,18.100200
1525943923,18.000500,18.100100
1525943925,18.000500,18.100000
1525943927,18.000500,18.099900
1525943931,18.000500,18.099800
1525943932,18.000500,18.099600
1525943933,18.000500,18.099500
1525943936,18.000500,18.099400
1525943937,18.000500,18.099000
1525943939,18.000500,18.098900
1525943940,18.000500,18.098800
1525943941,18.000500,18.098900
1525943942,18.000500,18.098800
1525943943,18.000500,18.098300
1525943945,18.000500,18.098200
1525943948,18.000500,18.098100
1525943950,18.000500,18.097900
1525943952,18.000500,18.097800
1525943956,18.000500,18.070000
1525943958,18.000500,18.069700
1525943960,18.000500,18.069600
1525943963,18.000500,18.069500
1525943965,18.000500,18.069400
1525943966,17.981500,18.069400
1525943967,17.970000,18.069400
1525943968,17.970000,18.069300
1525943969,17.970600,18.068700
1525943972,17.970700,18.068700
1525943974,17.970700,18.068600
1525943977,17.970700,18.068500
1525943978,17.970700,18.068400
1525943980,17.970700,18.068300
1525943981,17.970700,18.068200
1525943983,17.970700,18.067900
1525943986,17.970700,18.067800
1525943987,17.970700,18.068000
1525943989,17.970700,18.067400
1525943990,17.970700,18.067300
1525943994,17.966600,18.067200
1525943996,17.966600,18.066600
1525944000,17.966600,18.066500
1525944001,17.966600,18.066400
1525944002,17.966600,18.066300
1525944003,17.966600,18.066200
1525944006,17.966600,18.066100
1525944008,17.966600,18.066000
1525944010,17.966600,18.065800
1525944014,17.966600,18.065700
1525944016,17.966600,18.065700
1525944017,17.966600,18.065300
1525944022,17.966600,18.065500
1525944023,17.966600,18.065000
1525944027,17.966600,18.064900
1525944030,17.966600,18.064800
1525944032,17.966600,18.064900
1525944033,17.966600,18.064700
1525944035,17.966600,18.064400
1525944039,17.966600,18.064300
1525944045,17.966600,18.064200
1525944047,17.966600,18.063900
1525944061,17.966600,18.064100
1525944066,17.966600,18.063800
1526028246,15.710000,15.901000
1525944070,17.966600,18.063700
1525944073,17.966600,18.063300
1525944075,17.966600,18.063200
1525944079,17.966600,18.062600
1525944081,17.966600,18.062500
1525944084,17.966600,18.062300
1525944090,17.966600,18.062200
1525944093,17.966600,18.061900
1525944095,17.966600,18.061800
1525944099,17.966600,18.061400
1525944101,17.966600,18.061300
1525944105,17.966600,18.060700
1525944108,17.966600,18.060600
1525944111,17.966600,18.060400
1525944112,17.953500,18.060400
1525944113,17.953100,18.060300
1525944114,17.953000,18.060300
1525944115,17.953600,18.060300
1525944118,17.953100,18.060000
1525944119,17.953700,18.060000
1525944123,17.953200,18.060000
1525944124,17.953200,18.059900
1525944125,17.953800,18.059900
1525944128,17.953800,18.094700
1525944129,17.953800,18.059500
1526063379,15.000600,15.143700
1525944137,17.953800,18.059400
1525944139,17.953800,18.093600
1525944140,17.953800,18.093700
1525944141,17.953800,18.059300
1525944142,17.953800,18.093600
1525944144,17.953800,18.093500
1525944145,17.953900,18.093500
1525944147,17.953900,18.093400
1525944148,17.954000,18.093300
1525944149,17.954000,18.093100
1525944150,17.954200,18.093100
1525944151,17.954300,18.093100
1525944152,17.954300,18.093000
1525944153,17.954300,18.092900
1525944155,17.954700,18.092500
1525944158,17.954800,18.092400
1525944160,17.954800,18.092300
1525944161,17.955400,18.091700
1525944164,17.955500,18.091600
1525944166,17.955500,18.091500
1525944168,17.955700,18.091200
1525944169,17.955700,18.091100
1525944171,17.955800,18.091000
1525944173,17.955700,18.090900
1525944174,17.955800,18.090900
1525944175,17.955800,18.090800
1525944177,17.988700,18.090700
1525944180,17.988700,18.090400
1525944182,17.989000,18.090300
1525944184,17.989000,18.090200
1525944186,17.989000,18.090100
1525944187,17.989100,18.089700
1525944190,17.989100,18.089600
1525944191,17.989100,18.089500
1525944192,17.989100,18.089000
1525944193,17.989300,18.088900
1525944195,17.989300,18.088800
1525944196,17.989300,18.088700
1525944200,17.989300,18.088600
1525944201,17.988700,18.088600
1525944202,17.988700,18.088500
1525944204,17.988900,18.088400
1525944207,17.988900,18.088200
1525944209,17.988900,18.088100
1525944211,17.988900,18.088000
1525944212,17.989000,18.087900
1525944213,17.989000,18.087700
1525944215,17.989000,18.087600
1525944217,17.989000,18.087500
1525944219,17.989100,18.087100
1525944222,17.989100,18.087000
1525944225,17.989300,18.086400
1525944227,17.989300,18.086300
1525944231,17.989300,18.086200
1525944232,17.989400,18.086000
1525944234,17.989400,18.085900
1525944235,17.989400,18.085800
1525944236,17.988900,18.085800
1525944237,17.988900,18.085700
1525944240,17.973200,18.085400
1525944244,17.973200,18.085300
1525944245,17.973200,18.084900
1525944247,17.973200,18.084800
1525944248,17.973200,18.084600
1525944249,17.973200,18.084500
1525944251,17.973200,18.083900
1525944254,17.973200,18.083800
1526028277,15.750600,15.864300
1525944256,17.973200,18.083700
1525944258,17.973200,18.083500
1525944260,17.950200,18.083500
1525944262,17.950200,18.083400
1525944263,17.950200,18.083300
1525944265,17.950300,18.083000
1525944267,17.950300,18.082900
1525944270,17.950300,18.082800
1525944272,17.950400,18.082400
1525766136,18.388500,18.432400
1525944276,17.950400,18.082300
1525944277,17.950600,18.082300
1525944278,17.950600,18.082000
1525944279,17.950600,18.081900
1525944282,17.950600,18.081800
1525944283,17.950600,18.081700
1525944284,17.950600,18.081600
1525944285,17.950200,18.081600
1525944286,17.950200,18.081500
1525944287,17.950200,18.081400
1525944290,17.950200,18.081300
1525944291,17.950400,18.081100
1525944294,17.950400,18.081000
1525944295,17.950400,18.080900
1525944297,17.950500,18.080500
1525944298,17.950500,18.080400
1525944300,17.950500,18.080300
1525944302,17.950500,18.080200
1525944303,17.950500,18.079600
1525944304,17.950700,18.079500
1525944305,17.950700,18.079400
1525944307,17.950700,18.079300
1525944310,17.950700,18.079200
1525944311,17.950800,18.079100
1526057696,15.432500,15.588500
1525944316,17.950800,18.079000
1525944317,17.950800,18.078900
1525944319,17.950800,18.078700
1525944320,17.950800,18.078600
1525944322,17.950800,18.078500
1525944324,17.950800,18.078100
1525944327,17.950800,18.078000
1525944331,17.950800,18.077400
1525944335,17.950800,18.077300
1525944337,17.950800,18.077100
1526028291,15.750000,15.840700
1525944341,17.950800,18.077000
1525944342,17.950800,18.076900
1525944343,17.950800,18.076600
1525944344,17.950800,18.076500
1525944347,17.950800,18.076400
1525944349,17.950800,18.076300
1525944350,17.951000,18.075900
1525944356,17.951400,18.075600
1525944358,17.951500,18.075600
1525944364,17.951500,18.076100
1525944365,17.951500,18.075500
1525944366,17.951600,18.075500
1525944368,17.951700,18.076000
1525944370,17.956100,18.075200
1525944377,17.956500,18.075200
1525944378,17.956500,18.094200
1525944379,17.956500,18.075100
1525944380,17.956600,18.075100
1525944381,17.956500,18.075100
1525944382,17.956700,18.094100
1525944383,17.957200,18.074500
1525792787,18.014400,18.131400
1525944387,17.957300,18.074500
1525944389,17.957300,18.074400
1525944390,17.957400,18.074400
1525944392,17.957500,18.074300
1525944393,17.957500,18.074200
1525944396,17.957500,18.074100
1525944397,17.957800,18.074100
1525944398,17.957800,18.073800
1525944401,17.957900,18.073800
1525944402,17.958300,18.073800
1525944403,17.958300,18.073700
1525944404,17.958400,18.073700
1525944405,17.958400,18.073600
1525944408,17.958500,18.073600
1525944409,17.958500,18.073500
1525944410,17.959000,18.073000
1525944414,17.959000,18.072900
1525944416,17.959000,18.072600
1525944417,17.959100,18.072600
1525944420,17.959100,18.072500
1525944422,17.959100,18.072400
1525944424,17.959100,18.072200
1525944427,17.959100,18.072100
1525944428,17.959100,18.072000
1525944430,17.959500,18.071600
1525944435,17.959700,18.071200
1525944439,17.959700,18.071100
1525944442,17.959800,18.071000
1525944445,17.959800,18.070900
1525944446,17.959800,18.070800
1525944447,17.959800,18.070700
1525944450,17.959800,18.070500
1525944451,17.959800,18.070400
1525944454,17.959800,18.070300
1525944455,17.959800,18.070200
1525944459,17.959800,18.070100
1525944461,17.959800,18.069700
1525766168,18.389100,18.420000
1525944466,17.960000,18.069600
1525944469,17.960000,18.069500
1525944470,17.960100,18.069500
1525944472,17.960100,18.069400
1525944473,17.960200,18.069400
1525944475,17.960200,18.069900
1525944476,17.960200,18.069300
1526028314,15.750300,15.840200
1525944481,17.960500,18.069300
1525944483,17.960500,18.087400
1525944484,17.960600,18.069200
1525944486,17.960600,18.087200
1525944487,17.960600,18.069100
1525944493,17.960800,18.069100
1525944495,17.960800,18.087100
1525944496,17.960800,18.087000
1525944497,17.960900,18.087000
1525944500,17.961200,18.086700
1525944505,17.961300,18.086700
1525944506,17.961300,18.086600
1525944507,17.961300,18.086500
1525944508,17.961400,18.086400
1525944509,17.961400,18.086300
1525944510,17.961300,18.086300
1525944511,17.961400,18.086300
1525944512,17.961400,18.085700
1525944513,17.962000,18.085700
1525944515,17.962100,18.085700
1525944517,17.962100,18.085600
1525944518,17.962100,18.085500
1525944519,17.962100,18.085400
1525944520,17.962300,18.085300
1525944522,17.962400,18.085200
1525944524,17.962400,18.085100
1525944525,17.962400,18.085000
1525944526,17.962500,18.084900
1525944527,17.962500,18.084800
1525944529,17.962500,18.084700
1525944530,17.962600,18.084700
1525944532,17.962900,18.084300
1525944534,17.963000,18.084200
1525944537,17.963100,18.084200
1525944538,17.963600,18.084100
1525944539,17.963600,18.083600
1525944540,17.963700,18.083500
1525944541,17.963700,18.083400
1525944544,17.963700,18.083300
1525944545,17.963900,18.083200
1525944547,17.964000,18.083100
1525944549,17.964000,18.083000
1525944550,17.964000,18.082900
1525944553,17.964000,18.082800
1525944554,17.964100,18.082800
1525944555,17.965400,18.082800
1525944556,17.965400,18.082500
1525944560,17.965500,18.082500
1525944561,17.965500,18.082400
1525944564,17.965800,18.082000
1525944565,17.965900,18.081900
1525944566,17.965900,18.081800
1525944568,17.965900,18.081700
1525944569,17.966000,18.081700
1525944570,17.966000,18.081200
1525944576,17.966100,18.081200
1525944577,17.966100,18.081400
1525944579,17.963300,18.081400
1525944580,17.966200,18.081300
1525944585,17.966200,18.081000
1525944586,17.966200,18.080900
1525944589,17.966200,18.080800
1525944590,17.966200,18.080500
1525766189,18.389200,18.450300
1525944594,17.966200,18.080500
1525944596,17.966200,18.079800
1525944605,17.966200,18.080600
1525766192,18.367600,18.449700
1525944611,17.966200,18.080300
1525944616,17.966200,18.080200
1525944622,17.966200,18.080000
1525944627,17.966400,18.080000
1525944628,17.966500,18.080000
1525944629,17.966400,18.080000
1525944630,17.966500,18.080400
1525944632,17.966500,18.080300
1525944634,17.966500,18.080100
1525944639,17.966500,18.080000
1526028342,15.710300,15.829900
1525944646,17.966500,18.079900
1525944651,17.966500,18.079600
1525944653,17.966500,18.079400
1525944655,17.966500,18.079300
1525944657,17.966500,18.079200
1525944658,17.966500,18.079100
1525944666,17.966500,18.079200
1525944667,17.966500,18.079100
1525944668,17.966500,18.079000
1525944669,17.966500,18.078700
1525944673,17.966500,18.078400
1525944679,17.966500,18.078300
1525944681,17.966500,18.078100
1525944682,17.966500,18.078000
1525944685,17.966500,18.077900
1525944687,17.966500,18.077600
1525944690,17.966500,18.077300
1525944692,17.966500,18.076900
1525944696,17.966500,18.076600
1525944698,17.966500,18.076000
1525944701,17.966500,18.075900
1525944711,17.966500,18.076200
1525944716,17.966500,18.076100
1525944717,17.966500,18.075900
1525944719,17.966500,18.076000
1525944722,17.966500,18.075900
1525944724,17.966500,18.076000
1525944725,17.966500,18.075300
1525944731,17.966500,18.075200
1525766213,18.344000,18.448500
1525944739,17.966500,18.075500
1525766214,18.344000,18.448400
1525944742,17.966500,18.075400
1525944745,17.966500,18.075000
1525944747,17.966500,18.074900
1525944750,17.966500,18.074200
1525944753,17.966500,18.074100
1525944755,17.966500,18.074000
1525944756,17.966500,18.073900
1525944759,17.966500,18.073800
1525944761,17.966500,18.073700
1525944762,17.966500,18.073800
1525944764,17.966500,18.073500
1525944767,17.966500,18.073400
1525944769,17.966500,18.073300
1525944771,17.966500,18.073000
1525944775,17.966500,18.072700
1525944776,17.966500,18.072600
1525944783,17.966500,18.072400
1525944791,17.966500,18.072600
1525944793,17.966500,18.072300
1525944801,17.966500,18.072000
1525944803,17.966500,18.071900
1525944806,17.966500,18.071300
1525944814,17.966500,18.071400
1525944816,17.966500,18.071000
1525944817,17.966500,18.070900
1525944818,17.966500,18.070800
1525944820,17.966500,18.070500
1525944825,17.966500,18.070400
1525944827,17.966500,18.070000
1525944831,17.966500,18.069900
1525944833,17.966500,18.069700
1525944835,17.966500,18.069600
1525944837,17.966500,18.069500
1525944838,17.966500,18.069600
1525944839,17.966500,18.069400
1525944842,17.966500,18.069300
1525944843,17.966500,18.069200
1525944848,17.966500,18.068900
1525944850,17.966500,18.068800
1525944854,17.966500,18.068700
1525944856,17.966500,18.068600
1525944857,17.966500,18.068500
1525944859,17.966500,18.068400
1525944861,17.966500,18.068000
1525944862,17.966500,18.067900
1525944864,17.966500,18.067800
1525944865,17.966500,18.067700
1525944867,17.966500,18.067600
1525944868,17.966500,18.067500
1525944870,17.966500,18.067400
1525944872,17.966500,18.066900
1525944879,17.966500,18.066800
1525944880,17.966500,18.066700
1525944882,17.966500,18.066600
1525944883,17.966500,18.066500
1525944884,17.966500,18.066400
1525944885,17.966500,18.066200
1525944890,17.966500,18.066100
1525944891,17.966500,18.065700
1525786248,17.861700,18.015700
1525944894,17.966500,18.065600
1525944896,17.966500,18.065400
1525944898,17.966500,18.065300
1525944899,17.966500,18.065500
1525944900,17.966500,18.065500
1525944901,17.966500,18.065100
1525944903,17.966500,18.065000
1525944910,17.966500,18.081000
1525944914,17.966500,18.080900
1525944915,17.966700,18.080900
1525944916,17.966800,18.080900
1525944917,17.966800,18.080500
1525944921,17.966800,18.080400
1525944924,17.966800,18.080300
1525944926,17.965800,18.080200
1525944927,17.967400,18.079700
1525944929,17.967500,18.079600
1525944931,17.967500,18.079500
1525944932,17.967500,18.079400
1525944933,17.967500,18.079300
1525944934,17.967700,18.079100
1525944937,17.967700,18.079000
1525944938,17.967800,18.079000
1525944939,17.967800,18.078900
1525944942,17.967800,18.078600
1525944943,17.968100,18.078600
1526028392,15.710000,15.739400
1525944946,17.968200,18.078400
1525944951,17.968200,18.078000
1525944952,17.968000,18.078000
1525944953,17.967900,18.077900
1525944954,17.968300,18.077700
1525944956,17.968000,18.077300
1525944964,17.968000,18.077500
1525944965,17.968000,18.077200
1525944967,17.968000,18.077400
1525944968,17.968000,18.077100
1525944971,17.968000,18.077600
1525944974,17.968000,18.076900
1525944976,17.968000,18.077000
1525944978,17.968000,18.077300
1525944979,17.968000,18.076900
1525944980,17.968000,18.076600
1525766254,18.331100,18.445500
1525944985,17.968000,18.076500
1525944986,17.968000,18.076300
1525944989,17.968000,18.076200
1525944992,17.968000,18.076000
1525944993,17.968000,18.075900
1525944999,17.968000,18.075600
1525945003,17.968000,18.075500
1526028402,15.710000,15.729900
1525945009,17.968000,18.097200
1525945010,17.968000,18.075400
1525945012,17.989600,18.074800
1525945016,17.989600,18.074700
1525945020,17.989600,18.097200
1525945022,17.989600,18.097100
1525766261,18.336700,18.445200
1525945024,17.989900,18.096800
1525945026,17.989900,18.096700
1525945028,17.989900,18.096600
1525945029,17.989900,18.096500
1525945031,17.990000,18.096200
1525945032,17.990000,18.096100
1525945035,17.990000,18.096000
1525945036,17.990000,18.095900
1525945038,17.990000,18.095300
1525945039,17.990200,18.095300
1525945040,17.990200,18.095200
1525945042,17.990200,18.095100
1525945045,17.990200,18.094900
1525945046,17.989800,18.094900
1525766265,18.336700,18.443900
1525945051,17.989800,18.094600
1525945052,17.989800,18.094500
1525945053,17.989900,18.094200
1525945055,17.989900,18.094100
1525945058,17.989900,18.094000
1525945059,17.990000,18.094000
1525945062,17.990000,18.093900
1525945063,17.990000,18.093800
1525945065,17.990000,18.093200
1525945067,17.968000,18.093200
1525945068,17.968000,18.093100
1525945069,17.968000,18.093000
1525945072,17.968000,18.092800
1525945076,17.968000,18.092700
1525945078,17.968000,18.092600
1525945079,17.968000,18.092500
1525945080,17.968000,18.092400
1525945081,17.968000,18.092300
1525945084,17.968000,18.092200
1525945085,17.968000,18.091800
1525945087,17.968000,18.091700
1525766272,18.337900,18.443900
1525945090,17.968000,18.091600
1525945091,17.968000,18.091000
1525945094,17.968000,18.090900
1525945097,17.968000,18.090800
1525945098,17.968000,18.090700
1525945101,17.968000,18.090600
1525945104,17.968000,18.090500
1525945106,17.968000,18.090400
1525945107,17.968000,18.090100
1525945109,17.968100,18.090100
1525945110,17.968100,18.090000
1525945111,17.968200,18.089900
1525945112,17.968100,18.089900
1525945113,17.968100,18.089500
1525945114,17.968600,18.089500
1525945117,17.968700,18.089500
1525945118,17.968700,18.089400
1525945119,17.968900,18.089200
1525945122,17.968900,18.089100
1525945124,17.969000,18.089000
1525945126,17.969000,18.088900
1525945130,17.969000,18.088800
1525945132,17.969100,18.088500
1525945133,17.969100,18.088400
1525945137,17.969200,18.088300
1525945138,17.969500,18.088000
1525945140,17.969600,18.088000
1525945144,17.969700,18.087800
1525945148,17.969800,18.087800
1525945149,17.969900,18.087800
1525945151,17.969900,18.087700
1525945155,17.970000,18.087700
1525945159,17.970100,18.087400
1525945160,17.970200,18.087400
1525945161,17.994700,18.087400
1525945163,17.994700,18.087300
1525945165,17.995100,18.087300
1525945167,17.995100,18.099900
1525945170,17.995100,18.087200
1525945171,17.995400,18.099300
1525945174,17.995400,18.099200
1525945176,17.995400,18.099100
1525945177,17.995400,18.098900
1525945179,17.995000,18.098800
1525945180,17.995000,18.098700
1525945182,17.995700,18.098600
1525945185,17.995700,18.098300
1525945186,17.995700,18.098200
1525945187,17.995100,18.098200
1525945188,17.995100,18.098100
1525945191,17.995200,18.098000
1525945192,17.995200,18.097700
1525945193,17.995200,18.097600
1525945195,17.995200,18.097500
1525945196,17.995200,18.097400
1525945197,17.995400,18.096800
1525945200,17.995400,18.096700
1525945202,17.995400,18.096600
1525945203,17.995400,18.096500
1525945205,17.995100,18.096400
1525945207,17.995700,18.096400
1525945208,17.995700,18.096100
1525766292,18.339100,18.442700
1525945212,17.995700,18.095800
1525945214,17.995800,18.095800
1525945215,17.995800,18.095700
1525945217,17.995800,18.095600
1525945218,17.995800,18.095500
1525945219,17.995800,18.095200
1525945221,17.995800,18.095100
1525945224,17.996000,18.094500
1525945227,17.996000,18.094400
1525945230,17.996000,18.094200
1525945232,17.996100,18.094200
1525945234,17.996100,18.094100
1525945237,17.996100,18.093900
1525945239,17.996100,18.093600
1525945240,17.996100,18.093500
1525945242,17.996100,18.093400
1525945245,17.996100,18.093300
1525945246,17.996100,18.093000
1525945249,17.996100,18.092900
1525945251,17.996100,18.092800
1525945252,17.996100,18.092700
1525945253,17.996100,18.092200
1525945255,17.996100,18.092100
1525945256,17.996100,18.092000
1525945257,17.996100,18.092100
1525945258,17.996100,18.091800
1525945261,17.996100,18.091700
1525945263,17.996100,18.091600
1525945265,17.996100,18.091500
1525945267,17.996100,18.091200
1525945271,17.996100,18.091100
1525945272,17.996100,18.091000
1525945275,17.996100,18.090900
1525945277,17.996100,18.090800
1525945278,17.996100,18.090700
1525945280,17.996100,18.090200
1525945281,17.996100,18.090100
1525945282,17.995700,18.090100
1525945286,17.995700,18.090000
1525945287,17.995700,18.089900
1525945296,17.995700,18.089600
1525945297,17.995700,18.089500
1525766307,18.339600,18.442000
1525945302,17.995700,18.089100
1525945303,17.995700,18.089000
1525945308,17.995700,18.088400
1525945311,17.995700,18.088300
1525945314,17.995700,18.088100
1525945317,17.995700,18.088000
1525945320,17.995700,18.087900
1525945321,17.995700,18.088000
1525945323,17.995700,18.087600
1525945327,17.995700,18.087500
1525945328,17.995700,18.087400
1525945329,17.995700,18.087300
1525945330,17.995700,18.087200
1525945332,17.995700,18.087100
1525945334,17.995700,18.087000
1526028457,15.610000,15.669600
1525945336,17.995700,18.086500
1525945337,17.995700,18.086400
1525945339,17.995700,18.086300
1525945342,17.995700,18.086200
1525945343,17.995700,18.086100
1525945344,17.995700,18.086000
1525945345,17.995700,18.085900
1525945346,17.995700,18.085800
1525945348,17.995700,18.085700
1525945351,17.995700,18.085400
1525945352,17.995700,18.085300
1525766316,18.340000,18.441600
1525945355,17.995700,18.085200
1525945357,17.995700,18.085100
1525945364,17.995700,18.085000
1525945366,17.995700,18.084800
1525945368,17.995700,18.084700
1525945369,17.995700,18.084600
1525945371,17.995700,18.084500
1525945372,17.995700,18.084400
1525945375,17.995700,18.084300
1525945377,17.994700,18.084300
1525945380,17.994700,18.084200
1525945383,17.994700,18.084100
1525945385,17.994700,18.084000
1525945387,17.994700,18.083900
1525945388,17.994700,18.083800
1525945391,17.994700,18.083700
1525945392,17.994700,18.083600
1525945395,17.994700,18.083500
1525945399,17.994700,18.083400
1525945400,17.994700,18.083300
1525945401,17.994700,18.083200
1525945404,17.994700,18.083100
1525798472,18.020000,18.101000
1525945407,17.994800,18.083100
1525945408,17.994800,18.083000
1525945410,17.994800,18.082900
1525945412,17.994800,18.082800
1525945414,17.994800,18.082700
1525945417,17.994800,18.082600
1525945418,17.994800,18.082500
1525945420,17.994800,18.082400
1525945422,17.994800,18.082300
1525945424,17.994800,18.082200
1525945427,17.994700,18.082100
1525945430,17.994700,18.082000
1525945431,17.994700,18.081900
1525945432,17.994700,18.081800
1525945434,17.994700,18.081700
1525945436,17.994700,18.081600
1525945439,17.994700,18.081500
1525945440,17.994700,18.081400
1525945441,17.994700,18.081300
1525945445,17.994700,18.081200
1525945448,17.994700,18.081100
1525945450,17.994700,18.081300
1525945451,17.994700,18.081000
1525945456,17.994700,18.080900
1525945458,17.994700,18.080800
1525945459,17.994700,18.080700
1525945462,17.994700,18.080600
1525945473,17.994700,18.080600
1525945477,17.994900,18.080600
1525945485,17.995000,18.080600
1525945486,17.995000,18.080500
1525945489,17.995000,18.080400
1525945493,17.994700,18.080400
1525945510,17.994800,18.080400
1525945514,17.994800,18.080300
1525945519,17.994800,18.080200
1525945528,17.994700,18.080200
1525945537,17.994700,18.080100
1526028491,15.610000,15.619900
1525945543,17.994700,18.080000
1525945547,17.994700,18.079900
1525945554,17.994700,18.079800
1525945562,17.994800,18.079800
1525945571,17.995100,18.079800
1525945578,17.994800,18.079800
1525945580,17.994700,18.079800
1526028498,15.610000,15.619700
1525945583,17.995300,18.079800
1525945588,17.995300,18.079700
1525945590,17.994900,18.079700
1525945592,17.994900,18.079600
1525945596,17.994900,18.079500
1525945597,17.994700,18.079500
1525945601,17.994800,18.079400
1526028502,15.610000,15.619600
1525945608,17.994800,18.079300
1526054699,15.400600,15.470000
1525945611,17.994900,18.079300
1525945619,17.995000,18.079300
1525766361,18.348700,18.439200
1525945629,17.995400,18.079300
1525945633,17.995600,18.079300
1525945641,17.995200,18.079300
1525945647,17.995300,18.079300
1525945653,17.995400,18.079300
1525945658,17.995600,18.079300
1525945667,17.995200,18.079300
1525945673,17.995000,18.079300
1525945674,17.995300,18.079300
1525945681,17.995400,18.079300
1525945687,17.995700,18.079300
1525945694,17.995400,18.079300
1525945700,17.995500,18.079300
1525766374,18.349200,18.438900
1525945714,17.995300,18.079300
1525945719,17.994900,18.079300
1525945725,17.951500,18.079300
1525945727,17.951600,18.079300
1525945729,17.951600,18.079300
1525945731,17.952000,18.079300
1525945736,17.952100,18.079300
1525945737,17.952300,18.079300
1525945741,17.952400,18.079300
1525945743,17.952500,18.079300
1525945746,17.952600,18.079300
1525945748,17.952600,18.079300
1525945751,17.952900,18.079300
1525945754,17.953000,18.079300
1525945756,17.953100,18.079300
1525945757,17.953400,18.079300
1525945759,17.953500,18.079300
1525945762,17.953600,18.079300
1525945764,17.954100,18.079300
1525945765,17.954200,18.079300
1525945769,17.954400,18.079300
1525945771,17.954500,18.079300
1525945774,17.954600,18.079300
1525945777,17.954900,18.079300
1525945778,17.955000,18.079300
1525945783,17.955100,18.079300
1525945784,17.955500,18.079300
1525945787,17.955600,18.079300
1525945790,17.956300,18.079300
1525945795,17.956400,18.079300
1525945796,17.956500,18.079300
1525945797,17.956600,18.079300
1525945799,17.956700,18.079300
1525945802,17.956800,18.079300
1525945805,17.956900,18.079300
1525945806,17.957100,18.079300
1525945809,17.957200,18.079300
1525945811,17.957300,18.079300
1525945812,17.957400,18.079300
1525945814,17.957500,18.079300
1525945816,17.957600,18.079300
1525945817,17.958100,18.079300
1525945819,17.958200,18.079300
1525945824,17.958400,18.079300
1525945826,17.958500,18.079300
1525945830,17.958800,18.079300
1525945833,17.958900,18.079300
1525945837,17.959300,18.079300
1525945839,18.065500,18.079300
1525945842,17.959300,18.056700
1525945843,17.959700,18.056700
1525945845,17.959800,18.056700
1525945846,17.959800,18.056600
1525945847,17.959700,18.056600
1525945848,17.959900,18.056500
1525945849,17.959900,18.056300
1525945850,17.960100,18.056300
1525945851,17.960200,18.056200
1525945853,17.960200,18.056100
1525945856,17.960200,18.056000
1525945857,17.960300,18.056000
1525945858,17.960300,18.055900
1525945859,17.960300,18.055800
1525945862,17.960300,18.055700
1525945864,17.960700,18.055400
1525945865,17.960800,18.055400
1525945867,17.960800,18.055300
1525945868,17.960900,18.055200
1525945869,17.960900,18.054600
1525945871,17.961000,18.054600
1525945875,17.961000,18.054500
1525945876,17.961200,18.054300
1525945878,17.961200,18.054200
1525945879,17.961300,18.054200
1525945881,17.961300,18.054100
1525945884,17.961600,18.053800
1525945886,17.961700,18.053800
1525945887,17.961700,18.053700
1525945889,17.962100,18.053700
1525945890,17.962100,18.053500
1525945893,17.962200,18.053500
1525945894,17.962200,18.053400
1525945895,17.962100,18.053400
1525945897,17.962100,18.053300
1525945898,17.960300,18.053300
1525945902,17.960900,18.052700
1525945905,17.960900,18.052600
1525945910,17.960500,18.052600
1525945911,17.960500,18.052500
1525945913,17.961100,18.052200
1525945916,17.961100,18.052100
1525945917,17.960600,18.052100
1525945921,17.960800,18.051700
1525945924,17.960800,18.051600
1525945925,17.960800,18.051500
1525945926,17.960800,18.051400
1525945927,17.960800,18.051300
1525945928,17.960500,18.051300
1525945929,17.960500,18.051200
1525945932,17.960500,18.051100
1525945934,17.960700,18.051000
1525945936,17.960700,18.051000
1525945941,17.960800,18.051000
1525945944,17.960800,18.050900
1525945945,17.960800,18.051000
1525945947,17.960800,18.050800
1525945949,17.960900,18.050800
1525945953,17.961100,18.050800
1526057802,15.378200,15.550000
1525945961,17.960700,18.050800
1525945967,17.950100,18.050800
1525945968,17.950300,18.050800
1525945973,17.950400,18.050800
1525945974,17.950300,18.050800
1525945975,17.950500,18.050800
1525945981,17.950600,18.050800
1526028565,15.610000,15.617900
1525945988,17.950200,18.050800
1525945989,17.950300,18.050800
1525945993,17.950200,18.050800
1525945994,17.950300,18.050800
1525946002,17.950400,18.050800
1525946006,17.950500,18.050800
1525946012,17.950100,18.050800
1525946013,17.950600,18.050800
1526028571,15.600000,15.617700
1525946021,17.950300,18.050800
1526028573,15.600000,15.617600
1525946034,17.950400,18.050800
1525946039,17.950600,18.050800
1525946047,17.950200,18.050800
1525946052,17.950300,18.050800
1525946058,17.950400,18.050800
1525946065,17.950600,18.050800
1525946073,17.950200,18.050800
1525946079,17.950000,18.050800
1525946080,17.950300,18.050800
1525946087,17.950400,18.050600
1525946088,17.950400,18.050500
1525946090,17.950400,18.050500
1525946092,17.950400,18.050400
1525946093,17.950400,18.049900
1525946094,17.950600,18.049900
1525946095,17.950600,18.049800
1525946097,17.950600,18.049700
1525946098,17.950600,18.049600
1525946099,17.950600,18.049400
1525946101,17.950200,18.049300
1525946104,17.950300,18.049300
1525946105,17.950300,18.049200
1525946106,17.950300,18.049000
1525946107,17.950300,18.048900
1525946111,17.950300,18.048700
1525946112,17.950400,18.048500
1525946114,17.950400,18.048400
1525946115,17.950400,18.048300
1525946117,17.950600,18.048400
1525946119,17.950600,18.048300
1525946120,17.950600,18.048200
1525766444,18.363400,18.450900
1525946124,17.950600,18.048100
1525946125,17.950200,18.047900
1525946128,17.950200,18.047800
1525946130,17.950200,18.047700
1525946132,17.950200,18.047400
1525946133,17.950300,18.047400
1525946138,17.950400,18.047300
1525946146,17.950000,18.047300
1525946149,17.950600,18.047300
1525946151,17.950600,18.047000
1525946153,17.950600,18.046900
1525946155,17.950600,18.046800
1525946156,17.950200,18.046800
1525946158,17.950200,18.046700
1525946159,17.950400,18.046700
1525946161,17.950200,18.046700
1525946163,17.950000,18.046700
1525946164,17.950300,18.046600
1525946169,17.950300,18.046500
1525946171,17.950000,18.046500
1525946172,17.950400,18.046500
1525946176,17.950400,18.046200
1525946177,17.950600,18.046200
1525946180,17.950600,18.046100
1525946184,17.950200,18.046100
1525946189,17.950100,18.046100
1525946195,17.950300,18.046100
1525946200,17.950400,18.046100
1525946208,17.950000,18.046100
1525946210,17.950600,18.046100
1525946218,17.950200,18.046100
1525946224,17.950000,18.046100
1525946225,17.950300,18.046100
1525946232,17.950400,18.046100
1525946238,17.950600,18.046100
1526028608,15.510000,15.550000
1525946246,17.950200,18.046100
1525946252,17.950000,18.046100
1525946254,17.950300,18.046100
1525946260,17.950000,18.046100
1525946261,17.950400,18.046100
1525946267,17.950600,18.046100
1525946275,17.950200,18.046100
1525946281,17.950000,18.046100
1525946282,17.950300,18.046100
1525946287,17.950400,18.046100
1525766472,18.363500,18.449800
1525946294,17.950600,18.045900
1525946296,17.950600,18.045800
1525946297,17.950600,18.045700
1525946300,17.950600,18.045600
1525946302,17.950000,18.045500
1525946304,17.950200,18.045500
1525946305,17.950200,18.045300
1525946309,17.950200,18.045200
1525946310,17.950200,18.045100
1525946311,17.950300,18.044900
1525946312,17.950300,18.044800
1525946313,17.950300,18.044700
1525946315,17.950300,18.044800
1525946316,17.950300,18.044600
1525946317,17.950400,18.044300
1525946318,17.950400,18.044200
1525946323,17.950600,18.043600
1525946327,17.950600,18.043500
1525946331,17.950200,18.043500
1525946337,17.950000,18.043500
1525946338,17.950300,18.043500
1525946344,17.950400,18.043500
1525946350,17.950600,18.043500
1525946360,17.950200,18.043500
1525766484,18.363700,18.435500
1525946364,17.950300,18.043500
1525946370,17.950400,18.043500
1525946371,17.950400,18.043400
1525946376,17.950600,18.043100
1525946378,17.950600,18.043000
1525946385,17.950200,18.043000
1525946390,17.950300,18.043000
1525946397,17.950400,18.043000
1525946402,17.950600,18.043000
1525946411,17.950200,18.043000
1525946418,17.950000,18.043000
1525946422,17.950300,18.043000
1525766495,18.363700,18.450900
1525946428,17.950400,18.043000
1525946434,17.950600,18.043000
1525946443,17.950200,18.043000
1525946448,17.950300,18.043000
1525946453,17.950400,18.043000
1525946461,17.950600,18.043000
1525946469,17.950200,18.043000
1525946475,17.950300,18.043000
1525946480,17.950400,18.043000
1525946487,17.950600,18.043000
1525946495,17.950200,18.043000
1525946497,17.950200,18.042900
1525946498,17.950200,18.042800
1525946501,17.950000,18.042700
1525946503,17.950000,18.042600
1525946505,17.950000,18.042500
1525946506,17.950300,18.042300
1525946508,17.950300,18.042200
1525946511,17.950300,18.042100
1525946512,17.950400,18.041800
1525946514,17.950400,18.041700
1525946516,17.950400,18.041600
1525946517,17.950400,18.041500
1525946519,17.950400,18.041400
1525946520,17.950600,18.040900
1525946521,17.950600,18.040800
1525946524,17.950600,18.040700
1525946527,17.950600,18.040500
1525946528,17.950200,18.040400
1525946532,17.950200,18.040300
1525946534,17.950200,18.040200
1525946535,17.950000,18.040100
1525946537,17.950000,18.040200
1525946538,17.950000,18.040000
1525946539,17.950000,18.039900
1525946540,17.950000,18.039800
1525946544,17.950000,18.039700
1525946546,17.950000,18.039600
1525946549,17.950000,18.039500
1525946550,17.950000,18.039400
1525946552,17.950000,18.039300
1525946556,17.950000,18.039200
1525946558,17.950000,18.039100
1525946562,17.950000,18.038900
1525946564,17.950000,18.038700
1525946566,17.950000,18.038600
1525946567,17.950000,18.038400
1525946569,17.950000,18.038300
1525946570,17.950000,18.038200
1525946572,17.950000,18.038100
1525946574,17.950000,18.038000
1525946576,17.950000,18.038100
1525946578,17.950000,18.037900
1525946580,17.950000,18.037800
1525946583,17.950000,18.037600
1525946584,17.950000,18.037500
1525946588,17.950000,18.037400
1525946590,17.950000,18.037300
1525946592,17.950000,18.037200
1525946594,17.950000,18.037100
1525946595,17.950000,18.037000
1525946602,17.950000,18.036900
1525946604,17.950000,18.036800
1525946609,17.950000,18.036700
1525946612,17.950000,18.036600
1526028670,15.515800,15.519000
1525946614,17.950000,18.036500
1525946617,17.950000,18.036400
1525946620,17.950000,18.036300
1525946623,17.950000,18.036200
1525946625,17.950000,18.036100
1525946627,17.950000,18.036000
1525946629,17.950000,18.035900
1525766529,18.363800,18.436000
1525946632,17.950000,18.035800
1525946634,17.950000,18.035700
1525946635,17.950000,18.035600
1525946638,17.950000,18.035500
1525946639,17.950000,18.035300
1525946642,17.950000,18.035100
1525946644,17.950000,18.035000
1525946645,17.950000,18.034900
1525946647,17.950000,18.034800
1525946649,17.950000,18.034700
1525946651,17.950000,18.034600
1525946654,17.950000,18.034500
1525946655,17.950000,18.034400
1525946658,17.950000,18.034300
1525946659,17.950000,18.034200
1525946660,17.950000,18.034100
1525946661,17.950000,18.034000
1525946663,17.950000,18.033900
1525946664,17.950000,18.033800
1525946667,17.950000,18.033700
1525946668,17.950000,18.033600
1525946670,17.950000,18.033500
1525946672,17.950000,18.033400
1525946673,17.950000,18.033300
1525946674,17.950000,18.033200
1525946676,17.950000,18.033100
1525946678,17.950000,18.033000
1525946679,17.950000,18.032900
1525946680,17.950000,18.032800
1525946684,17.950000,18.032600
1525946686,17.950000,18.032500
1525946690,17.950000,18.000000
1525946691,17.950000,17.999900
1525946693,17.950000,17.999600
1525946696,17.950000,17.999500
1525946702,17.950000,17.999300
1525946704,17.950000,17.999200
1525946705,17.950000,17.999100
1525946707,17.950000,17.999000
1525946714,17.950000,17.998900
1525766544,18.364100,18.436000
1525946752,17.950000,17.998600
1525946755,17.950000,17.998500
1525946773,17.950000,17.998400
1525946778,17.950000,17.998300
1526028698,15.510000,15.518400
1525946799,17.950000,17.998000
1525946801,17.950000,17.998300
1525946802,17.950000,17.997800
1525946804,17.950000,17.997700
1525946831,17.950000,17.997400
1525946835,17.950000,17.997300
1525946845,17.950000,17.997200
1525946856,17.950000,17.996900
1525946858,17.950000,17.996800
1525946861,17.950000,17.996700
1525946901,17.950600,17.996700
1525946905,17.950600,17.996400
1525946908,17.950200,17.996300
1525946914,17.950000,17.996300
1525946926,17.950000,17.996200
1525946927,17.950000,17.996300
1525946928,17.950000,17.996100
1525946929,17.950000,18.050900
1525946930,17.950000,17.996000
1525946942,17.950000,17.995900
1525946949,17.950000,17.995800
1525946950,17.950300,17.995800
1525946952,17.950300,17.995600
1525946954,17.950300,17.995500
1525946957,17.950000,17.995500
1525946969,17.917900,17.946400
1525946974,17.946600,18.000100
1525946976,17.946600,17.984000
1525946979,17.914600,17.944800
1525946988,17.914700,17.944800
1526054745,15.400400,15.470000
1525775416,18.150100,18.210000
1525766596,18.365800,18.450900
1525947056,17.914700,17.985300
1525947057,17.914700,17.999600
1525947058,17.914700,17.999500
1525947059,17.914700,17.999300
1525947064,17.914700,17.999200
1525947065,17.914700,17.999100
1525947069,17.914700,17.999000
1525947076,17.914700,17.998900
1525947078,17.914700,18.031100
1525947081,17.914700,17.998800
1525766605,18.366600,18.426700
1525947109,17.914700,17.998500
1525947112,17.914700,17.998500
1525947115,17.914700,17.998800
1525947117,17.914700,18.029500
1525947118,17.914700,18.029400
1525947119,17.914700,18.029300
1525947122,17.915000,18.029200
1525947123,17.915100,18.028900
1525947126,17.915100,18.028800
1525947128,17.915100,18.028500
1525947130,17.915100,18.028400
1525947132,17.915200,18.028300
1525947134,17.915200,18.027800
1525947135,17.914700,18.027800
1525947136,17.915300,18.027800
1525947142,17.915300,18.027700
1525947146,17.915400,18.027700
1525947149,17.915400,18.027600
1525947152,17.914700,18.027500
1525947153,17.915500,18.027500
1525947155,17.915500,18.027100
1525947160,17.915500,18.027000
1525947161,17.915500,18.026900
1525947163,17.915500,18.026300
1525947164,17.915500,18.026200
1525947166,17.915500,18.026100
1525947167,17.915600,18.026000
1525947170,17.915700,18.025900
1525947172,17.915700,18.025800
1525947173,17.915700,18.025700
1525947175,17.916000,18.025600
1525947176,17.916000,18.025500
1525947177,17.916100,18.025400
1525947180,17.916500,18.025000
1525947182,17.916600,18.024900
1525947183,17.916600,18.024800
1525947186,17.916700,18.024800
1525947187,17.917200,18.024200
1525947189,17.917300,18.024200
1525947190,17.917300,18.024100
1525947193,17.917500,18.024100
1525947195,17.917600,18.023900
1525947198,17.917600,18.023800
1525947200,17.917600,18.023700
1525947201,17.917600,18.023600
1525947202,17.917700,18.023500
1525947206,17.917700,18.023200
1525947207,17.917800,18.023200
1525947210,17.917700,18.023200
1525947211,17.918100,18.023100
1525947216,17.918200,18.023000
1525947217,17.918200,18.022900
1525947223,17.918200,18.022800
1525947224,17.918200,18.022600
1525947229,17.918200,18.022500
1525947232,17.918200,18.022200
1525947233,17.918200,18.022100
1525947236,17.918200,18.022000
1525947239,17.918200,18.021600
1525947240,17.918200,18.021500
1525947242,17.918200,18.021400
1525947244,17.918200,18.021300
1525947245,17.918200,18.020700
1525947249,17.918200,18.020600
1525947250,17.918200,18.020500
1525947251,17.918200,18.020400
1525947253,17.918200,18.020300
1525947254,17.918200,18.020200
1525947256,17.918200,18.020000
1525947258,17.918200,18.019900
1525947259,17.918200,18.019600
1525947260,17.918200,18.019500
1525947265,17.918200,18.019400
1525947267,17.918200,18.019300
1525947269,17.918200,18.019200
1525947271,17.918200,18.018900
1525947275,17.918200,18.018800
1525947276,17.918200,18.018700
1525947277,17.918200,18.018400
1525947279,17.918200,18.018300
1525947281,17.918200,18.018200
1525947282,17.918200,18.018100
1525947284,17.918200,18.018000
1525947288,17.918200,18.017900
1525947290,17.918200,18.017800
1525947293,17.918200,18.017700
1525947296,17.918200,18.017300
1525947298,17.918200,18.017200
1525947301,17.918200,18.016600
1525947304,17.918200,18.016500
1525947308,17.918200,18.016300
1525947312,17.918200,18.016200
1525947316,17.918200,18.015900
1525947318,17.918200,18.015800
1525947323,17.918200,18.015400
1525947325,17.918200,18.015300
1525947329,17.918200,18.014700
1525947331,17.918200,18.014600
1525947332,17.914600,18.014600
1525947335,17.914600,18.014400
1525947337,17.914600,18.014300
1525947342,17.914600,18.014000
1525947344,17.914600,18.013900
1525947348,17.914600,18.013500
1525947350,17.914600,18.013400
1525947357,17.914600,18.012800
1525947359,17.914600,18.012700
1525947362,17.914600,18.012500
1525947365,17.914600,18.012400
1525947368,17.914600,18.012300
1525947369,17.914600,18.012200
1525947370,17.914600,18.011900
1525947373,17.914600,18.011800
1525947374,17.914700,18.011800
1525947376,17.914700,18.011700
1525947377,17.914700,18.011400
1525947379,17.914700,18.011300
1525947381,17.914800,18.011300
1525947383,17.914800,18.010700
1525947386,17.914900,18.010600
1525947393,17.915000,18.010600
1525947394,17.915000,18.010500
1525947395,17.915100,18.010500
1525947398,17.915300,18.010300
1525947401,17.915400,18.010200
1525947402,17.915600,18.010200
1525947407,17.915700,18.010200
1525947408,17.915800,18.010100
1525947409,17.915800,18.009800
1525947410,17.915900,18.009800
1525947411,17.915900,18.009700
1525947413,17.915900,18.009100
1525947414,17.916400,18.009100
1525947415,17.916500,18.009100
1525947417,17.916500,18.009000
1525947419,17.916800,18.009000
1525947420,17.917000,18.009000
1525947425,17.917000,18.008900
1525947428,17.917200,18.008900
1525947429,17.917200,18.036100
1525947430,17.917300,18.008800
1525947433,17.917400,18.008800
1525947434,17.917700,18.008800
1525947436,17.917900,18.008800
1525947440,17.918100,18.008800
1525947441,17.918200,18.008800
1525947445,17.918300,18.008800
1525947447,17.918500,18.008800
1525947449,17.918600,18.008800
1525947451,17.918700,18.008800
1525947453,17.918900,18.008800
1525947456,17.918900,18.008800
1525947458,17.919000,18.008800
1525947459,17.919400,18.008800
1525947464,17.919500,18.008800
1525947465,17.919600,18.008800
1525947468,17.919700,18.008800
1525947471,17.919800,18.008800
1525947472,17.919900,18.008800
1525947478,17.920200,18.008800
1525947485,17.920500,18.008800
1525947488,17.920800,18.008800
1525947492,17.920200,18.008800
1525947495,17.920100,18.008800
1525947496,17.920900,18.008800
1525947503,17.921200,18.008800
1525947509,17.921300,18.008800
1525947517,17.920900,18.008800
1525947520,17.921500,18.008800
1525947528,17.921100,18.008800
1525947533,17.921200,18.008800
1526028824,15.510000,15.517200
1525947540,17.921400,18.008800
1525947546,17.921600,18.008800
1525947554,17.921100,18.008800
1525947559,17.921300,18.008800
1525947566,17.921500,18.008800
1525947573,17.921700,18.008800
1525947580,17.921300,18.008800
1525947586,17.921100,18.008800
1525947588,17.921400,18.008800
1525947595,17.926200,18.008800
1525947599,17.926800,18.008800
1525947606,17.927100,18.008800
1525947613,17.927200,18.008800
1525947614,17.927500,18.008800
1525947620,17.927600,18.008800
1525947623,17.927600,18.008700
1525947626,17.927800,18.008700
1525947628,17.927800,18.008600
1525947634,17.927400,18.008500
1525947637,17.927400,18.008400
1525947640,17.927200,18.008400
1525947641,17.927500,18.008400
1525947644,17.927500,18.008300
1525947647,17.927200,18.008300
1525947648,17.927600,18.008200
1525947653,17.927600,18.008100
1525947654,17.927800,18.008000
1525947658,17.927800,18.007900
1525947662,17.927400,18.007800
1525947665,17.927400,18.007700
1525947670,17.927400,18.007600
1525947674,17.927800,18.007600
1525947676,17.927800,18.007500
1525947682,17.927400,18.007300
1525947687,17.927400,18.007200
1525947689,17.927400,18.007100
1525947693,17.927400,18.007000
1525947700,17.927700,18.007000
1525947704,17.927800,18.007000
1525947711,17.928000,18.007000
1525947718,17.927600,18.007000
1525947723,17.927900,18.007000
1525947730,17.928000,18.007000
1525947736,17.928200,18.007000
1525947743,17.927800,18.007000
1525947749,17.927900,18.007000
1525947755,17.928000,18.007000
1525947762,17.928200,18.007000
1525947769,17.927800,18.007000
1525766719,18.364500,18.423300
1525947774,17.927900,18.007000
1525947781,17.928000,18.007000
1525947787,17.928200,18.007000
1525947794,17.927900,18.007000
1525947800,17.928100,18.007000
1525947808,17.928200,18.007000
1525947815,17.927800,18.007000
1525947817,17.928400,18.007000
1525947825,17.927800,18.007000
1525947827,17.928000,18.007000
1525947836,17.928100,18.007000
1526028874,15.450000,15.509800
1525947840,17.928200,18.007000
1525947848,17.928400,18.007000
1525947849,17.932500,18.006900
1525947855,17.932600,18.006900
1525947856,17.932600,18.051000
1525947857,17.932600,18.006800
1525947859,17.932600,18.051000
1525947860,17.932600,18.006700
1525947862,17.932600,18.050800
1525947866,17.932600,18.050700
1525947868,17.932600,18.050400
1525947869,17.932900,18.050400
1525947871,17.932900,18.050300
1525947873,17.932900,18.050200
1525947874,17.932900,18.049800
1525947875,17.933000,18.049800
1525947877,17.933000,18.049700
1525947880,17.933000,18.049600
1525947881,17.933300,18.049000
1525947886,17.933300,18.048900
1525947887,17.933500,18.048900
1525947890,17.933500,18.048800
1525947892,17.933500,18.048700
1525947896,17.933700,18.048400
1525947899,17.933700,18.048300
1525775446,18.150400,18.195800
1525947901,17.933700,18.048100
1525947902,17.933800,18.048100
1525947903,17.933800,18.047700
1525947905,17.934100,18.047600
1525947907,17.934100,18.047500
1525947908,17.934700,18.047500
1525947909,17.934700,18.047000
1525947913,17.934700,18.046900
1525947915,17.934700,18.046700
1525947917,17.934400,18.046700
1525947918,17.934400,18.046600
1525947923,17.934500,18.046500
1525947924,17.934500,18.046300
1525947927,17.934500,18.046200
1525947928,17.934600,18.046000
1525947930,17.934600,18.045900
1525947933,17.934900,18.045300
1525947935,17.934900,18.045200
1525947939,17.934900,18.045100
1525947941,17.934500,18.045100
1525947942,17.934500,18.045000
1525947945,17.934500,18.044900
1525947947,17.934400,18.044900
1525947948,17.934700,18.044800
1525947953,17.934700,18.044600
1525947954,17.934800,18.044600
1525947955,17.934800,18.044200
1525947957,17.934800,18.044100
1525947961,17.935000,18.043500
1525947963,17.935000,18.043400
1525947966,17.935000,18.043200
1525947969,17.934600,18.043200
1525947970,17.934600,18.043100
1525947974,17.934400,18.043100
1525947975,17.934400,18.042800
1525947976,17.934700,18.042800
1525947980,17.934700,18.042700
1525947981,17.934800,18.042600
1525947985,17.934800,18.042500
1525947986,17.935000,18.042500
1525766755,18.365300,18.423300
1525947995,17.934600,18.042500
1525947997,17.934600,18.042400
1526028901,15.450000,15.509300
1525948000,17.934600,18.042500
1525948001,17.934400,18.051000
1525948002,17.934700,18.042300
1525948007,17.934700,18.042200
1525948010,17.934800,18.042200
1525948011,17.934800,18.042100
1525948014,17.934900,18.042100
1525948016,17.934900,18.042000
1525948018,17.935000,18.042000
1525948022,17.935100,18.042000
1525948023,17.935100,18.041900
1525948027,17.935200,18.041900
1525948028,17.935200,18.041800
1525948029,17.935400,18.041800
1525948034,17.935400,18.041700
1525948035,17.935700,18.041700
1525948038,17.935800,18.041600
1525948043,17.936100,18.041500
1525948049,17.936200,18.041400
1525948052,17.936300,18.041300
1525948054,17.936300,18.041200
1525948056,17.936600,18.041200
1526028911,15.450000,15.509000
1525948060,17.936600,18.041100
1525948062,17.936700,18.041100
1525948065,17.936800,18.041100
1525948066,17.936800,18.041000
1525948067,17.937400,18.041000
1525948072,17.937500,18.040900
1525948074,17.937500,18.040800
1525948075,17.937400,18.040800
1525948076,17.937600,18.040800
1525948080,17.937600,18.040500
1525948081,17.937900,18.040500
1525948083,17.937900,18.040400
1525948087,17.938000,18.040000
1525948089,17.938000,18.039900
1525948092,17.938000,18.039800
1525948094,17.938200,18.039800
1525948095,17.938200,18.039700
1525948099,17.938200,18.039700
1525948102,17.937900,18.039700
1525948103,17.937900,18.039600
1525948104,17.938000,18.039600
1525948106,17.938000,18.039300
1525948108,17.938000,18.039300
1525948109,17.938000,18.039300
1525948111,17.938000,18.039200
1525948114,17.938400,18.039200
1525948115,17.938400,18.039100
1525948120,17.938700,18.038500
1525948123,17.938700,18.038400
1525948126,17.938700,18.038200
1525948128,17.938200,18.038200
1525948129,17.938200,18.038100
1525948130,17.938200,18.038000
1525948131,17.938300,18.037900
1525948133,17.938300,18.037800
1525948134,17.938600,18.037800
1525948138,17.938600,18.037700
1525948139,17.938700,18.037600
1525948140,17.938700,18.037400
1525948142,17.938900,18.037300
1526032427,15.194200,15.399000
1525948145,17.939500,18.036700
1525948148,17.939500,18.036600
1525948154,17.939100,18.036600
1525948156,17.939100,18.036500
1525948159,17.938400,18.036500
1525948160,17.939200,18.036200
1525948162,17.900100,18.036200
1525948163,17.900100,18.036100
1525948165,17.900500,18.035700
1525948168,17.900600,18.035600
1525948169,17.900700,18.035600
1525948172,17.900800,18.000000
1525948174,17.900900,18.000000
1525948177,17.900900,17.999900
1525948178,17.901000,17.999900
1525948179,17.901500,17.999400
1525948182,17.901600,17.999400
