time,bid,ask
1525874688,17.700000,17.746400
1525809155,18.250000,18.309800
1525809156,18.250000,18.310000
1525874694,17.700000,17.746200
1525874700,17.700000,17.746100
1525809165,18.250000,18.305000
1525874702,17.700000,17.746000
1525874704,17.700000,17.745900
1525896536,17.583500,17.647000
1525874706,17.700000,17.745800
1525809171,18.250000,18.259100
1525874709,17.700000,17.745600
1525874712,17.700000,17.745500
1525874716,17.700000,17.745400
1525874719,17.700000,17.745300
1525874720,17.700000,17.745200
1525885616,17.883600,17.999400
1525896539,17.583500,17.649300
1525874724,17.700000,17.745100
1525874728,17.700000,17.730000
1525874729,17.700000,17.729900
1525874731,17.700000,17.729800
1525868382,17.900000,17.965100
1525874737,17.700000,17.729800
1525874738,17.700000,17.729700
1525885619,17.883700,17.999800
1525809206,18.250000,18.330000
1525841929,17.245800,17.366500
1525852852,17.303100,17.401600
1525809210,18.250100,18.330000
1525874747,17.700000,17.729600
1525809213,18.330000,18.339600
1525874750,17.700000,17.729500
1525809215,18.260500,18.339600
1525874753,17.700000,17.729400
1525809219,18.250400,18.317300
1525809221,18.260900,18.317300
1525809226,18.260900,18.317300
1525809228,18.260900,18.317100
1525874765,17.700000,17.729400
1525809230,18.250200,18.317100
1525809233,18.222500,18.317100
1525874771,17.700000,17.729300
1525809236,18.222500,18.315000
1525809238,18.222500,18.314900
1525809239,18.222500,18.315000
1525809240,18.222500,18.314800
1525874777,17.700000,17.729200
1525809242,18.222500,18.314500
1525885626,17.884100,17.999700
1525809250,18.222500,18.314800
1525809253,18.222500,18.314400
1525809254,18.222500,18.314200
1525874792,17.700000,17.721000
1525809259,18.300000,18.314100
1525809262,18.300000,18.310000
1525809263,18.222500,18.290300
1525874801,17.700000,17.720900
1525874707,17.700000,17.745700
1525885630,17.884300,17.999700
1525809272,18.197200,18.290300
1525841940,17.247300,17.367600
1525874811,17.700000,17.720800
1525809276,18.197200,18.299900
1525809277,18.197200,18.290200
1525809278,18.197200,18.289900
1525809282,18.197800,18.289800
1525874819,17.700000,17.720700
1525869032,17.867700,17.990400
1525809289,18.197800,18.299000
1525809290,18.197400,18.299000
1525809292,18.197400,18.289700
1525809293,18.197400,18.298900
1525809296,18.164900,18.298900
1525874834,17.700000,17.720600
1525809300,18.250000,18.299100
1525809302,18.250000,18.298900
1525874839,17.700000,17.720500
1525809308,18.250000,18.299100
1525809310,18.250000,18.298800
1525809311,18.250000,18.299000
1525809312,18.250000,18.292800
1525809314,18.250000,18.292700
1525874854,17.700000,17.720400
1525809319,18.165000,18.292700
1525809320,18.170100,18.292700
1525841948,17.247900,17.367300
1525809323,18.170100,18.292600
1525809325,18.170200,18.292500
1525809328,18.170300,18.292500
1525809329,18.280000,18.292500
1525809330,18.280000,18.292400
1525809331,18.280000,18.292200
1525809333,18.280000,18.292100
1525809340,18.280000,18.292000
1525809342,18.280000,18.291900
1525809344,18.280000,18.291800
1525809345,18.280000,18.292000
1525809347,18.280000,18.291900
1525809352,18.280000,18.291700
1525809359,18.280000,18.291900
1525874896,17.700000,17.720000
1525809361,18.170700,18.279900
1525809362,18.170800,18.279900
1525809363,18.170800,18.279800
1525809365,18.170800,18.279600
1525809366,18.171100,18.279600
1525809370,18.171200,18.279600
1525874907,17.700000,17.719900
1525809372,18.171200,18.279500
1525809377,18.171300,18.279500
1525809379,18.171300,18.291900
1525809380,18.171900,18.291300
1525874918,17.700000,17.719800
1525809384,18.172000,18.291300
1525809387,18.172000,18.291700
1525882129,17.920000,17.991600
1525885650,17.909600,17.999400
1525809390,18.171600,18.291700
1525809391,18.172100,18.292000
1525874928,17.700000,17.719700
1525809393,18.172400,18.291700
1525809398,18.172500,18.291600
1525809400,18.165800,18.291600
1525809401,18.172600,18.291600
1525809403,18.173200,18.291600
1525809404,18.193200,18.291400
1525896873,17.556900,17.635400
1525809408,18.193300,18.291400
1525809411,18.193400,18.291800
1525809412,18.193500,18.291800
1525885654,17.909700,17.999300
1525874952,17.700000,17.719500
1525809419,18.193800,18.291700
1525809420,18.193900,18.291700
1525809425,18.194300,18.291600
1525809426,18.194400,18.291600
1525874966,17.700000,17.719300
1525885657,17.909800,17.999400
1525809432,18.194400,18.291400
1525809433,18.195000,18.291400
1525809436,18.195100,18.291400
1525858955,17.538700,17.653300
1525874976,17.700000,17.719200
1525809441,18.195100,18.291800
1525809443,18.195300,18.291800
1525809444,18.195300,18.291700
1525809446,18.195400,18.291700
1525864673,17.860000,17.960800
1525874988,17.700000,17.719100
1525809453,18.195700,18.291800
1525809454,18.195700,18.291600
1525820125,17.910200,18.047500
1525809458,18.195800,18.291600
1525809459,18.196200,18.291500
1525809460,18.196300,18.291500
1525885662,17.910000,17.999400
1525875000,17.700000,17.719000
1525809467,18.196300,18.291300
1525875006,17.700000,17.718900
1525809471,18.196200,18.291300
1525809477,18.195700,18.291600
1525809478,18.196300,18.291200
1525820129,17.910500,18.047000
1525809483,18.195800,18.291200
1525809484,18.196400,18.291200
1525809485,18.196400,18.321400
1525809486,18.196400,18.321300
1525809487,18.196400,18.291700
1525809489,18.196400,18.321400
1525809490,18.196700,18.321200
1525809491,18.196700,18.291400
1525809493,18.196800,18.291400
1525809496,18.196900,18.291400
1525809498,18.196900,18.320900
1525893044,17.700000,17.729600
1525809500,18.197000,18.320800
1525874746,17.700000,17.729700
1525875038,17.700000,17.718700
1525809503,18.197500,18.320100
1525809504,18.197500,18.320000
1525875042,17.700000,17.718600
1525809507,18.197600,18.320000
1525809508,18.197600,18.319900
1525809510,18.197200,18.319900
1525809511,18.197700,18.319900
1525809512,18.197700,18.319700
1525809514,18.197800,18.319700
1525809515,18.197800,18.319600
1525809516,18.197900,18.319600
1525809518,18.198100,18.319300
1525875056,17.700000,17.718600
1525809523,18.198500,18.319300
1525809524,18.198500,18.319100
1525809527,18.198600,18.319000
1525809530,18.198700,18.318900
1525809534,18.198800,18.318800
1525809535,18.198800,18.318700
1525809537,18.199200,18.318300
1525809538,18.209900,18.318300
1525809540,18.210000,18.318300
1525809541,18.210000,18.318200
1525809542,18.210000,18.318100
1525809543,18.210300,18.317800
1525809546,18.210400,18.317800
1525875083,17.700000,17.718900
1525809548,18.210500,18.317800
1525809549,18.210900,18.317800
1525809550,18.210900,18.317500
1525875087,17.700000,17.751800
1525874755,17.700000,17.729500
1525809556,18.211000,18.317500
1525809557,18.211000,18.317400
1525809558,18.211200,18.317000
1525831065,17.751900,17.869400
1525809560,18.211300,18.316900
1525875097,17.700000,17.751700
1525809562,18.211300,18.316700
1525809563,18.211300,18.316600
1525809566,18.211400,18.316500
1525875103,17.700000,17.751600
1525809569,18.211500,18.316400
1525809571,18.211500,18.316400
1525809572,18.211600,18.316300
1525809574,18.211700,18.316300
1525809575,18.211800,18.316300
1525809580,18.211900,18.316300
1525809581,18.212100,18.316000
1525809582,18.212200,18.316000
1525809583,18.212300,18.315800
1525809585,18.212400,18.315000
1525809586,18.212500,18.314900
1525885683,17.911000,17.999300
1525809589,18.213100,18.314300
1525809590,18.213200,18.314300
1525809591,18.213200,18.314200
1525809592,18.213200,18.314100
1525809593,18.213200,18.314000
1525875132,17.700000,17.751200
1525809597,18.213300,18.313900
1525809599,18.213300,18.313800
1525809600,18.213400,18.313700
1525896608,17.557000,17.583500
1525809602,18.213400,18.313600
1525809604,18.213400,18.313500
1525809607,18.213600,18.313500
1525809608,18.213600,18.313200
1525809609,18.213600,18.310000
1525875146,17.700000,17.751000
1525775157,18.192200,18.247100
1525809612,18.213600,18.309900
1525809613,18.213700,18.309900
1525809614,18.213700,18.309600
1525809615,18.213700,18.309500
1525885688,17.911300,18.000000
1525809618,18.213700,18.309400
1525896611,17.543600,17.645800
1525809620,18.214300,18.308800
1525875157,17.700000,17.750900
1525809622,18.214300,18.308700
1525809624,18.213700,18.308700
1525809625,18.213700,18.308600
1525809626,18.213700,18.308500
1525809627,18.213700,18.308400
1525809628,18.213700,18.308300
1525875165,17.700000,17.750800
1525896613,17.544200,17.645600
1525868709,17.817500,17.957300
1525809633,18.213700,18.308200
1525809635,18.213700,18.300000
1525809636,18.180200,18.300000
1525809637,18.180200,18.299900
1525809638,18.180200,18.299700
1525885692,17.911500,17.999900
1525809642,18.180200,18.299500
1525809643,18.180200,18.299400
1525809644,18.180200,18.299300
1525809647,18.180200,18.299200
1525809648,18.180200,18.298700
1525875185,17.700000,17.750500
1525809650,18.180200,18.298600
1525875189,17.700000,17.750400
1525809654,18.180200,18.298500
1525809655,18.180200,18.298400
1525875192,17.700000,17.750300
1525809657,18.180200,18.298300
1525809658,18.180200,18.298200
1525809660,18.180200,18.298100
1525809662,18.180200,18.298000
1525875199,17.700000,17.750200
1525809664,18.180200,18.297800
1525820160,17.912900,18.044100
1525809667,18.180200,18.297700
1525809669,18.180200,18.297600
1525875206,17.700000,17.750100
1525809671,18.180300,18.297500
1525809672,18.180300,18.297200
1525809675,18.180300,18.297100
1525885698,17.965600,17.999900
1525875214,17.700000,17.750000
1525809679,18.180400,18.297000
1525809682,18.180900,18.296400
1525875219,17.700000,17.749900
1525809685,18.181000,18.296300
1525809687,18.181000,18.296200
1525809691,18.181000,18.296100
1525875228,17.700000,17.749700
1525809693,18.181300,18.295900
1525809695,18.181300,18.295800
1525809696,18.181400,18.295800
1525809698,18.181400,18.295700
1525809699,18.181800,18.295700
1525875236,17.700000,17.749600
1525809701,18.181800,18.295300
1525809702,18.181900,18.295300
1525809703,18.181900,18.290000
1525809704,18.181900,18.289900
1525809706,18.182500,18.289900
1525809707,18.182600,18.289900
1525809708,18.182600,18.289300
1525875246,17.700000,17.749300
1525809711,18.182600,18.289200
1525809712,18.182600,18.289000
1525809713,18.182800,18.289000
1525809714,18.182900,18.289000
1525809718,18.182900,18.288900
1525875255,17.700000,17.749200
1525809720,18.182900,18.288800
1525809721,18.180500,18.288700
1525809722,18.180500,18.288600
1525809725,18.180500,18.288500
1525809727,18.180800,18.288200
1525809728,18.180900,18.288200
1525809729,18.180900,18.288100
1525809730,18.181000,18.288000
1525885707,17.965800,18.000000
1525809732,18.181000,18.287900
1525809733,18.181000,18.287800
1525809734,18.181000,18.276400
1525875271,17.700000,17.748900
1525809736,18.181000,18.276300
1525809737,18.181600,18.275800
1525875274,17.700000,17.748800
1525809740,18.181700,18.275700
1525809742,18.181700,18.275600
1525809743,18.181900,18.275600
1525809744,18.182000,18.275500
1525809747,18.182000,18.275400
1525875284,17.700000,17.748600
1525809750,18.182000,18.275300
1525809751,18.182300,18.275000
1525809754,18.182400,18.274900
1525875291,17.700000,17.748300
1525809756,18.182500,18.274900
1525809757,18.182500,18.274800
1525809758,18.182900,18.274500
1525809759,18.183000,18.274500
1525809760,18.183000,18.274400
1525875297,17.700000,17.748200
1525875299,17.700000,17.748100
1525809764,18.183000,18.274300
1525809765,18.183600,18.273700
1525809766,18.183700,18.273600
1525809769,18.183700,18.273500
1525875306,17.700000,17.748000
1525809772,18.183700,18.273400
1525809775,18.182600,18.273300
1525809776,18.183800,18.273300
1525890871,17.730900,17.824300
1525809778,18.182600,18.273200
1525809779,18.183900,18.273200
1525809780,18.183900,18.273100
1525809783,18.180500,18.273100
1525809784,18.180600,18.273100
1525809785,18.180600,18.273000
1525809787,18.180700,18.273000
1525809788,18.180700,18.272900
1525809790,18.180700,18.272800
1525809792,18.181300,18.272200
1525809793,18.181300,18.272100
1525875330,17.700000,17.747600
1525809795,18.181300,18.272000
1525809796,18.181300,18.272100
1525809798,18.181300,18.271900
1525875335,17.700000,17.747500
1525809800,18.180800,18.271800
1525809801,18.180800,18.271700
1525809803,18.181000,18.271600
1525874384,17.750000,17.771600
1525809806,18.181000,18.271500
1525809808,18.181000,18.271300
1525809810,18.181000,18.271200
1525809812,18.181000,18.271100
1525809813,18.181000,18.270700
1525875350,17.700000,17.747300
1525809818,18.181000,18.270600
1525809820,18.181000,18.270500
1525809822,18.181000,18.270400
1525809824,18.181000,18.270300
1525809827,18.181000,18.270200
1525809828,18.181000,18.270100
1525809829,18.181000,18.270000
1525809831,18.181000,18.269900
1525796456,18.050000,18.110800
1525809834,18.181000,18.269700
1525809837,18.181000,18.269600
1525809839,18.181000,18.269500
1525809840,18.181000,18.269200
1525875377,17.700000,17.746800
1525809846,18.181000,18.269100
1525809847,18.181000,18.268700
1525875386,17.700000,17.746700
1525809851,18.181000,18.268600
1525809853,18.181000,18.268400
1525875392,17.700000,17.742900
1525809857,18.181000,18.268200
1525809859,18.181000,18.268100
1525809860,18.181000,18.268000
1525869147,17.828700,17.986700
1525809862,18.181000,18.267800
1525875400,17.700000,17.742800
1525809867,18.181000,18.267700
1525809869,18.181000,18.267600
1525809872,18.181000,18.267200
1525809873,18.181000,18.267100
1525875412,17.700000,17.742700
1525809877,18.181000,18.266500
1525809879,18.181000,18.266400
1525809881,18.181000,18.266300
1525809882,18.164700,18.266200
1525809883,18.164800,18.266100
1525809885,18.164800,18.266000
1525809886,18.164800,18.265900
1525809890,18.164800,18.265600
1525809891,18.165100,18.265600
1525809892,18.165200,18.265500
1525809894,18.165200,18.265400
1525809895,18.165200,18.265100
1525809896,18.165600,18.265100
1525809899,18.165700,18.265100
1525809900,18.165700,18.265000
1525809901,18.165800,18.264800
1525809902,18.165900,18.264800
1525809907,18.166000,18.264800
1525809908,18.166100,18.264700
1525809910,18.166200,18.264700
1525875448,17.700000,17.742300
1525809914,18.166200,18.264600
1525831125,17.759600,17.865400
1525809920,18.166200,18.264800
1525809921,18.166200,18.264700
1525809922,18.166200,18.264600
1525875460,17.700000,17.742200
1525809925,18.166200,18.264500
1525809927,18.166200,18.264400
1525809928,18.166600,18.264400
1525809929,18.166600,18.264000
1525893697,17.650000,17.691700
1525809935,18.166700,18.263800
1525809936,18.166900,18.263800
1525896664,17.544300,17.644200
1525809939,18.167000,18.263800
1525809942,18.167000,18.264200
1525875481,17.700000,17.742000
1525809947,18.167000,18.309300
1525809948,18.167000,18.309200
1525809949,18.167000,18.309100
1525809951,18.167100,18.309000
1525809952,18.167100,18.308800
1525885744,17.983300,18.000000
1525809956,18.167200,18.308700
1525809958,18.167600,18.308600
1525875495,17.700000,17.741900
1525863900,17.851600,17.916200
1525809964,18.167700,18.308200
1525875501,17.700000,17.741800
1525809966,18.167700,18.307800
1525809967,18.168300,18.303600
1525809970,18.168300,18.303400
1525875507,17.700000,17.741700
1525809972,18.168500,18.303400
1525809973,18.168600,18.303300
1525832486,17.500000,17.530700
1525809977,18.168600,18.303200
1525809978,18.168900,18.302900
1525809980,18.169000,18.302700
1525809982,18.180700,18.302700
1525809983,18.180800,18.302600
1525809984,18.180800,18.302500
1525809989,18.194600,18.302500
1525809991,18.194700,18.300000
1525809992,18.195000,18.300000
1525809993,18.195200,18.299900
1525809996,18.195300,18.299700
1525875533,17.700000,17.741600
1525809999,18.195300,18.299600
1525810001,18.195300,18.299500
1525810002,18.195300,18.299400
1525810004,18.195000,18.299100
1525810005,18.195100,18.299000
1525810008,18.195100,18.298900
1525896676,17.544100,17.643500
1525810011,18.195100,18.298500
1525810012,18.195500,18.298500
1525816682,17.900000,17.942800
1525810014,18.195500,18.298400
1525810015,18.195600,18.298400
1525810016,18.195600,18.297800
1525810018,18.195300,18.297700
1525810020,18.195300,18.297600
1525810021,18.195300,18.297500
1525810022,18.195300,18.297300
1525810023,18.195500,18.297300
1525810025,18.195600,18.297200
1525875562,17.700000,17.741200
1525810028,18.195600,18.297100
1525810029,18.195600,18.297000
1525810031,18.195600,18.296900
1525810032,18.195900,18.296900
1525810035,18.195900,18.296800
1525810036,18.196100,18.296500
1525810042,18.196100,18.296400
1525810044,18.196300,18.296400
1525875581,17.700000,17.752000
1525875584,17.700000,17.751900
1525810051,18.196400,18.296300
1525810052,18.194700,18.296000
1525810053,18.194600,18.295900
1525810054,18.196500,18.295900
1525810056,18.194800,18.295700
1525810060,18.194900,18.295600
1525810062,18.195800,18.295500
1525863917,17.831600,17.916200
1525810066,18.195900,18.295400
1525810067,18.195900,18.295300
1525810068,18.196200,18.295100
1525810073,18.196200,18.295000
1525810075,18.196300,18.294900
1525810078,18.196300,18.294700
1525810081,18.196300,18.294600
1525810082,18.196400,18.294600
1525875619,17.700100,17.751900
1525810084,18.196400,18.294500
1525810086,18.196400,18.294400
1525810087,18.196400,18.294300
1525810089,18.196000,18.294200
1525810090,18.196000,18.294100
1525885767,18.029500,18.049900
1525810093,18.196000,18.294000
1525810095,18.195800,18.294000
1525810096,18.195800,18.293700
1525810097,18.196100,18.293700
1525810101,18.196100,18.293600
1525810102,18.196100,18.293500
1525810103,18.196100,18.293200
1525810104,18.167300,18.293100
1525810106,18.167300,18.293000
1525810108,18.167300,18.292400
1525810110,18.167300,18.292300
1525810112,18.167300,18.292200
1525810113,18.167300,18.292100
1525810116,18.167300,18.291900
1525896694,17.526500,17.642600
1525810118,18.167300,18.291800
1525810120,18.167300,18.291700
1525810123,18.167300,18.291500
1525869060,17.895300,17.989700
1525810128,18.167300,18.291400
1525810130,18.167300,18.291300
1525810132,18.167300,18.291200
1525810135,18.167300,18.290900
1525810138,18.167300,18.290500
1525810140,18.175600,18.290500
1525810142,18.175700,18.290400
1525810145,18.175700,18.290300
1525810146,18.175700,18.290200
1525810147,18.175700,18.290100
1525810149,18.176000,18.289800
1525885777,17.984300,18.049800
1525810152,18.176100,18.289800
1525810153,18.176100,18.289700
1525810154,18.176100,18.289600
1525810155,18.176500,18.289600
1525810156,18.176600,18.289100
1525896701,17.527300,17.641900
1525810160,18.176600,18.289000
1525810162,18.176600,18.288900
1525810163,18.176600,18.288800
1525810165,18.176700,18.288800
1525810166,18.176700,18.288200
1525810167,18.167400,18.288100
1525810168,18.167300,18.288100
1525810169,18.176800,18.288100
1525810170,18.176800,18.288000
1525896703,17.527500,17.641700
1525810172,18.177000,18.288000
1525810173,18.177000,18.287800
1525810174,18.177100,18.287800
1525810177,18.177100,18.287700
1525818521,17.895700,17.953700
1525810181,18.177100,18.287600
1525810183,18.167400,18.287500
1525810184,18.177400,18.287500
1525810185,18.177400,18.287300
1525810186,18.177400,18.287200
1525810189,18.177600,18.287100
1525810190,18.177600,18.286800
1525810191,18.177700,18.286800
1525810192,18.177700,18.286700
1525810196,18.177700,18.286100
1525810197,18.178400,18.286100
1525810199,18.178400,18.286000
1525810201,18.178400,18.285900
1525810203,18.178600,18.285700
1525764683,18.264800,18.400200
1525810207,18.178700,18.285700
1525810208,18.178700,18.285600
1525810209,18.178700,18.285500
1525810212,18.170900,18.285400
1525810213,18.170900,18.285300
1525810215,18.178800,18.285200
1525810216,18.178800,18.285100
1525810219,18.171300,18.285000
1525893068,17.700000,17.728900
1525810222,18.171700,18.284600
1525810224,18.171800,18.284500
1525896712,17.527900,17.641400
1525810228,18.172400,18.283900
1525810233,18.172500,18.283800
1525810235,18.172500,18.283700
1525804555,18.117100,18.174600
1525810237,18.172500,18.283600
1525874869,17.700000,17.720300
1525810240,18.167300,18.283500
1525810241,18.167400,18.283500
1525810242,18.172600,18.283300
1525810243,18.167700,18.283200
1525810244,18.167700,18.283100
1525810247,18.167700,18.283000
1525810251,18.168100,18.282900
1525810252,18.168200,18.282800
1525810253,18.168200,18.282600
1525875790,17.709900,17.720000
1525810255,18.168200,18.282500
1525810258,18.168800,18.281900
1525810261,18.168900,18.281800
1525875798,17.710000,17.720000
1525810263,18.168900,18.281700
1525810265,18.169100,18.281500
1525810268,18.169200,18.281400
1525810270,18.169200,18.281300
1525786139,17.899200,18.022500
1525810273,18.169500,18.281200
1525810274,18.169500,18.281000
1525810276,18.169500,18.280900
1525810277,18.169600,18.280900
1525896721,17.535500,17.641000
1525810280,18.170000,18.280500
1525810281,18.170100,18.280400
1525875818,17.710000,17.752000
1525810284,18.170100,18.280200
1525810285,18.170100,18.279700
1525810286,18.170700,18.279700
1525810288,18.170700,18.279600
1525810289,18.170800,18.279600
1525810292,18.170800,18.279500
1525810293,18.171000,18.279400
1525810296,18.171100,18.279300
1525810298,18.171100,18.279200
1525810299,18.171400,18.279100
1525774004,18.140000,18.239900
1525810302,18.171400,18.279000
1525765653,18.306100,18.350000
1525810305,18.171500,18.278900
1525810307,18.171900,18.278500
1525810308,18.172000,18.278500
1525810309,18.172000,18.278300
1525842113,17.300000,17.369600
1525810313,18.172000,18.278200
1525810314,18.172600,18.277600
1525810317,18.172700,18.277500
1525810318,18.172700,18.277400
1525885805,17.977700,18.049100
1525875856,17.710100,17.751900
1525863960,17.855500,17.900000
1525810324,18.173000,18.277200
1525810326,18.173000,18.277100
1525810327,18.173100,18.277100
1525810328,18.173200,18.277000
1525875866,17.710100,17.752000
1525810331,18.173500,18.276700
1525810333,18.173600,18.276700
1525810334,18.173600,18.276500
1525810336,18.173700,18.276500
1525810339,18.173700,18.276400
1525810340,18.174400,18.275800
1525810344,18.174400,18.275700
1525875881,17.710100,17.756000
1525810347,18.174400,18.275500
1525810349,18.174600,18.275500
1525810350,18.174600,18.275400
1525810352,18.174700,18.275300
1525875890,17.710400,17.756000
1525875891,17.710700,17.756000
1525810356,18.175000,18.275000
1525810359,18.175100,18.274900
1525875896,17.710700,17.775200
1525810361,18.175100,18.274800
1525810363,18.175500,18.274400
1525875902,17.710500,17.775200
1525810367,18.175600,18.274300
1525810369,18.176200,18.273700
1525810372,18.176300,18.273600
1525875910,17.710100,17.775200
1525810375,18.176300,18.273400
1525810378,18.176500,18.273400
1525810379,18.176500,18.273300
1525810382,18.176500,18.273200
1525810385,18.176600,18.272900
1525875922,17.710300,17.775200
1525810387,18.170500,18.272800
1525810388,18.170400,18.272800
1525810389,18.176700,18.272700
1525810390,18.170400,18.272700
1525810391,18.177100,18.272300
1525875929,17.711100,17.775200
1525810395,18.177100,18.272200
1525810399,18.170100,18.272100
1525810401,18.170200,18.272100
1525810402,18.170200,18.272000
1525810405,18.170700,18.271500
1525875942,17.710500,17.775200
1525810408,18.170700,18.271400
1525810409,18.170800,18.271300
1525875946,17.710800,17.775200
1525896743,17.537000,17.640300
1525810414,18.171100,18.271200
1525810415,18.171200,18.271000
1525810419,18.171600,18.270900
1525810421,18.171700,18.270800
1525875958,17.711100,17.775200
1525896745,17.537100,17.640200
1525810424,18.171700,18.270600
1525810425,18.172300,18.270000
1525836556,17.170000,17.277800
1525810429,18.172400,18.269900
1525810430,18.172400,18.269800
1525785789,17.967400,18.060800
1525810432,18.172400,18.269700
1525885824,17.984300,18.048500
1525810435,18.172000,18.269600
1525875973,17.710500,17.775200
1525810438,18.172500,18.269600
1525810439,18.172500,18.269500
1525810440,18.172500,18.269300
1525875977,17.710800,17.775200
1525810442,18.172500,18.265000
1525810444,18.172400,18.264900
1525810445,18.172400,18.264800
1525810446,18.172800,18.264500
1525875985,17.710500,17.775200
1525810450,18.172900,18.264500
1525774005,18.140000,18.239800
1525810452,18.173500,18.264100
1525896750,17.537400,17.640000
1525875991,17.711100,17.775200
1525810457,18.173600,18.264000
1525810458,18.173800,18.263900
1525810459,18.173900,18.263800
1525810461,18.173900,18.263700
1525810463,18.173900,18.263600
1525896752,17.537900,17.639600
1525810466,18.173900,18.263500
1525810470,18.174000,18.263400
1525876007,17.710800,17.775200
1525810472,18.174100,18.263400
1525810473,18.174100,18.263300
1525810477,18.174100,18.263200
1525810479,18.174100,18.263100
1525810481,18.174100,18.263000
1525810483,18.174100,18.262900
1525810487,18.174100,18.262800
1525876027,17.710700,17.775200
1525810492,18.174100,18.262700
1525810494,18.174100,18.262600
1525810495,18.174200,18.262600
1525810497,18.174200,18.262500
1525810498,18.170200,18.262500
1525810500,18.170200,18.262400
1525810501,18.170500,18.262400
1525810502,18.170500,18.262100
1525810504,18.170600,18.262100
1525810506,18.170600,18.262000
1525810508,18.171000,18.261800
1525810509,18.171100,18.261800
1525810510,18.171100,18.261700
1525810512,18.171100,18.261600
1525810516,18.171100,18.261500
1525810518,18.170100,18.261400
1525810519,18.171200,18.261300
1525876056,17.710700,17.775200
1525810521,18.170300,18.261200
1525885839,17.984300,18.048200
1525810524,18.170400,18.261200
1525876061,17.710800,17.775200
1525810528,18.170400,18.261000
1525810530,18.170100,18.260900
1525810531,18.170500,18.260900
1525810532,18.170500,18.260800
1525876069,17.710900,17.775200
1525810537,18.170100,18.260800
1525842151,17.300000,17.369800
1525876077,17.710500,17.775200
1525876078,17.711100,17.775200
1525810546,18.170100,18.260700
1525876083,17.710700,17.775200
1525810548,18.170100,18.260500
1525810549,18.170600,18.260500
1525810550,18.170700,18.260500
1525810552,18.170700,18.260400
1525810554,18.170700,18.260300
1525765695,18.307000,18.350000
1525876095,17.710900,17.775200
1525876100,17.711100,17.775200
1525810567,18.170700,18.260200
1525810569,18.170700,18.260100
1525810571,18.170000,18.260100
1525810572,18.170100,18.260100
1525810573,18.170800,18.260100
1525810574,18.170800,18.259900
1525810575,18.170000,18.259900
1525810576,18.170900,18.259900
1525876113,17.710800,17.775200
1525810578,18.170100,18.259900
1525831235,17.751000,17.860300
1525884351,17.880000,17.921600
1525810583,18.170100,18.260100
1525810585,18.170100,18.302900
1525810586,18.170100,18.302800
1525810587,18.170100,18.260000
1525810588,18.170500,18.260000
1525810589,18.170500,18.259900
1525810590,18.170600,18.259900
1525876127,17.710500,17.775200
1525876133,17.710100,17.775200
1525810599,18.170100,18.259800
1525810602,18.170100,18.259700
1525876139,17.709900,17.775200
1525810607,18.170100,18.259600
1525876145,17.710200,17.775200
1525876149,17.710300,17.775200
1525876155,17.710500,17.775200
1525810621,18.170100,18.259400
1525810624,18.170100,18.259300
1525765707,18.307400,18.350000
1525876164,17.710100,17.775200
1525810629,18.170100,18.259200
1525810631,18.170100,18.259100
1525810634,18.170100,18.259000
1525810635,18.170100,18.258900
1525853090,17.301700,17.395600
1525810639,18.170100,18.258800
1525876177,17.715700,17.775200
1525810643,18.170100,18.258500
1525876183,17.715900,17.775200
1525810649,18.170100,18.258400
1525810651,18.170000,18.258400
1525810652,18.170000,18.258300
1525876191,17.715500,17.775200
1525810656,18.170000,18.257700
1525810657,18.170000,18.257600
1525876196,17.775200,17.841600
1525876197,17.715600,17.841600
1525810662,18.170000,18.257400
1525896785,17.539000,17.638300
1525810664,18.170000,18.257300
1525876201,17.715800,17.841400
1525810667,18.170000,18.257200
1525876204,17.715800,17.839700
1525810669,18.170000,18.256900
1525810670,18.170000,18.256800
1525876207,17.716000,17.839100
1525810674,18.170000,18.256600
1525810675,18.170000,18.256300
1525876213,17.716100,17.838800
1525876214,17.716200,17.838700
1525810679,18.170000,18.256200
1525896788,17.539000,17.638200
1525810682,18.170000,18.255900
1525810683,18.170000,18.255800
1525810685,18.170000,18.255800
1525810686,18.170000,18.255700
1525810688,18.170000,18.255600
1525876225,17.716400,17.838400
1525810690,18.170000,18.255500
1525885867,17.951400,18.047700
1525810693,18.170000,18.255400
1525810694,18.170000,18.255300
1525876234,17.716800,17.838300
1525810699,18.170000,18.255200
1525810700,18.170000,18.255100
1525876239,17.716900,17.838300
1525876240,17.717000,17.838300
1525876242,17.717200,17.838300
1525810708,18.170000,18.254700
1525876245,17.717300,17.838300
1525876247,17.717300,17.838200
1525876248,17.717500,17.838200
1525810713,18.170000,18.254500
1525876252,17.725200,17.838100
1525876253,17.725600,17.837800
1525876255,17.725700,17.837800
1525810721,18.170000,18.254200
1525876258,17.725800,17.837700
1525896795,17.539400,17.637800
1525876260,17.725800,17.837100
1525877809,17.810800,17.900000
1525876264,17.725800,17.837000
1525896796,17.539500,17.637700
1525810735,18.170000,18.254100
1525810738,18.170000,18.253800
1525876275,17.726200,17.836900
1525876277,17.726200,17.836800
1525810742,18.170000,18.253700
1525876279,17.726400,17.836900
1525876280,17.726400,17.836400
1525876281,17.726500,17.836300
1525876283,17.726600,17.836200
1525876284,17.726600,17.836100
1525810752,18.170000,18.253500
1525810753,18.170000,18.253300
1525876290,17.726600,17.835900
1525876291,17.727100,17.835400
1525810756,18.170000,18.239000
1525876294,17.727100,17.835300
1525765729,18.308300,18.350000
1525810760,18.170000,18.238900
1525876299,17.727200,17.835200
1525876300,17.727200,17.835100
1525876303,17.727200,17.834900
1525876305,17.727200,17.834800
1525876307,17.727200,17.834700
1525810773,18.170000,18.238600
1525876310,17.727300,17.834600
1525876312,17.727700,17.834200
1525810780,18.170000,18.238500
1525876318,17.727800,17.834100
1525876319,17.727800,17.833500
1525810784,18.170000,18.238300
1525877811,17.810900,17.900000
1525876323,17.727900,17.833400
1525876324,17.728000,17.833400
1525864038,17.860000,17.948100
1525876326,17.728100,17.833300
1525874961,17.700000,17.719400
1525876328,17.728200,17.833200
1525810793,18.170000,18.238400
1525876331,17.728300,17.833100
1525876332,17.728400,17.833100
1525810797,18.170000,18.238200
1525876335,17.728500,17.833000
1525810800,18.170000,18.237900
1525876337,17.728500,17.832700
1525876338,17.728500,17.832600
1525876339,17.728500,17.832500
1525876341,17.728600,17.832400
1525876342,17.728600,17.832000
1525810808,18.170000,18.237800
1525810809,18.170000,18.237700
1525876346,17.728700,17.831900
1525810811,18.170000,18.237400
1525810813,18.170000,18.237100
1525876350,17.728700,17.831200
1525876351,17.729100,17.831100
1525876353,17.729200,17.831000
1525876356,17.729200,17.830900
1525876357,17.729200,17.830800
1525810822,18.170000,18.237300
1525876359,17.729200,17.830700
1525876360,17.729200,17.830600
1525876361,17.729200,17.830500
1525876362,17.729300,17.830600
1525876363,17.729300,17.830300
1525876365,17.729300,17.830200
1525810831,18.170000,18.237200
1525810832,18.170000,18.237100
1525810834,18.170000,18.236800
1525876371,17.729400,17.829700
1525876373,17.729400,17.829600
1525876374,17.729400,17.829000
1525810840,18.170000,18.236500
1525810841,18.170000,18.236400
1525896815,17.541100,17.636000
1525876380,17.729400,17.828800
1525876381,17.729400,17.828700
1525876384,17.729400,17.828600
1525876386,17.729400,17.828500
1525810851,18.170000,18.236300
1525876388,17.729400,17.828300
1525810853,18.170000,18.236200
1525876390,17.729600,17.828200
1525765745,18.308600,18.350000
1525876393,17.729600,17.828100
1525810858,18.170000,18.235900
1525810861,18.170000,18.235800
1525876398,17.729700,17.827600
1525810863,18.170000,18.235700
1525876400,17.729900,17.827400
1525876401,17.729900,17.827300
1525864051,17.861500,17.966800
1525876404,17.729900,17.827200
1525876406,17.729900,17.827000
1525876408,17.729500,17.827000
1525864052,17.861800,17.966500
1525876410,17.729500,17.826900
1525810876,18.170000,18.235100
1525876413,17.729500,17.826800
1525876414,17.729500,17.826700
1525876415,17.729600,17.826600
1525810881,18.170000,18.235000
1525810882,18.170000,18.234900
1525876419,17.729600,17.826400
1525876421,17.729700,17.826000
1525876424,17.729700,17.825900
1525876425,17.729700,17.825800
1525810890,18.170000,18.234600
1525810891,18.170000,18.234500
1525876428,17.729900,17.825100
1525810894,18.170000,18.234400
1525876431,17.729900,17.825000
1525810896,18.170000,18.234100
1525876433,17.729900,17.824900
1525810898,18.170000,18.234000
1525876436,17.729500,17.824800
1525876437,17.729500,17.824700
1525864057,17.861800,17.966600
1525876440,17.729600,17.824600
1525876442,17.729600,17.824300
1525810909,18.170000,18.233500
1525876447,17.729600,17.824100
1525876448,17.729700,17.823800
1525876449,17.729700,17.823700
1525876450,17.729700,17.823600
1525896827,17.541100,17.635400
1525810918,18.170000,18.233400
1525810920,18.170000,18.233300
1525876458,17.729900,17.822800
1525810923,18.170000,18.232900
1525876460,17.729900,17.822700
1525876462,17.729900,17.822600
1525810927,18.170000,18.232800
1525876464,17.729900,17.822400
1525810931,18.170000,18.232700
1525876469,17.729500,17.822200
1525810934,18.170000,18.232100
1525876472,17.729600,17.822000
1525864063,17.862100,17.966500
1525876478,17.729600,17.821900
1525810943,18.170000,18.232500
1525876480,17.710300,17.821600
1525876481,17.710300,17.821500
1525876483,17.710400,17.821400
1525810948,18.170000,18.232400
1525876485,17.710500,17.820800
1525810950,18.170000,18.232300
1525896833,17.541300,17.635400
1525810952,18.170000,18.232200
1525876489,17.710500,17.820700
1525810954,18.170000,18.231800
1525876491,17.710500,17.820500
1525876493,17.710100,17.820500
1525876494,17.710100,17.820400
1525876495,17.710100,17.820300
1525810960,18.170000,18.231400
1525876497,17.710100,17.820200
1525876498,17.710100,17.820100
1525876499,17.709900,17.819800
1525876500,17.710200,17.819800
1525876503,17.710200,17.819700
1525867845,17.890400,17.999900
1525810969,18.170000,18.231800
1525810970,18.170000,18.231700
1525882438,17.812400,17.974000
1525810973,18.170000,18.231600
1525810974,18.170000,18.231400
1525876511,17.710400,17.819100
1525876512,17.710600,17.819000
1525810980,18.170000,18.231200
1525876518,17.710600,17.818800
1525876520,17.710200,17.818800
1525810985,18.170000,18.231100
1525810986,18.170000,18.231000
1525876523,17.710200,17.818600
1525876525,17.710200,17.818500
1525876526,17.710300,17.818300
1525876529,17.710300,17.818200
1525810994,18.170000,18.230800
1525839105,17.059000,17.232800
1525876532,17.710400,17.818100
1525876534,17.710400,17.818000
1525876537,17.710400,17.817400
1525811002,18.170000,18.230700
1525876541,17.710600,17.817300
1525811007,18.170000,18.230600
1525811009,18.170000,18.230500
1525876546,17.710200,17.817000
1525811013,18.170000,18.229900
1525885921,17.952100,18.046500
1525876552,17.710300,17.816700
1525866536,17.785500,17.913800
1525876558,17.710300,17.816600
1525811023,18.170000,18.230300
1525876561,17.710400,17.816500
1525811027,18.170000,18.230200
1525876564,17.710600,17.816000
1525811029,18.170000,18.230100
1525876568,17.710600,17.815900
1525811034,18.170000,18.229700
1525811035,18.170000,18.229600
1525876572,17.710200,17.815900
1525811038,18.170000,18.229500
1525876576,17.710200,17.815800
1525876577,17.710300,17.815800
1525876582,17.710300,17.815700
1525876586,17.710000,17.815700
1525876589,17.710400,17.815700
1525876591,17.710400,17.815600
1525896851,17.546100,17.635400
1525876596,17.710600,17.815600
1525811064,18.170000,18.258300
1525811065,18.170000,18.258200
1525811066,18.170000,18.257900
1525876603,17.710600,17.815500
1525876604,17.710000,17.815500
1525876605,17.710200,17.815500
1525811070,18.170000,18.236200
1525811072,18.170000,18.236100
1525876611,17.710300,17.815400
1525876612,17.710300,17.815500
1525876613,17.710300,17.815400
1525811079,18.170000,18.235900
1525876617,17.710400,17.815300
1525831319,17.752200,17.858400
1525811084,18.170000,18.235800
1525811085,18.170000,18.235700
1525811086,18.170000,18.235600
1525820397,17.882900,17.900000
1525811088,18.170000,18.235500
1525811089,18.170000,18.235400
1525876626,17.710600,17.815000
1525811091,18.170000,18.235300
1525811093,18.170000,18.235200
1525876631,17.710200,17.814800
1525811096,18.170000,18.235100
1525811098,18.170000,18.235000
1525876635,17.710000,17.814700
1525811100,18.170000,18.234900
1525811103,18.170000,18.234800
1525876640,17.710300,17.814500
1525876641,17.710300,17.814400
1525811106,18.170000,18.234700
1525811108,18.170000,18.234600
1525811109,18.170000,18.234500
1525876647,17.710400,17.814200
1525811112,18.170000,18.234400
1525859117,17.547600,17.645000
1525811115,18.170000,18.234300
1525876652,17.710400,17.813700
1525876654,17.710600,17.813700
1525811119,18.170000,18.234100
1525876656,17.710600,17.813600
1525811121,18.170000,18.234000
1525811125,18.170000,18.233900
1525811129,18.170000,18.233800
1525876666,17.710300,17.813500
1525811131,18.170000,18.233700
1525811133,18.170000,18.233600
1525876671,17.710300,17.813400
1525876672,17.710400,17.813400
1525811137,18.170000,18.233500
1525811138,18.167400,18.169900
1525811140,18.167400,18.169800
1525876679,17.710600,17.813300
1525811147,18.167400,18.190600
1525876685,17.710600,17.813200
1525811150,18.167400,18.253100
1525811151,18.167400,18.232000
1525876690,17.710300,17.813200
1525875022,17.700000,17.718800
1525811159,18.167400,18.231800
1525811161,18.167400,18.231700
1525876698,17.710300,17.813100
1525811163,18.167400,18.231600
1525811164,18.167400,18.231500
1525876701,17.710500,17.813100
1525811166,18.167400,18.231400
1525876703,17.710500,17.813000
1525876705,17.710600,17.813000
1525811171,18.167400,18.231100
1525811173,18.167400,18.231000
1525876710,17.710700,17.813000
1525811175,18.167400,18.230900
1525876713,17.710700,17.813500
1525811178,18.167400,18.230800
1525811180,18.167400,18.230700
1525811182,18.167400,18.230600
1525885949,17.971300,18.045800
1525811184,18.167400,18.230500
1525811185,18.167400,18.230400
1525811187,18.110200,18.230300
1525811189,18.110200,18.230200
1525876727,17.710700,17.812900
1525811192,18.110200,18.230000
1525811194,18.110200,18.229900
1525811195,18.110200,18.229400
1525876732,17.710700,17.812600
1525811197,18.110200,18.229300
1525876735,17.710700,17.812500
1525811200,18.110200,18.229200
1525876738,17.710700,17.812300
1525876739,17.710700,17.812200
1525876741,17.710700,17.812100
1525811208,18.110200,18.228700
1525811209,18.110200,18.228600
1525876746,17.710700,17.812000
1525876747,17.710700,17.811800
1525811212,18.110200,18.228500
1525876749,17.710700,17.811700
1525811214,18.170100,18.228500
1525811216,18.170100,18.228400
1525811217,18.110200,18.163000
1525876755,17.710700,17.811200
1525811220,18.110200,18.162000
1525811221,18.110200,18.163000
1525811222,18.110200,18.161900
1525811223,18.110200,18.163000
1525811224,18.110200,18.252400
1525811225,18.110200,18.183600
1525876764,17.710700,17.810400
1525876767,17.710700,17.810300
1525876768,17.710700,17.810200
1525831344,17.752500,17.858300
1525876771,17.710700,17.810100
1525876773,17.710700,17.809900
1525896881,17.557200,17.635200
1525811240,18.110200,18.221700
1525811241,18.110200,18.183500
1525876778,17.710700,17.809400
1525811243,18.110500,18.183400
1525876782,17.710700,17.809300
1525876785,17.710700,17.809100
1525896883,17.557200,17.635100
1525876788,17.710700,17.809000
1525876790,17.710700,17.809000
1525876791,17.710700,17.808900
1525876792,17.710700,17.808700
1525765812,18.309300,18.350000
1525811261,18.110200,18.221500
1525876798,17.710700,17.808600
1525811263,18.110200,18.183300
1525876801,17.710700,17.808500
1525876803,17.710700,17.808400
1525876805,17.710700,17.808300
1525811270,18.110300,18.183300
1525876808,17.710700,17.807900
1525876810,17.710700,17.807800
1525896887,17.557400,17.635100
1525876812,17.710700,17.807600
1525811280,18.110300,18.239800
1525811282,18.110300,18.239700
1525876819,17.710700,17.807300
1525787104,17.883200,18.011700
1525811285,18.110300,18.239600
1525876822,17.710700,17.807200
1525811287,18.110500,18.239400
1525886178,17.974300,18.048500
1525811291,18.110500,18.239300
1525876829,17.710700,17.806800
1525811294,18.110600,18.239100
1525876831,17.710700,17.806400
1525811297,18.110600,18.238900
1525811299,18.110600,18.238400
1525811301,18.110600,18.238300
1525876838,17.710700,17.805700
1525811303,18.100400,18.238200
1525811305,18.100400,18.238100
1525811306,18.100600,18.237500
1525875047,17.700000,17.718500
1525876844,17.710700,17.805400
1525811309,18.100600,18.231900
1525876846,17.710700,17.805300
1525811311,18.100600,18.231800
1525811313,18.100600,18.231600
1525811314,18.100600,18.231500
1525811315,18.100200,18.231500
1525811316,18.100200,18.231400
1525811318,18.100200,18.231300
1525811319,18.100200,18.231000
1525811320,18.100300,18.231000
1525811322,18.100300,18.230900
1525876859,17.710700,17.805000
1525811324,18.100300,18.230800
1525877829,17.812200,17.900000
1525811327,18.100300,18.230700
1525811328,18.100100,18.230700
1525811331,18.100500,18.230400
1525876868,17.710700,17.804900
1525811333,18.100500,18.230000
1525811334,18.100700,18.230000
1525811336,18.100700,18.229900
1525876873,17.710700,17.828400
1525811338,18.100700,18.229800
1525863483,17.906800,17.920000
1525811340,18.100700,18.229600
1525896898,17.557300,17.635000
1525811342,18.100300,18.229600
1525811343,18.100300,18.229500
1525811345,18.100300,18.229400
1525811346,18.100400,18.229300
1525811347,18.100400,18.229000
1525876885,17.710700,17.804500
1525811351,18.100400,18.228900
1525811352,18.100500,18.228900
1525811353,18.100500,18.228500
1525811355,18.100500,18.228400
1525876893,17.710700,17.803900
1525811358,18.100500,18.228300
1525811359,18.100700,18.228200
1525811360,18.100700,18.227800
1525876897,17.710700,17.803200
1525811364,18.100800,18.227800
1525811365,18.100800,18.227700
1525876902,17.710700,17.803000
1525811367,18.100800,18.227600
1525811369,18.100800,18.227400
1525876906,17.710700,17.802900
1525876908,17.710700,17.803000
1525876909,17.710700,17.802600
1525811374,18.100800,18.219700
1525811375,18.100800,18.219600
1525801071,17.978000,18.079800
1525876914,17.710700,17.802500
1525811379,18.100800,18.219500
1525811380,18.100800,18.219200
1525811382,18.100800,18.219100
1525896905,17.557800,17.635000
1525811384,18.100800,18.219000
1525876921,17.710600,17.802500
1525811386,18.100800,18.218500
1525876923,17.710600,17.802400
1525811388,18.100800,18.218400
1525811391,18.100800,18.218300
1525811392,18.100800,18.218200
1525811393,18.100800,18.218000
1525811394,18.100800,18.217900
1525811396,18.100800,18.217800
1525876934,17.710300,17.802300
1525876935,17.710300,17.802200
1525811400,18.100800,18.217700
1525864140,17.872400,17.952500
1525811402,18.100800,18.217400
1525811403,18.100400,18.217400
1525811404,18.100400,18.217300
1525897472,17.616200,17.650000
1525811407,18.100400,18.217200
1525876945,17.725700,17.801900
1525811410,18.100500,18.216800
1525876947,17.725900,17.801800
1525811413,18.100700,18.216400
1525786232,17.860300,18.017200
1525876952,17.725900,17.801700
1525885988,18.000000,18.032300
1525811418,18.100700,18.216300
1525811419,18.100700,18.216200
1525811420,18.100700,18.216100
1525811422,18.100200,18.216100
1525811423,18.100200,18.150000
1525876960,17.712400,17.801700
1525811427,18.100200,18.149900
1525811429,18.100000,18.149900
1525876966,17.712600,17.801700
1525811433,18.100000,18.150000
1525885991,18.001700,18.031600
1525811437,18.100000,18.149800
1525876974,17.712800,17.801700
1525811440,18.100000,18.149900
1525876981,17.737500,17.801700
1525811446,18.100200,18.130000
1525876987,17.737800,17.801700
1525856937,17.508400,17.603100
1525811455,18.100000,18.130000
1525876993,17.737900,17.801700
1525811461,18.100100,18.130000
1525877001,17.737500,17.801600
1525877002,17.737500,17.842100
1525877003,17.737500,17.801500
1525877011,17.737500,17.801400
1525877018,17.737500,17.801300
1525877019,17.737500,17.801200
1525811487,18.100000,18.130000
1525877026,17.737500,17.842200
1525877028,17.737500,17.842300
1525877030,17.737500,17.801100
1525877032,17.737700,17.801100
1525877033,17.737700,17.801000
1525877038,17.737700,17.800900
1525877040,17.737700,17.800800
1525877041,17.737500,17.800800
1525877042,17.737500,17.800700
1525877045,17.737500,17.800600
1525896927,17.571600,17.635000
1525877052,17.737500,17.800500
1525877055,17.737500,17.800400
1525773087,18.100000,18.219400
1525811522,18.100000,18.129900
1525877059,17.737500,17.800300
1525877065,17.737500,17.800200
1525811532,18.100000,18.130000
1525864162,17.874000,17.952400
1525875085,17.700000,17.751900
1525811536,18.063300,18.129900
1525811541,18.063300,18.135400
1525877078,17.713400,17.799900
1525811543,18.063300,18.135300
1525864164,17.874000,17.975200
1525811546,18.063300,18.135400
1525811549,18.063300,18.100000
1525811550,18.063400,18.100000
1525811551,18.063300,18.100000
1525811554,18.063100,18.100000
1525877098,17.737800,17.799900
1525877104,17.738400,17.799900
1525820478,17.881100,17.900000
1525877112,17.738000,17.799900
1525877118,17.712200,17.799900
1525877119,17.712500,17.799900
1525877120,17.716100,17.799900
1525811586,18.053100,18.099900
1525811595,18.053100,18.100000
1525791832,17.943600,18.072000
1525877138,17.735500,17.799900
1525879471,17.782200,17.910400
1525840740,17.150700,17.298900
1525877146,17.735800,17.799900
1525831407,17.754100,17.869500
1525842330,17.276500,17.369500
1525765872,18.305700,18.350000
1525877154,17.724300,17.799900
1525875269,17.700000,17.749000
1525869904,17.820800,17.900000
1525877172,17.735600,17.799900
1525842334,17.276600,17.369500
1525877174,17.735900,17.799900
1525811641,18.053200,18.177900
1525811643,18.053200,18.177800
1525877182,17.724300,17.799900
1525811647,18.053200,18.177600
1525811651,18.053200,18.177500
1525811652,18.053200,18.177400
1525831414,17.754100,17.868800
1525811654,18.053500,18.177300
1525811656,18.053500,18.177200
1525811659,18.053200,18.176900
1525811660,18.053200,18.176800
1525811661,18.053600,18.176800
1525811663,18.053600,18.176700
1525811665,18.053600,18.176600
1525811666,18.053600,18.176400
1525811668,18.053600,18.176300
1525811671,18.053600,18.175700
1525811675,18.053600,18.175600
1525811677,18.053600,18.175500
1525811678,18.053600,18.120000
1525877220,17.747800,17.799900
1525811686,18.053600,18.119900
1525877226,17.748000,17.799900
1525811695,18.053600,18.120000
1525811698,18.053700,18.120000
1525877235,17.747800,17.799900
1525877239,17.748100,17.799900
1525811705,18.053800,18.120000
1525811707,18.053700,18.120000
1525811708,18.053800,18.120000
1525811709,18.053800,18.119900
1525811711,18.053700,18.119900
1525869330,17.865000,17.989200
1525811716,18.053700,18.120000
1525811719,18.053800,18.120000
1525811720,18.054000,18.120000
1525811725,18.053800,18.120000
1525811726,18.053900,18.120000
1525842349,17.276900,17.368700
1525811737,18.054000,18.120000
1525890557,17.732800,17.833900
1525842351,17.276900,17.368600
1525862567,17.697800,17.797100
1525875121,17.700000,17.751500
1525811752,18.054000,18.156300
1525811754,18.054000,18.156200
1525811755,18.054000,18.156100
1525811760,18.054000,18.090000
1525864200,17.874000,17.935400
1525811763,18.054000,18.089900
1525877305,17.730200,17.799900
1525877307,17.726100,17.799900
1525811772,18.054000,18.090000
1525877313,17.725600,17.799900
1525877314,17.725700,17.799900
1525877315,17.725800,17.799900
1525842358,17.241500,17.368100
1525877318,17.725900,17.799900
1525877321,17.726000,17.799900
1525877323,17.726300,17.799900
1525877328,17.726500,17.799900
1525842360,17.241500,17.344300
1525877330,17.752700,17.799900
1525853283,17.303500,17.403200
1525831438,17.754500,17.866800
1525875129,17.700000,17.751300
1525877340,17.753300,17.799900
1525831440,17.754500,17.866700
1525877348,17.752900,17.799900
1525842364,17.241700,17.344300
1525877354,17.753000,17.799900
1525773097,18.100400,18.219000
1525814560,17.950000,18.007600
1525877360,17.753100,17.799900
1525877365,17.753100,17.842300
1525877366,17.753300,17.842300
1525786191,17.858900,18.020400
1525877375,17.752900,17.842300
1525877379,17.753000,17.842300
1525896982,17.572200,17.635000
1525877386,17.753100,17.842300
1525842370,17.242000,17.344100
1525877391,17.753300,17.842300
1525811861,18.054000,18.089900
1525877399,17.752900,17.842300
1525811864,18.054000,18.149700
1525875140,17.700000,17.751100
1525811866,18.054000,18.149600
1525811867,18.054000,18.149500
1525877404,17.753000,17.842300
1525811869,18.054000,18.149400
1525811870,18.054000,18.149200
1525842373,17.242100,17.344100
1525877411,17.753100,17.842300
1525811877,18.054000,18.149100
1525811878,18.054000,18.149000
1525811879,18.054000,18.149100
1525877416,17.753300,17.842300
1525811881,18.054000,18.149000
1525811884,18.054000,18.148600
1525811887,18.054000,18.148500
1525811889,18.054000,18.148400
1525811891,18.054000,18.147800
1525811894,18.054000,18.147700
1525877432,17.753000,17.842300
1525811897,18.054000,18.147600
1525801469,18.008300,18.080000
1525811900,18.054000,18.147500
1525877438,17.753100,17.842300
1525811903,18.054000,18.147400
1525811905,18.054000,18.147300
1525830919,17.758000,17.878900
1525811907,18.054000,18.147100
1525811908,18.054000,18.147000
1525877445,17.790000,17.842300
1525811910,18.054000,18.146900
1525811911,18.054000,18.146800
1525811914,18.054000,18.146700
1525811916,18.054000,18.146400
1525811917,18.054000,18.146300
1525811919,18.054000,18.146200
1525811922,18.054000,18.145600
1525811923,18.054000,18.145500
1525768736,18.670000,18.726000
1525811928,18.054000,18.145400
1525811929,18.054000,18.145200
1525811933,18.054000,18.145100
1525811934,18.054000,18.145000
1525811935,18.054000,18.144900
1525877472,17.758800,17.842300
1525811938,18.054000,18.144500
1525877475,17.758700,17.842300
1525811940,18.054000,18.144400
1525811941,18.054000,18.144300
1525811942,18.054000,18.144100
1525811945,18.054000,18.144000
1525811947,18.054000,18.143900
1525811948,18.054000,18.143800
1525877485,17.759000,17.842300
1525811953,18.054000,18.143200
1525877490,17.759300,17.842300
1525811955,18.054000,18.143000
1525811958,18.054000,18.142900
1525877497,17.760000,17.842300
1525811964,18.054000,18.142700
1525811967,18.054000,18.142600
1525811968,18.054000,18.142400
1525811969,18.054000,18.142200
1525811971,18.054000,18.142100
1525811974,18.054000,18.142000
1525811976,18.054000,18.141400
1525811979,18.054000,18.141300
1525811982,18.054000,18.141200
1525811987,18.054000,18.141100
1525877524,17.800100,17.842300
1525811989,18.054000,18.141800
1525877526,17.800700,17.842300
1525811991,18.054000,18.140900
1525811999,18.054000,18.187600
1525812002,18.054000,18.187500
1525842395,17.300000,17.344100
1525812004,18.054000,18.186900
1525812006,18.054000,18.186800
1525877545,17.800500,17.842300
1525812010,18.054000,18.186600
1525812013,18.054100,18.186500
1525877551,17.800700,17.842300
1525812016,18.096800,18.186500
1525812021,18.096800,18.187900
1525877559,17.800400,17.842300
1525812024,18.097100,18.187700
1525812028,18.097100,18.187600
1525877565,17.800000,17.842300
1525812030,18.097200,18.187600
1525812037,18.097200,18.187500
1525812038,18.096800,18.187900
1525877577,17.842300,17.899800
1525877578,17.800100,17.900000
1525877579,17.800000,17.900000
1525812046,18.096800,18.187800
1525812047,18.097000,18.187800
1525812050,18.097000,18.187700
1525812051,18.097100,18.187700
1525877589,17.800200,17.899600
1525877590,17.800300,17.899600
1525877592,17.800400,17.899600
1525812058,18.097100,18.187600
1525812059,18.063400,18.187600
1525877596,17.800800,17.899500
1525897018,17.585200,17.635000
1525877598,17.800900,17.899500
1525877601,17.801000,17.899300
1525812066,18.063400,18.211000
1525812069,18.063400,18.210400
1525877607,17.801300,17.899300
1525812073,18.063400,18.210300
1525812075,18.063400,18.210300
1525812077,18.063400,18.210200
1525877616,17.810000,17.899900
1525842408,17.300000,17.344000
1525812082,18.063400,18.210100
1525812083,18.063400,18.209800
1525812085,18.096900,18.209800
1525812089,18.097300,18.209600
1525877627,17.810000,17.899500
1525812093,18.097300,18.209500
1525812096,18.097500,18.209400
1525812097,18.097500,18.208900
1525812098,18.097500,18.208800
1525812101,18.097500,18.208700
1525812103,18.096900,18.208600
1525812105,18.096900,18.208500
1525812106,18.097100,18.208500
1525812107,18.097100,18.208400
1525812108,18.097100,18.208300
1525897026,17.585500,17.635000
1525877647,17.810100,17.899700
1525877648,17.810100,17.899600
1525812114,18.096900,18.208100
1525852761,17.300400,17.400800
1525812116,18.096900,18.208000
1525812117,18.096900,18.207900
1525812118,18.097200,18.207600
1525812120,18.097300,18.207500
1525877657,17.810200,17.899500
1525812124,18.097300,18.207400
1525812126,18.097300,18.207300
1525877663,17.810300,17.899500
1525812128,18.097300,18.207200
1525812129,18.096900,18.207200
1525812130,18.096900,18.207100
1525812132,18.097500,18.206600
1525877669,17.810400,17.899200
1525812136,18.097500,18.206500
1525877673,17.810500,17.899200
1525877674,17.810500,17.899800
1525812139,18.097500,18.206600
1525812140,18.097100,18.206300
1525812142,18.097100,18.206200
1525812144,18.097100,18.206100
1525897032,17.585700,17.635000
1525812146,18.097100,18.206000
1525812147,18.096900,18.206000
1525877684,17.810600,17.899900
1525812149,18.096900,18.205900
1525877686,17.810700,17.899900
1525812151,18.097200,18.205600
1525812153,18.097200,18.205500
1525812156,18.097300,18.205100
1525877693,17.810900,17.899900
1525812159,18.097300,18.205000
1525812162,18.097300,18.204800
1525877699,17.811100,17.899900
1525812164,18.097500,18.204700
1525812165,18.097500,18.204600
1525877702,17.811100,17.900000
1525812167,18.097500,18.204500
1525812169,18.097500,18.204400
1525812170,18.096900,18.204400
1525812171,18.096900,18.204300
1525812172,18.097100,18.204200
1525812173,18.097100,18.204100
1525877710,17.811400,17.900000
1525812176,18.097100,18.204000
1525812177,18.097200,18.203800
1525812178,18.097200,18.203700
1525886115,17.973100,18.049700
1525812180,18.097200,18.203600
1525893179,17.700000,17.726300
1525812184,18.097200,18.203500
1525812186,18.069600,18.203500
1525812187,18.069600,18.203200
1525877726,17.811900,17.900000
1525812191,18.069600,18.203100
1525877728,17.811900,17.899900
1525812193,18.069600,18.202500
1525877731,17.812000,17.899900
1525897041,17.586100,17.635000
1525812201,18.069600,18.202200
1525812203,18.069600,18.202100
1525812204,18.069600,18.202000
1525812206,18.069600,18.201800
1525877743,17.812200,17.899900
1525812208,18.069600,18.201700
1525812209,18.069600,18.201600
1525812211,18.069600,18.201500
1525812212,18.069700,18.201400
1525812214,18.069700,18.201200
1525877751,17.812200,17.899900
1525812220,18.069700,18.201100
1525812221,18.069700,18.200700
1525812223,18.086800,18.200600
1525812226,18.087000,18.200600
1525812227,18.087000,18.200400
1525812230,18.087000,18.200300
1525877769,17.810000,17.899900
1525812234,18.087100,18.200000
1525897047,17.586300,17.635000
1525812236,18.087100,18.199900
1525812237,18.087100,18.199800
1525812240,18.087100,18.199500
1525812241,18.087200,18.199500
1525812242,18.087200,18.199400
1525812244,18.087200,18.199300
1525877783,17.812300,17.899900
1525812248,18.087200,18.178500
1525812249,18.067400,18.177900
1525771476,18.311200,18.401100
1525877789,17.810000,17.899900
1525845126,17.300100,17.349900
1525877793,17.810000,17.900000
1525812258,18.067400,18.178300
1525877796,17.810000,17.899600
1525812261,18.067400,18.178500
1525812262,18.067400,18.178200
1525812264,18.067300,18.178200
1525831516,17.755100,17.861100
1525877802,17.810200,17.899600
1525812267,18.067300,18.178100
1525877805,17.810700,17.900000
1525812272,18.067300,18.178000
1525812273,18.067300,18.177900
1525812275,18.067300,18.177800
1525812276,18.067300,18.177700
1525897054,17.586600,17.635000
1525877814,17.811600,17.900000
1525812280,18.067300,18.177500
1525886132,17.973200,18.049300
1525877820,17.811800,17.900000
1525877821,17.811900,17.900000
1525812287,18.067300,18.177400
1525812290,18.067300,18.177300
1525877828,17.812000,17.900000
1525812293,18.067300,18.177100
1525812295,18.067300,18.177100
1525812296,18.067300,18.176700
1525812297,18.067400,18.176700
1525877834,17.812400,17.900000
1525877835,17.812700,17.900000
1525812302,18.067400,18.176500
1525877839,17.812800,17.900000
1525877841,17.812900,17.900000
1525877843,17.813500,17.900000
1525877844,17.813600,17.900000
1525812310,18.067400,18.134500
1525877847,17.813800,17.900000
1525812312,18.067400,18.134400
1525859125,17.548400,17.674300
1525877853,17.814000,17.900000
1525877854,17.814100,17.900000
1525877855,17.814200,17.900000
1525812320,18.055500,18.134400
1525812321,18.055500,18.134000
1525812323,18.055500,18.133900
1525877861,17.814700,17.900000
1525812326,18.055600,18.133700
1525812328,18.055600,18.133300
1525812329,18.055700,18.133300
1525877867,17.815400,17.900000
1525812333,18.055700,18.133100
1525812335,18.055700,18.133000
1525877873,17.815500,17.931200
1525877874,17.815700,17.931200
1525880045,17.920100,17.969000
1525877876,17.815800,17.931100
1525812341,18.055800,18.132700
1525877879,17.815900,17.931100
1525842452,17.300000,17.369600
1525877882,17.816100,17.930800
1525812348,18.055600,18.132300
1525812349,18.035300,18.132200
1525877886,17.816200,17.930700
1525877888,17.816600,17.930600
1525812353,18.035300,18.131800
1525812355,18.035400,18.131800
1525877892,17.816800,17.930200
1525812358,18.035400,18.131700
1525886145,17.973300,18.049200
1525812360,18.035400,18.131600
1525812361,18.035400,18.131500
1525812362,18.035400,18.131400
1525875223,17.700000,17.749800
1525812364,18.035400,18.131300
1525877901,17.817700,17.929500
1525812366,18.035400,18.130700
1525877903,17.817800,17.929400
1525812368,18.035400,18.130600
1525877905,17.817900,17.929300
1525812370,18.035400,18.130500
1525886147,17.973400,18.049100
1525812372,18.035400,18.130400
1525812374,18.035400,18.130300
1525877911,17.818200,17.928900
1525877912,17.818200,17.928800
1525812377,18.035400,18.130100
1525877914,17.818600,17.928400
1525812379,18.030300,18.129900
1525877918,17.818600,17.928300
1525812383,18.030300,18.129800
1525812384,18.030300,18.129700
1525877921,17.818700,17.927600
1525812386,18.030300,18.129600
1525812387,18.030500,18.129300
1525877924,17.819300,17.927400
1525812389,18.030500,18.129200
1525812390,18.030500,18.129100
1525877927,17.819600,17.927100
1525877928,17.819700,17.927100
1525812393,18.030700,18.128500
1525893605,17.650000,17.695600
1525812395,18.030700,18.128400
1525877932,17.819700,17.927000
1525877933,17.819800,17.927000
1525877934,17.819800,17.926800
1525877935,17.819800,17.926700
1525877936,17.819900,17.926700
1525812401,18.030300,18.128200
1525812402,18.030300,18.128100
1525877940,17.820200,17.926400
1525812407,18.030300,18.127800
1525812408,18.030000,18.127800
1525877945,17.820300,17.926400
1525812410,18.030300,18.127500
1525877947,17.820700,17.926300
1525812412,18.030300,18.127400
1525812413,18.030300,18.127300
1525812415,18.030300,18.127100
1525877953,17.910000,17.925600
1525812418,18.030300,18.127000
1525812419,18.030000,18.126900
1525877957,17.849900,17.910000
1525812422,18.030000,18.126800
1525812425,18.030400,18.126500
1525812426,18.030400,18.126200
1525812427,18.030600,18.126200
1525812429,18.030600,18.126100
1525877966,17.821800,17.925400
1525812431,18.030600,18.126000
1525812432,18.030600,18.125900
1525877969,17.821900,17.925400
1525877970,17.822100,17.925100
1525812435,18.030200,18.125800
1525877972,17.822200,17.925100
1525877973,17.822300,17.924900
1525812441,18.030100,18.125800
1525877978,17.822400,17.924900
1525877980,17.822800,17.924400
1525877984,17.822900,17.924400
1525877985,17.822900,17.924300
1525877987,17.823000,17.924200
1525812452,18.030400,18.125800
1525877990,17.823100,17.924200
1525877991,17.823100,17.924100
1525812456,18.030500,18.125800
1525877993,17.823100,17.923800
1525877994,17.823400,17.923800
1525877996,17.823500,17.923800
1525886162,17.973700,18.048900
1525812462,18.030700,18.125800
1525877999,17.823500,17.923700
1525878001,17.823500,17.923300
1525878003,17.823500,17.923200
1525812469,18.030800,18.125800
1525878008,17.823500,17.922600
1525878009,17.823500,17.922500
1525812478,18.030900,18.125800
1525878015,17.822900,17.922300
1525812480,18.031000,18.125800
1525878017,17.762600,17.922300
1525812482,18.031100,18.125800
1525875243,17.700000,17.749400
1525812484,18.031200,18.125800
1525812485,18.031300,18.125800
1525878023,17.762900,17.921900
1525878024,17.762900,17.921800
1525812489,18.031700,18.125800
1525812490,18.031700,18.125700
1525812491,18.031900,18.125700
1525878028,17.763100,17.921700
1525812493,18.032000,18.125600
1525878030,17.763300,17.921300
1525812495,18.032100,18.125500
1525886168,17.974100,18.048800
1525812498,18.032200,18.125500
1525878035,17.763700,17.920900
1525812500,18.032300,18.125500
1525812501,18.032300,18.125400
1525878039,17.763800,17.920800
1525812505,18.032400,18.125400
1525812507,18.032500,18.125400
1525812508,18.032700,18.125400
1525886170,17.974000,18.048700
1525878046,17.764200,17.920600
1525812511,18.032800,18.125400
1525878048,17.764300,17.920500
1525812514,18.033200,18.125400
1525878055,17.802500,17.920400
1525878057,17.802500,17.920700
1525812523,18.033000,18.125400
1525878062,17.802600,17.920700
1525812527,18.033000,18.125300
1525812529,18.033000,18.125100
1525812531,18.030200,18.125100
1525878068,17.802800,17.920500
1525812535,18.030200,18.125000
1525812537,18.030000,18.125000
1525878074,17.802800,17.920400
1525886175,17.974300,18.048600
1525878076,17.802400,17.920300
1525878077,17.802400,17.920400
1525812542,18.030300,18.124700
1525812543,18.039100,18.124700
1525878081,17.802400,17.919800
1525878082,17.802200,17.919800
1525878083,17.802500,17.919800
1525812548,18.039500,18.124700
1525812551,18.039500,18.124600
1525878090,17.768200,17.939800
1525812555,18.039700,18.124600
1525812557,18.039700,18.124500
1525878094,17.768200,17.939600
1525831565,17.755100,17.857700
1525878099,17.768200,17.939500
1525878100,17.768200,17.939400
1525812568,18.039100,18.124300
1525812571,18.039400,18.124300
1525878108,17.768200,17.939000
1525878110,17.768200,17.938900
1525878111,17.768200,17.938800
1525812578,18.030000,18.124200
1525878115,17.768200,17.938400
1525812582,18.030600,18.124200
1525878119,17.768200,17.938200
1525878120,17.768200,17.937700
1525812585,18.030600,18.124100
1525878122,17.802300,17.937600
1525878123,17.802300,17.937500
1525812589,18.030600,18.123900
1525812590,18.030200,18.123900
1525878127,17.802500,17.937300
1525878128,17.802500,17.937200
1525878129,17.802500,17.937100
1525812597,18.030000,18.146200
1525812598,18.030300,18.146100
1525812599,18.030300,18.123800
1525875263,17.700000,17.749100
1525812604,18.030400,18.123700
1525878141,17.802600,17.936100
1525812606,18.030000,18.123700
1525878143,17.803600,17.936000
1525812609,18.030000,18.123100
1525878147,17.803600,17.935900
1525812613,18.030100,18.123000
1525878150,17.804200,17.935300
1525878151,17.804200,17.935200
1525878153,17.804200,17.935100
1525812618,18.030100,18.122800
1525812620,18.030300,18.122800
1525878157,17.803800,17.934800
1525878158,17.803800,17.934700
1525812623,18.030300,18.122700
1525878160,17.803800,17.934600
1525812625,18.030400,18.122700
1525878162,17.803800,17.934200
1525878163,17.803900,17.934200
1525812630,18.030500,18.122700
1525878167,17.803900,17.934100
1525878168,17.803900,17.933900
1525878169,17.804000,17.933900
1525812637,18.030700,18.122700
1525878174,17.804000,17.933800
1525776965,18.128000,18.191200
1525878176,17.804200,17.933500
1525886192,17.974600,18.048300
1525831579,17.755100,17.856200
1525812644,18.030700,18.122600
1525812646,18.030300,18.122600
1525812647,18.030300,18.122500
1525878184,17.803800,17.933400
1525812651,18.030400,18.122300
1525878189,17.803900,17.933400
1525812655,18.030400,18.122200
1525812657,18.030500,18.121800
1525878194,17.803900,17.933300
1525878195,17.804000,17.933300
1525878196,17.804000,17.933200
1525812663,18.030700,18.121500
1525878200,17.808200,17.933200
1525878201,17.808800,17.933000
1525766047,18.312100,18.350000
1525878205,17.808800,17.932900
1525812671,18.030700,18.121400
1525812672,18.030300,18.121400
1525878209,17.808400,17.932800
1525878210,17.808400,17.932800
1525878211,17.808400,17.932700
1525878212,17.808400,17.932600
1525812678,18.030200,18.121400
1525878215,17.803600,17.932500
1525812680,18.030000,18.121400
1525812683,18.020700,18.121400
1525884421,17.880000,17.921100
1525878222,17.804000,17.932200
1525878224,17.804000,17.932100
1525878225,17.804000,17.932200
1525890968,17.718600,17.817700
1525812691,18.020700,18.121000
1525878228,17.804200,17.932200
1525812693,18.016800,18.120800
1525812695,18.016800,18.120700
1525812696,18.020000,18.120600
1525812700,18.020000,18.120400
1525878237,17.803800,17.931900
1525812702,18.020000,18.120300
1525878239,17.803800,17.931800
1525812705,18.020000,18.120000
1525878242,17.803900,17.931500
1525878244,17.803900,17.931400
1525812709,18.020000,18.119900
1525812711,18.020000,18.119700
1525878248,17.804000,17.931400
1525812715,18.020300,18.119700
1525878252,17.804000,17.954400
1525812717,18.020800,18.119500
1525878255,17.804200,17.931300
1525878256,17.804200,17.954300
1525766056,18.312500,18.350000
1525878258,17.814100,17.954400
1525812723,18.021000,18.119500
1525812724,18.021000,18.119400
1525878261,17.814300,17.954200
1525878262,17.814300,17.954100
1525812727,18.021000,18.119300
1525812729,18.021100,18.119200
1525878268,17.814300,17.953900
1525812733,18.021100,18.119100
1525878270,17.814400,17.931200
1525878271,17.814400,17.931100
1525812737,18.021100,18.119000
1525878274,17.814400,17.931200
1525878275,17.814400,17.930800
1525878276,17.814500,17.930800
1525842518,17.300000,17.368700
1525812742,18.021200,18.118700
1525897132,17.612600,17.634900
1525812746,18.021200,18.118600
1525812749,18.021200,18.118500
1525812750,18.020000,18.118500
1525766061,18.312800,18.350000
1525812752,18.020000,18.118300
1525878290,17.803900,17.930800
1525812757,18.020000,18.118200
1525812758,18.020000,18.118000
1525842521,17.300000,17.368100
1525878296,17.803700,17.930800
1525812762,18.020000,18.117900
1525812763,18.020000,18.117800
1525875290,17.700000,17.748400
1525812767,18.020000,18.117600
1525812768,18.020000,18.117500
1525812770,18.020000,18.117100
1525812772,18.020000,18.117000
1525886214,17.975300,18.050000
1525812774,18.020000,18.116900
1525812775,18.020000,18.116300
1525878313,17.804300,17.930200
1525878315,17.804400,17.930200
1525812781,18.020000,18.116100
1525812782,18.020000,18.116000
1525812783,18.020100,18.116000
1525878320,17.821300,17.930200
1525812785,18.020100,18.115800
1525897139,17.620100,17.634900
1525878326,17.821400,17.930400
1525878328,17.821400,17.930300
1525812793,18.020400,18.115500
1525812795,18.020400,18.115300
1525878332,17.821400,17.930200
1525812798,18.020500,18.115100
1525860420,17.592900,17.676200
1525812802,18.020700,18.114500
1525878339,17.821400,17.969800
1525812804,18.020700,18.114400
1525878341,17.821400,17.930000
1525812808,18.020700,18.114200
1525790588,18.021900,18.110000
1525812810,18.020700,18.114100
1525812811,18.020300,18.114100
1525878348,17.821400,17.930400
1525812813,18.020800,18.114000
1525878351,17.821400,17.930200
1525812817,18.020800,18.113800
1525776995,18.127500,18.259000
1525812820,18.020800,18.113700
1525812821,18.020800,18.113600
1525812822,18.050000,18.113300
1525878359,17.821400,17.930100
1525812828,18.050000,18.113200
1525812830,18.050000,18.112600
1525878368,17.821400,17.929900
1525766075,18.313100,18.350000
1525812836,18.050000,18.112400
1525878374,17.821400,17.929700
1525812839,18.050000,18.112300
1525812841,18.050000,18.112200
1525886226,17.975800,18.050000
1525878382,17.821400,17.930100
1525878383,17.821400,17.930000
1525812850,18.050000,18.111900
1525812851,18.050000,18.111800
1525766078,18.313200,18.350000
1525812854,18.050000,18.111700
1525812855,18.050000,18.111400
1525878394,17.821400,17.929900
1525878395,17.807300,17.929900
1525812860,18.050000,18.111300
1525878399,17.807500,17.929700
1525878408,17.807100,17.930100
1525886231,17.976200,18.050000
1525878413,17.807200,17.930000
1525842541,17.300000,17.368000
1525820696,17.888700,18.026000
1525878419,17.807300,17.929900
1525812887,18.050000,18.111200
1525878425,17.807500,17.929900
1525878426,17.807500,17.929700
1525875311,17.700000,17.747900
1525812892,18.050000,18.111000
1525812894,18.050000,18.110900
1525878434,17.807200,17.930100
1525787931,17.843000,17.900000
1525812900,18.050000,18.110800
1525812901,18.050000,18.110600
1525878438,17.807300,17.930300
1525812903,18.050000,18.110500
1525878440,17.807400,17.930000
1525878443,17.807500,17.930000
1525812908,18.050000,18.110400
1525842546,17.300000,17.367900
1525878446,17.807500,17.929900
1525878450,17.807600,17.929900
1525875315,17.700000,17.748000
1525878452,17.807700,17.929700
1525812917,18.050000,18.110300
1525812918,18.050000,18.110200
1525869153,17.829100,17.986400
1525875316,17.700000,17.747800
1525812922,18.050000,18.110000
1525878459,17.807900,17.929700
1525878460,17.807900,17.930100
1525812925,18.050000,18.109900
1525878465,17.807900,17.930000
1525878467,17.808200,17.930000
1525878469,17.808300,17.929900
1525812936,18.050000,18.109700
1525812941,18.020200,18.036300
1525878478,17.808500,17.929700
1525812943,18.020700,18.036300
1525777016,18.127500,18.257600
1525878482,17.808600,17.929700
1525878484,17.808600,17.929600
1525897166,17.623400,17.649900
1525878487,17.808600,17.929500
1525812952,17.995400,18.036300
1525878492,17.808600,17.929200
1525812957,17.995400,18.132300
1525886245,17.977500,18.050000
1525812960,18.036900,18.132200
1525878497,17.808600,17.929100
1525878498,17.808600,17.929000
1525812964,17.995400,18.132200
1525812965,17.995400,18.132100
1525812966,17.995400,18.131800
1525812967,17.995400,18.131700
1525878504,17.808600,17.928300
1525812969,18.010000,18.131600
1525878507,17.808600,17.928200
1525812973,18.010000,18.131000
1525878510,17.808700,17.928100
1525878512,17.808800,17.928100
1525812977,18.010000,18.130900
1525878514,17.808900,17.928000
1525812980,18.010000,18.130800
1525878517,17.808800,17.927900
1525878518,17.808800,17.927700
1525812983,18.010000,18.130700
1525812984,18.010000,18.130600
1525878522,17.809200,17.927700
1525812987,18.010000,18.130500
1525812988,18.010000,18.130300
1525878525,17.809300,17.927300
1525812991,18.010000,18.130200
1525878529,17.809400,17.927100
1525812994,18.010100,18.130100
1525878531,17.809400,17.927000
1525766102,18.313600,18.350000
1525812999,18.010100,18.129700
1525813001,18.010100,18.129600
1525878538,17.809300,17.926700
1525878539,17.809500,17.926700
1525878542,17.809500,17.926600
1525878543,17.809800,17.926600
1525813008,18.010700,18.128900
1525813009,18.010700,18.128800
1525813010,18.010300,18.128800
1525878548,17.809900,17.926600
1525878550,17.809900,17.958000
1525813015,18.010400,18.128400
1525878552,17.810000,17.926800
1525878553,17.810000,17.926400
1525813019,18.010400,18.128300
1525813020,18.010400,18.128200
1525813021,18.010500,18.127800
1525813025,18.010500,18.127700
1525878562,17.810000,17.926800
1525813027,18.010500,18.127600
1525878564,17.810100,17.926200
1525813029,18.010500,18.127400
1525813030,18.010000,18.127300
1525886257,17.977900,18.050000
1525878568,17.810100,17.926100
1525813033,18.010000,18.127100
1525845152,17.350000,17.397500
1525878572,17.809500,17.926100
1525813037,18.010000,18.127000
1525878575,17.802300,17.926700
1525813040,18.010000,18.126800
1525878577,17.809700,17.926600
1525813042,18.010000,18.126700
1525813043,18.010000,18.126600
1525813044,18.010000,18.126500
1525813046,18.010000,18.126400
1525813047,18.010000,18.126300
1525878584,17.809600,17.926500
1525813049,18.010000,18.126200
1525813050,18.010000,18.126100
1525813051,18.010000,18.125800
1525878588,17.809900,17.957400
1525897101,17.612300,17.635000
1525813055,18.010000,18.125700
1525813056,18.010000,18.125400
1525813057,18.010100,18.125400
1525838606,17.088600,17.246100
1525813059,18.010100,18.125300
1525878596,17.810000,17.956800
1525878597,17.810200,17.956300
1525813062,18.010100,18.125100
1525897185,17.623500,17.650000
1525813064,18.010300,18.125000
1525813065,18.010300,18.124900
1525813067,18.010300,18.124800
1525813068,18.010300,18.124700
1525878605,17.810200,17.955900
1525878606,17.809800,17.955900
1525813071,18.010300,18.124600
1525813072,18.010300,18.124500
1525813073,18.010000,18.124300
1525813074,18.010400,18.124300
1525813075,18.010400,18.124100
1525813076,18.010400,18.079600
1525878613,17.802300,17.955300
1525813079,18.010400,18.079200
1525878616,17.802400,17.955300
1525813082,18.010000,18.079200
1525878619,17.802400,17.954900
1525813084,18.010000,18.079100
1525813085,18.010000,18.079000
1525878623,17.802500,17.954700
1525878625,17.802500,17.954600
1525878626,17.802500,17.954100
1525813091,18.010000,18.078900
1525828753,17.834900,17.955200
1525878631,17.802500,17.926500
1525858868,17.533300,17.698300
1525875346,17.700000,17.747400
1525878642,17.802400,17.810100
1525878644,17.820700,17.926100
1525813111,18.010000,18.078800
1525878648,17.820700,17.926000
1525813114,18.010000,18.078700
1525813116,18.010000,18.078200
1525878654,17.821300,17.925200
1525878656,17.821300,17.925100
1525813121,18.010000,18.078100
1525878658,17.802700,17.925100
1525813123,18.010000,18.078000
1525878660,17.802700,17.925000
1525813126,18.010000,18.077900
1525813128,18.010000,18.077800
1525766124,18.350000,18.432600
1525878666,17.801000,17.924600
1525878670,17.801000,17.924500
1525813135,18.010000,18.077700
1525878672,17.801000,17.924400
1525878673,17.801000,17.802500
1525878674,17.800400,17.802500
1525813140,18.010000,18.077600
1525878677,17.800600,17.802500
1525878684,17.825800,17.923300
1525878686,17.825800,17.923200
1525878688,17.825800,17.923100
1525878691,17.825800,17.923000
1525878692,17.826100,17.922800
1525878693,17.826100,17.922700
1525878696,17.826100,17.922600
1525878697,17.826300,17.922200
1525878699,17.825900,17.922200
1525878700,17.825900,17.922100
1525831666,17.747100,17.849400
1525878702,17.825900,17.922000
1525878703,17.825900,17.921900
1525878705,17.825900,17.921300
1525877898,17.817500,17.929500
1525878707,17.821900,17.921300
1525813172,18.010000,18.077400
1525813173,18.010000,18.076800
1525886281,17.978600,18.049000
1525813177,18.010000,18.076700
1525878715,17.821900,17.921400
1525813180,18.010000,18.076500
1525878717,17.821900,17.921100
1525878718,17.821900,17.920900
1525813183,18.010000,18.076400
1525813185,18.010000,18.076300
1525878723,17.821900,17.920400
1525813189,18.010000,18.076100
1525813190,18.010000,18.076000
1525878727,17.821900,17.920300
1525813192,18.010000,18.075900
1525878730,17.821900,17.920100
1525813195,18.010000,18.075500
1525878733,17.821900,17.920000
1525813198,18.010000,18.075400
1525878737,17.821900,17.919900
1525813202,18.010000,18.074800
1525813203,18.010000,18.074700
1525886286,17.978800,18.049000
1525813207,18.010000,18.074600
1525813208,18.010000,18.074400
1525878745,17.821900,17.909400
1525813210,18.010000,18.074300
1525878747,17.821900,17.909300
1525871788,17.773600,17.829000
1525878750,17.821900,17.908900
1525813215,18.010000,18.074400
1525813216,18.010000,18.074200
1525831675,17.741100,17.799900
1525878758,17.821900,17.908000
1525878761,17.821900,17.907900
1525878765,17.821900,17.907800
1525878767,17.821900,17.907700
1525878771,17.821900,17.907400
1525878773,17.800900,17.907400
1525878778,17.800900,17.907400
1525766143,18.388700,18.431800
1525878780,17.800400,17.907200
1525878782,17.800400,17.907100
1525878785,17.800400,17.907000
1525878786,17.800600,17.906500
1525878787,17.800600,17.906400
1525878789,17.800600,17.906200
1525878791,17.800600,17.906200
1525878792,17.800600,17.906100
1525878793,17.800600,17.906000
1525878794,17.800200,17.906000
1525878795,17.800200,17.905900
1525878797,17.800300,17.905600
1525878798,17.800300,17.905500
1525875373,17.700000,17.746900
1525878800,17.800300,17.905300
1525878802,17.800300,17.905100
1525878803,17.800400,17.905100
1525813269,18.010000,18.074100
1525878806,17.800400,17.904900
1525878808,17.800400,17.890400
1525766148,18.431700,18.450900
1525878810,17.800400,17.890300
1525878811,17.800000,17.890300
1525813276,18.010000,18.074000
1525886298,17.979800,18.049000
1525878815,17.800000,17.890200
1525878816,17.800000,17.890100
1525798465,18.020000,18.101100
1525831686,17.740200,17.799800
1525878823,17.800000,17.890000
1525878826,17.800000,17.889900
1525878828,17.800000,17.889800
1525878829,17.800000,17.889700
1525878831,17.800000,17.889600
1525878834,17.800000,17.889400
1525878836,17.800000,17.889300
1525878839,17.800000,17.889200
1525878841,17.800000,17.889100
1525878842,17.800000,17.889000
1525878843,17.800000,17.888900
1525878846,17.800000,17.888800
1525842613,17.300000,17.369900
1525878848,17.800000,17.888700
1525878850,17.800000,17.888600
1525878853,17.800000,17.888400
1525787554,17.880700,17.929600
1525878855,17.800000,17.888300
1525878856,17.800000,17.888200
1525878859,17.800000,17.888100
1525878863,17.800000,17.888000
1525838615,17.065500,17.215900
1525886307,17.980000,18.049000
1525878868,17.800000,17.884100
1525831694,17.740300,17.799900
1525878870,17.800000,17.884000
1525813336,18.010100,18.074000
1525886308,17.980200,18.049000
1525813346,18.010000,18.074000
1525842619,17.300000,17.346600
1525813353,18.010000,18.021200
1525813356,18.010000,18.079400
1525813357,18.010000,18.079300
1525813358,18.010000,18.069900
1525878895,17.800000,17.883900
1525813361,18.010000,18.069600
1525878899,17.800000,17.883800
1525813364,18.047400,18.069600
1525878901,17.800000,17.883700
1525878903,17.800000,17.883600
1525813368,18.010000,18.069500
1525813369,18.010000,18.069400
1525878906,17.800000,17.883400
1525813371,18.010000,18.069300
1525878908,17.800000,17.883300
1525813373,18.010000,18.068700
1525855204,17.462100,17.530000
1525878911,17.800000,17.883100
1525809856,18.181000,18.268300
1525878914,17.800000,17.883000
1525878919,17.800000,17.882900
1525878920,17.800000,17.882800
1525878924,17.800000,17.882700
1525813396,18.010000,18.068500
1525878933,17.800000,17.882800
1525813398,18.010000,18.068400
1525813401,18.010000,18.067800
1525878938,17.800000,17.882700
1525897242,17.623900,17.650000
1525813407,18.010000,18.067700
1525878944,17.800000,17.882700
1525878946,17.800000,17.882800
1525878947,17.800000,17.882600
1525813412,18.010000,18.067600
1525813413,18.010000,18.067500
1525878951,17.800000,17.882800
1525878953,17.800000,17.913600
1525813418,18.010000,18.067200
1525878955,17.800000,17.913500
1525813421,18.010000,18.067100
1525878958,17.800200,17.913300
1525878961,17.800200,17.913200
1525878964,17.800000,17.913100
1525878965,17.800300,17.912900
1525878968,17.800300,17.912800
1525813433,18.010000,18.067000
1525878970,17.800300,17.912700
1525878971,17.800400,17.912300
1525813436,18.010000,18.066900
1525813437,18.010000,18.066800
1525878974,17.800400,17.912100
1525813439,18.010000,18.066700
1525878976,17.800400,17.912000
1525878977,17.800600,17.911500
1525813443,18.010000,18.066300
1525813444,18.010000,18.066200
1525878982,17.762600,17.800000
1525813449,18.010000,18.066000
1525813451,18.010000,18.065900
1525868298,17.817400,17.967900
1525813453,18.010000,18.065800
1525813455,18.010000,18.065300
1525813456,18.010000,18.065200
1525766179,18.389400,18.450900
1525813461,18.010000,18.065000
1525813462,18.010000,18.064900
1525813463,18.010000,18.064800
1525813465,18.010000,18.064700
1525813468,18.010000,18.064400
1525879005,17.762500,17.800000
1525879006,17.762600,17.800000
1525813471,18.010000,18.064300
1525813476,18.010000,18.063900
1525813478,18.010000,18.063800
1525813480,18.010000,18.063700
1525813481,18.010000,18.063200
1525813485,18.010000,18.063100
1525871792,17.773600,17.828800
1525813491,18.010000,18.063000
1525879029,17.763000,17.800000
1525813495,18.010000,18.062900
1525813499,18.010000,18.062600
1525813500,18.010000,18.062500
1525879037,17.763300,17.800000
1525813502,18.010000,18.062400
1525813504,18.010000,18.062300
1525813506,18.010000,18.061700
1525879043,17.763700,17.800000
1525838621,17.089200,17.215400
1525813510,18.010000,18.061500
1525879047,17.768400,17.800000
1525813513,18.010000,18.061300
1525813515,18.010000,18.061200
1525813517,18.010000,18.061100
1525766189,18.389200,18.450300
1525879057,17.768600,17.800000
1525813522,18.010000,18.061000
1525879059,17.768700,17.800000
1525813524,18.010000,18.060800
1525897262,17.624100,17.650000
1525813527,18.010000,18.060600
1525813528,18.010000,18.060500
1525813530,18.010000,18.060400
1525813531,18.010000,18.060300
1525813534,18.010000,18.059700
1525813537,18.010000,18.059600
1525813538,18.010000,18.059500
1525886193,17.974600,18.048200
1525813540,18.010000,18.059400
1525813545,18.010000,18.059200
1525879082,17.768700,17.800000
1525853575,17.341400,17.403900
1525813548,18.010000,18.059100
1525872446,17.774000,17.896800
1525813551,18.010000,18.059000
1525813553,18.010000,18.058900
1525813554,18.010000,18.058500
1525813558,18.010000,18.058400
1525813561,18.010000,18.058300
1525879098,17.768800,17.800000
1525813563,17.995400,18.058300
1525813565,17.995400,18.058200
1525766197,18.331000,18.449600
1525871357,17.773600,17.782600
1525879108,17.768800,17.800000
1525813573,17.995400,18.058100
1525813575,17.995400,18.057800
1525879112,17.768600,17.800000
1525813578,17.995400,18.057700
1525813582,17.995400,18.057600
1525813586,17.995400,18.057000
1525813589,17.995400,18.056900
1525813590,17.995400,18.057000
1525813591,17.995400,18.056900
1525813593,17.995400,18.056800
1525879130,17.768900,17.800000
1525813595,17.995400,18.056700
1525879132,17.768600,17.800000
1525879137,17.768700,17.800000
1525813602,17.995400,18.056500
1525865420,17.953300,17.960000
1525813606,17.995400,18.056400
1525813607,17.995400,18.056100
1525879145,17.769000,17.800000
1525813612,17.995400,18.056000
1525813614,17.995400,18.055900
1525813619,17.995400,18.055800
1525813620,18.000000,18.055800
1525766206,18.330800,18.449000
1525813625,18.000000,18.055700
1525831743,17.740800,17.799600
1525813628,18.000000,18.055500
1525813632,18.000000,18.055400
1525766208,18.330800,18.448900
1525813634,18.000000,18.055300
1525813636,18.000000,18.055200
1525813638,18.000000,18.055100
1525766209,18.330900,18.448900
1525813640,18.000000,18.055000
1525813642,18.000000,18.054600
1525893182,17.700000,17.726200
1525813645,18.000000,18.054500
1525813646,18.000000,18.054400
1525813651,18.000000,18.054300
1525813653,18.000000,18.054200
1525813656,18.000000,18.053900
1525813657,18.000000,18.053800
1525813660,18.000000,18.053700
1525831749,17.740900,17.817900
1525813664,18.000000,18.053600
1525813666,18.000000,18.053500
1525813667,18.000000,18.053400
1525813668,18.000000,18.052900
1525813671,18.000000,18.052800
1525813675,18.000000,18.052700
1525813678,18.000000,18.052600
1525813680,18.000000,18.052500
1525813681,18.000000,18.052300
1525813683,18.000000,18.052200
1525813687,18.000000,18.052000
1525875444,17.700000,17.742400
1525813690,18.000000,18.051900
1525813692,18.000000,18.051500
1525897290,17.624800,17.650000
1525813696,18.000000,18.051400
1525813700,18.000000,18.051300
1525813703,18.000000,18.051200
1525813704,18.000000,18.051100
1525813706,18.000000,18.051000
1525813708,18.000000,18.050900
1525879245,17.760300,17.800000
1525879246,17.802000,17.906600
1525813711,17.995400,18.050800
1525879248,17.802000,17.906500
1525813713,17.995400,18.050400
1525813714,17.995400,18.050300
1525879251,17.802000,17.906700
1525879252,17.802200,17.906300
1525813720,17.995400,18.050200
1525813721,17.995400,18.049700
1525879259,17.802200,17.905900
1525879260,17.760600,17.905900
1525813725,17.995400,18.049600
1525879262,17.760600,17.905800
1525813728,17.995400,18.049500
1525879265,17.760600,17.905400
1525813730,17.995400,18.049400
1525879267,17.760700,17.905300
1525813734,17.995400,18.049100
1525831761,17.740800,17.817500
1525879272,17.760900,17.904700
1525813739,17.995400,18.049000
1525879276,17.782000,17.904700
1525813741,17.995400,18.048900
1525879278,17.782000,17.904600
1525813743,17.995400,18.048800
1525813747,17.995400,18.048200
1525813748,17.995400,18.048100
1525879285,17.782000,17.904500
1525813750,17.995400,18.048000
1525813751,17.995400,18.047900
1525879288,17.782300,17.904200
1525766228,18.344000,18.447400
1525813754,17.995400,18.047700
1525813755,17.995400,18.047600
1525813758,17.995400,18.047500
1525897301,17.625200,17.650000
1525813761,17.995400,18.047200
1525879298,17.782600,17.904000
1525813764,17.995400,18.047100
1525813765,17.995400,18.047000
1525813767,17.995400,18.046900
1525879305,17.782600,17.903700
1525813770,17.995400,18.046800
1525831767,17.740000,17.817200
1525813773,17.995400,18.046200
1525813774,17.995400,18.046100
1525879312,17.782200,17.903300
1525879313,17.782300,17.903300
1525813778,17.995400,18.046000
1525813779,17.995400,18.045900
1525861317,17.587200,17.692100
1525813782,17.995400,18.045800
1525879319,17.782400,17.902800
1525813785,17.995400,18.045700
1525813787,17.995400,18.045500
1525813788,17.995400,18.045400
1525879325,17.782600,17.902100
1525813792,17.995400,18.045300
1525813793,17.995400,18.044900
1525813794,17.995400,18.044800
1525879331,17.782600,17.901800
1525879333,17.782200,17.901800
1525813798,17.995400,18.044700
1525879335,17.782200,17.901700
1525813800,17.995400,18.044100
1525840813,17.154800,17.200000
1525879339,17.782300,17.901700
1525813804,17.995400,18.044000
1525879341,17.782300,17.902500
1525813806,17.995400,18.043800
1525897309,17.624900,17.650000
1525813808,17.995400,18.043700
1525813809,17.995400,18.043600
1525879346,17.782400,17.901500
1525813813,17.995400,18.043500
1525813815,17.995400,18.043300
1525879353,17.782600,17.901400
1525831775,17.740100,17.816800
1525813820,17.995400,18.043200
1525813821,17.995400,18.043000
1525813822,17.995400,18.042900
1525879359,17.782200,17.901300
1525813824,17.995400,18.042800
1525813827,17.995400,18.042200
1525879365,17.782300,17.901200
1525813830,17.995400,18.042100
1525879367,17.782300,17.901100
1525813832,17.995400,18.042000
1525813834,17.995400,18.041800
1525879371,17.782300,17.901000
1525879372,17.782400,17.901000
1525879374,17.782400,17.901100
1525879375,17.782400,17.900900
1525813840,17.995400,18.041700
1525879377,17.782600,17.900900
1525831779,17.740100,17.816700
1525813844,17.995400,18.041600
1525813845,17.995400,18.041500
1525895371,17.617800,17.650000
1525813847,17.950000,18.041400
1525813849,17.950000,18.041300
1525813850,17.950000,18.041200
1525879387,17.782200,17.914900
1525813852,17.950600,18.041100
1525853626,17.344300,17.403900
1525813854,17.950600,18.040800
1525879391,17.782000,17.914900
1525879392,17.782300,17.914900
1525813859,17.950600,18.040700
1525813860,17.950400,18.040600
1525879397,17.782400,17.914800
1525813862,17.950200,18.040500
1525813864,17.950200,18.040400
1525813867,17.950000,18.040400
1525879404,17.782600,17.914200
1525813870,17.950000,18.040300
1525813873,17.950000,18.040200
1525879410,17.782600,17.913900
1525813875,17.950000,18.040100
1525879412,17.782200,17.913800
1525813877,17.950000,18.040000
1525813879,17.950000,18.039900
1525813881,17.950000,18.039800
1525813882,17.950000,18.039700
1525813883,17.950000,18.039600
1525813885,17.950000,18.039500
1525813887,17.950000,18.039400
1525813888,17.950000,18.039300
1525813889,17.950100,18.039200
1525813890,17.950000,18.039200
1525813893,17.950000,18.039100
1525813895,17.950000,18.039000
1525813896,17.950100,18.039000
1525813897,17.950100,18.038900
1525879436,17.782600,17.912700
1525813901,17.950100,18.038800
1525813902,17.950100,18.038700
1525879439,17.782000,17.912500
1525879440,17.782200,17.912500
1525813905,17.950100,18.038500
1525813909,17.950100,18.038400
1525879446,17.782000,17.912400
1525813911,17.950100,18.038300
1525813912,17.950000,18.038300
1525813914,17.950000,18.038200
1525813915,17.950000,18.038100
1525813917,17.950000,18.038000
1525813919,17.950000,18.037900
1525813920,17.950000,18.037800
1525813922,17.950000,18.037700
1525813923,17.950000,18.037600
1525813925,17.950000,18.037500
1525813926,17.950000,18.037400
1525831793,17.740100,17.816100
1525813930,17.950000,18.037300
1525886407,17.966200,18.049000
1525813932,17.950000,18.037200
1525813933,17.950000,18.037100
1525879470,17.782600,17.910400
1525813935,17.950000,18.037000
1525879472,17.800000,17.910400
1525813937,17.950000,18.036900
1525879474,17.800000,17.910500
1525879475,17.800000,17.910400
1525813941,17.950000,18.036800
1525879478,17.800000,17.910600
1525813944,17.950000,18.036600
1525813946,17.950000,18.036500
1525813947,17.950000,18.036400
1525813948,17.950000,18.036300
1525813953,17.950000,18.036200
1525813955,17.950000,18.036100
1525879492,17.800000,17.911300
1525813957,17.950000,18.036000
1525879495,17.800000,17.914600
1525813960,17.950000,18.035900
1525879497,17.800000,17.910300
1525813963,17.950000,18.035700
1525813967,17.950000,18.035600
1525879504,17.800000,17.910000
1525831800,17.740000,17.815800
1525813971,17.950000,18.035400
1525813973,17.950000,18.035300
1525813974,17.950000,18.035200
1525813975,17.950000,18.035100
1525873102,17.777700,17.853300
1525813979,17.950000,18.035000
1525813980,17.950000,18.034900
1525813982,17.950000,18.034800
1525879519,17.800000,17.909400
1525879520,17.800000,17.909700
1525813985,17.950000,18.034700
1525879522,17.800100,17.909400
1525813988,17.950000,18.034600
1525813990,17.950000,18.034500
1525813992,17.950000,18.034400
1525813993,17.950000,18.029700
1525879530,17.800400,17.909100
1525809959,18.167700,18.308300
1525813996,17.950000,18.029600
1525879533,17.800400,17.909000
1525897341,17.610100,17.650000
1525814000,17.950000,18.029500
1525814002,17.950000,18.029400
1525879541,17.800500,17.908500
1525814006,17.950000,18.029300
1525879543,17.800700,17.907900
1525814009,17.950000,18.029200
1525879547,17.800700,17.907800
1525814013,17.950000,18.029100
1525879550,17.800700,17.907600
1525879551,17.800300,17.907600
1525814016,17.950000,18.029000
1525879553,17.800300,17.907500
1525879554,17.800300,17.907400
1525814020,17.950000,18.028900
1525814021,17.950000,18.028800
1525814023,17.950000,18.028700
1525879561,17.800400,17.889500
1525814026,17.950000,18.028600
1525814027,17.950000,18.028500
1525879564,17.800500,17.906800
1525814029,17.950000,18.028400
1525814031,17.950000,18.028200
1525886424,17.966500,18.049000
1525814034,17.950000,18.028100
1525814035,17.950000,18.028000
1525879572,17.800700,17.906100
1525814039,17.950000,18.027900
1525879577,17.800700,17.905900
1525814042,17.950000,18.027800
1525879579,17.800300,17.905800
1525814046,17.950000,18.027700
1525879583,17.800300,17.905500
1525879584,17.800400,17.905400
1525814049,17.950000,18.027600
1525814051,17.950000,18.027500
1525814052,17.950000,18.027400
1525879590,17.800500,17.905400
1525879592,17.800500,17.905400
1525814058,17.950000,18.027100
1525864583,17.860400,17.914900
1525879596,17.800700,17.904800
1525860462,17.593900,17.676200
1525814062,17.950000,18.027000
1525879599,17.800700,17.904700
1525897352,17.610200,17.650000
1525814066,17.950000,18.026900
1525809971,18.168400,18.303400
1525814069,17.950000,18.026800
1525814072,17.950000,18.026700
1525879609,17.800400,17.904100
1525814075,17.950000,18.026600
1525879612,17.800400,17.904000
1525814081,17.950000,18.026500
1525879618,17.754400,17.904000
1525814083,17.950000,18.026400
1525814088,17.950000,18.026300
1525879625,17.754800,17.903900
1525814090,17.950000,18.026200
1525879629,17.755000,17.903700
1525814094,17.950000,18.026100
1525879631,17.755000,17.903600
1525814096,17.950000,18.026000
1525879635,17.755100,17.903300
1525814100,17.950000,18.025900
1525879637,17.755100,17.903200
1525814103,17.950000,18.025800
1525879640,17.755100,17.903100
1525879641,17.755200,17.903100
1525879642,17.782400,17.903100
1525814108,17.950000,18.025700
1525814109,17.950000,18.025600
1525814110,17.950000,18.025500
1525814111,17.950000,18.025600
1525879648,17.783000,17.903000
1525814114,17.950000,18.025300
1525814117,17.950000,18.025200
1525867866,17.891300,17.998600
1525879655,17.782700,17.903000
1525814120,17.950000,18.025100
1525814121,17.950000,18.025000
1525814124,17.950000,18.024900
1525879661,17.782500,17.903000
1525879662,17.782800,17.941300
1525879664,17.782800,17.902900
1525814129,17.950000,18.024800
1525879666,17.782800,17.902800
1525814131,17.950000,18.024700
1525814133,17.950000,18.024600
1525814135,17.950000,18.024500
1525879673,17.782900,17.902600
1525879674,17.783100,17.902600
1525814139,17.950000,18.024300
1525814142,17.950000,18.024200
1525879682,17.782700,17.902600
1525814148,17.950000,18.024100
1525814150,17.950000,18.024000
1525879688,17.782800,17.902700
1525814153,17.950000,18.023900
1525879691,17.782800,17.922200
1525814156,17.950000,18.023800
1525879693,17.782800,17.922100
1525879694,17.782900,17.921700
1525879696,17.782900,17.921600
1525814161,17.950000,18.023700
1525842755,17.290300,17.370000
1525814164,17.950000,18.023600
1525886446,17.938800,18.048900
1525879702,17.783100,17.921000
1525814167,17.950000,18.023500
1525879707,17.783100,17.920700
1525814172,17.950000,18.023400
1525879709,17.782700,17.920600
1525814177,17.950000,18.023300
1525879714,17.782800,17.920300
1525766299,18.338900,18.442600
1525814180,17.950000,18.023200
1525879717,17.782800,17.920200
1525879718,17.783100,17.920200
1525814185,17.950000,18.023100
1525814186,17.950000,18.023000
1525814189,17.950000,18.022900
1525879726,17.783800,17.919100
1525897373,17.611200,17.650000
1525879728,17.783800,17.919000
1525814194,17.950000,18.022800
1525814195,17.950000,18.022700
1525879732,17.783800,17.918800
1525814197,17.950000,18.022600
1525814198,17.950000,18.022500
1525879735,17.783400,17.918700
1525814201,17.950000,18.022400
1525879740,17.783500,17.918400
1525814205,17.950000,18.022300
1525879742,17.805700,17.918300
1525814208,17.950000,18.022200
1525814213,17.950000,18.022100
1525814215,17.950000,18.022000
1525879752,17.806200,17.917900
1525879753,17.806200,17.917800
1525879754,17.806200,17.917700
1525814219,17.950000,18.021900
1525879757,17.806200,17.917600
1525814222,17.950000,18.021800
1525879759,17.806400,17.917100
1525814225,17.950000,18.021700
1525814227,17.950000,18.021600
1525879764,17.806500,17.917100
1525814230,17.950000,18.021500
1525814233,17.950000,18.021400
1525814235,17.950000,18.021500
1525814236,17.950000,18.021300
1525886458,17.966200,18.040000
1525814239,17.950000,18.021200
1525814241,17.950000,18.021100
1525879779,17.790400,17.917000
1525814245,17.950000,18.021000
1525879782,17.790400,17.916900
1525814247,17.950000,18.020900
1525879784,17.791000,17.916900
1525814251,17.950000,18.020800
1525879788,17.791000,17.916800
1525879792,17.790800,17.916800
1525879795,17.790800,17.916900
1525765043,18.264400,18.405900
1525879798,17.790900,17.916900
1525814263,17.950000,18.020700
1525879800,17.791000,17.916900
1525875540,17.700000,17.741500
1525814266,17.950000,18.020600
1525879805,17.791600,17.954100
1525814270,17.950100,18.020600
1525879807,17.791600,17.954000
1525814272,17.950100,18.020500
1525879809,17.824700,17.954000
1525879810,17.824700,17.954300
1525879811,17.825200,17.953400
1525814276,17.950000,18.020500
1525814277,17.950000,18.020400
1525808095,18.144200,18.221900
1525814281,17.950000,18.020300
1525853698,17.349000,17.403900
1525879822,17.825200,17.953000
1525814288,17.950000,18.020200
1525814290,17.950000,18.020100
1525879828,17.825300,17.952600
1525814293,17.950000,18.020000
1525879830,17.825400,17.952200
1525814295,17.950000,18.019900
1525814296,17.950000,18.019800
1525814297,17.950000,18.019700
1525885579,17.881800,17.974300
1525814299,17.950000,18.019600
1525814301,17.950000,18.019500
1525814303,17.950000,18.019400
1525893204,17.700000,17.725600
1525814305,17.950000,18.019300
1525879842,17.825700,17.952000
1525879844,17.825700,17.954100
1525814309,17.950000,18.019200
1525814311,17.950000,18.019100
1525814312,17.950000,18.019000
1525875548,17.700000,17.741400
1525814314,17.950000,18.018900
1525814317,17.950000,18.018800
1525879854,17.825500,17.954500
1525842781,17.290000,17.370000
1525879856,17.825900,17.954500
1525814321,17.950000,18.018700
1525897395,17.612200,17.650000
1525879860,17.825900,17.954000
1525814325,17.950000,18.018600
1525814326,17.950000,18.018500
1525879863,17.826400,17.954000
1525879864,17.837600,17.954000
1525814330,17.950000,18.018400
1525879867,17.837700,17.954100
1525814332,17.950000,18.018300
1525879870,17.837900,17.953900
1525814335,17.950000,18.018200
1525814336,17.950000,18.018100
1525814338,17.950000,18.018000
1525814340,17.950000,18.017900
1525766326,18.340500,18.441500
1525814343,17.950000,18.017800
1525814345,17.950000,18.017700
1525814346,17.950000,18.017600
1525814348,17.950000,18.017500
1525814349,17.950000,18.017400
1525814351,17.950000,18.017300
1525814352,17.950000,18.017200
1525765302,18.264400,18.349700
1525879890,17.920000,17.954800
1525814355,17.950000,18.017000
1525814358,17.950000,18.016900
1525831865,17.740000,17.813800
1525814360,17.950000,18.016800
1525875556,17.700000,17.741300
1525814362,17.950000,18.016700
1525814364,17.950000,18.016600
1525814366,17.950000,18.016500
1525814368,17.950000,18.016400
1525814371,17.950000,18.016300
1525879908,17.920100,17.954600
1525814373,17.950000,18.016200
1525879911,17.920100,17.954700
1525814378,17.950000,18.016000
1525814379,17.950000,18.015900
1525814380,17.950000,18.015800
1525814382,17.950000,18.015700
1525814383,17.950000,18.015600
1525814384,17.950000,18.015500
1525814386,17.950000,18.015400
1525814389,17.950000,18.015300
1525814391,17.950000,18.015200
1525814393,17.950000,18.015100
1525831871,17.740000,17.813600
1525814396,17.950000,18.015000
1525879933,17.955200,17.969900
1525814398,17.950000,18.014900
1525814399,17.950000,18.014800
1525814402,17.950000,18.014700
1525814404,17.950000,18.014600
1525814405,17.950000,18.014500
1525879943,17.955200,17.969800
1525879944,17.955200,17.969900
1525879947,17.955200,17.970000
1525814413,17.950000,18.014400
1525814416,17.950000,18.014300
1525814418,17.950000,18.014200
1525831875,17.740000,17.813400
1525839496,17.143000,17.150000
1525814422,17.950000,18.014000
1525814424,17.950000,18.013900
1525814425,17.950000,18.013800
1525814427,17.950000,18.013700
1525814428,17.950000,18.013600
1525814431,17.950000,18.013500
1525814435,17.950000,18.013400
1525814438,17.950000,18.013300
1525814442,17.950000,18.013200
1525814444,17.950000,18.013100
1525814447,17.950000,18.013000
1525814449,17.950000,18.012900
1525814450,17.950000,18.012800
1525814453,17.950000,18.012700
1525814455,17.950000,18.012600
1525814456,17.950000,18.012500
1525814458,17.950000,18.012400
1525853727,17.351600,17.403900
1525879997,17.920000,17.969900
1525814466,17.950000,18.012100
1525831883,17.740000,17.813200
1525814468,17.950000,18.012000
1525814470,17.950000,18.011800
1525814472,17.950000,18.011700
1525880010,17.920000,17.969800
1525880011,17.920000,17.969700
1525814476,17.950000,18.011500
1525814478,17.950000,18.011400
1525814479,17.950000,18.011300
1525880016,17.920100,17.969600
1525814481,17.950000,18.011200
1525880019,17.920100,17.969500
1525814485,17.950000,18.011100
1525814488,17.950000,18.011000
1525880026,17.920100,17.969400
1525897423,17.613300,17.650000
1525814492,17.950000,18.010900
1525875578,17.700000,17.741300
1525880030,17.920100,17.969300
1525814495,17.950000,18.010600
1525814498,17.950000,18.010500
1525814499,17.950000,18.010400
1525814500,17.950000,18.010300
1525814502,17.950000,18.010200
1525831889,17.740000,17.812900
1525814504,17.950000,18.010100
1525814505,17.950000,18.010000
1525814507,17.950000,18.009900
1525814508,17.950000,18.009800
1525814509,17.950000,18.009700
1525810045,18.196400,18.296100
1525814513,17.950000,18.009500
1525814516,17.950000,18.009400
1525880054,17.920100,17.968900
1525814519,17.950000,18.009300
1525814521,17.950000,18.009200
1525880058,17.920100,17.968800
1525814523,17.950000,18.009100
1525814527,17.950000,18.009000
1525814529,17.950000,18.008900
1525814531,17.950000,18.008800
1525814532,17.950000,18.008700
1525766358,18.341200,18.439800
1525814536,17.950000,18.008600
1525886508,17.945400,18.040000
1525880075,17.920200,17.968800
1525814540,17.950000,18.008500
1525814541,17.950000,18.008400
1525814545,17.950000,18.008300
1525814548,17.950000,18.008200
1525814549,17.950000,18.008100
1525814551,17.950000,18.008000
1525814554,17.950000,18.007900
1525814555,17.950000,18.007800
1525814558,17.950000,18.007700
1525880095,17.920300,17.968800
1525880096,17.920100,17.968800
1525880097,17.920400,17.968800
1525880098,17.920100,17.968800
1525814563,17.950000,18.007500
1525814566,17.950000,18.007400
1525814569,17.950000,18.007300
1525814571,17.950000,18.007200
1525814572,17.950000,18.007100
1525814574,17.950000,18.007000
1525814575,17.950000,18.006900
1525814579,17.950000,18.006800
1525814582,17.950000,18.006700
1525814584,17.950000,18.006600
1525814585,17.950000,18.006700
1525814586,17.950000,18.006600
1525814587,17.950000,18.006500
1525814592,17.950000,18.006400
1525864672,17.860000,17.960900
