time,price,volume,buy_or_sell,market_or_limit,misc
1525776384.5657,18.100000,5.10000000,b,l,
1525776384.5402,18.100000,20.02002002,b,l,
1525762976.304,18.200000,187.10173649,s,m,
1525776387.175,18.100000,222.46646647,b,l,
1525776390.8882,18.100000,111.21521522,b,l,
1525792775.7779,18.108000,3.97614314,b,l,
1525776392.6125,18.100000,119.40240240,b,l,
1525760009.2729,18.377200,0.00000469,b,l,
1525869113.7032,17.873700,6.92000000,s,l,
1525776396.2834,18.100000,115.56495005,b,l,
1525779850.4735,17.800200,134.27923745,s,l,
1525776399.4358,18.100000,29.17897898,b,l,
1525882896.9375,17.923100,15.94104104,b,l,
1525833355.9263,17.502100,100.00000000,s,l,
1525874484.546,17.750000,90.75323553,s,l,
1525772292.627,18.418400,1.68000000,b,l,
1525887799.5996,17.800000,697.39037886,s,m,
1525746822.4098,18.250000,5.00000000,b,m,
1525776419.3875,18.100000,0.00015963,b,l,
1525776421.7185,18.100000,4.36218200,b,l,
1525890965.9577,17.718600,4.56642900,s,l,
1525753180.6692,18.411200,4.86665409,b,m,
1525776426.0414,18.100000,3.27054500,b,l,
1525841963.1004,17.249500,41.68000000,s,l,
1525795506.9798,18.155000,250.00000000,s,l,
1525760046.9622,18.400000,12.00000000,b,m,
1525776288.2421,18.100000,115.37876266,b,l,
1525768241.8664,18.654600,50.00000000,s,l,
1525776556.915,18.100000,23.59650233,b,l,
1525874740.3345,17.700000,17.98200000,s,l,
1525773288.7459,18.142600,10.00000000,s,l,
1525809206.594,18.259100,4.06853216,b,l,
1525760009.2586,18.377200,3.26955521,b,l,
1525750452.0319,18.320000,68.36009164,b,l,
1525776442.6659,18.100000,6.07957958,b,l,
1525780001.2449,17.739200,366.24102156,s,m,
1525759848.5403,18.254400,0.03582782,s,m,
1525809213.9832,18.330000,22.23188986,b,l,
1525841982.5302,17.366800,18.99585640,b,m,
1525776447.4208,18.100000,20.00000000,b,l,
1525797830.4285,18.020100,21.68275484,s,m,
1525773669.1663,18.200000,158.00000000,b,l,
1525776456.6092,18.100000,77.60300000,b,l,
1525747724.0404,18.447000,28.17600000,s,m,
1525854709.3945,17.478600,6.92000000,b,l,
1525776459.5747,18.100000,33.29189189,b,l,
1525773683.3398,18.291500,10.00000000,b,l,
1525765474.4752,18.340000,2.58396947,s,l,
1525776462.1784,18.100000,104.74640000,b,l,
1525753028.2617,18.450000,0.05055907,b,m,
1525746855.2395,18.300000,0.00006369,b,l,
1525870606.4166,17.840100,17.70230000,s,l,
1525874775.3122,17.700000,45.10675968,s,l,
1525827022.1947,17.849900,0.00000213,b,m,
1525858394.7998,17.572300,51.79515283,s,l,
1525776399.4117,18.100000,991.84500000,b,l,
1525842012.8761,17.369400,5.39666229,b,l,
1525842298.7939,17.275200,26.10763584,s,l,
1525778199.1358,18.030000,15.56400000,s,l,
1525773669.1727,18.200500,3.00000000,b,l,
1525776482.2958,18.100000,54.00000000,b,m,
1525864454.0099,18.099500,0.00003185,b,m,
1525817444.9935,17.969300,0.00000212,b,l,
1525768293.6735,18.663800,7.00700701,b,l,
1525817446.3223,17.970000,99.34830000,b,l,
1525776487.0344,18.100000,53.08020000,b,l,
1525783228.5002,17.772900,0.02926984,s,m,
1525758394.9471,18.294900,3.27083433,b,m,
1525886211.933,18.048100,4.92177716,b,l,
1525768300.1215,18.663800,31.25842745,b,l,
1525776493.4133,18.100000,95.00000000,b,l,
1525768302.5771,18.700000,319.21890421,b,m,
1525809263.5816,18.300000,51.00000000,s,l,
1525889490.0775,17.754600,3.34236709,b,l,
1525776499.9856,18.100000,28.76190000,b,l,
1525776500.1617,18.100000,51.34480000,b,l,
1525874805.917,17.700000,47.91891000,s,l,
1525768102.5537,18.621000,3.98543103,b,m,
1525776509.1789,18.100000,104.74640000,b,l,
1525776511.3169,18.100000,104.74640000,b,l,
1525776512.5603,18.100000,15.32432432,b,l,
1525776513.1752,18.100000,104.74640000,b,l,
1525776515.9013,18.100000,133.38218218,b,l,
1525897185.5769,17.649900,20.74693282,b,l,
1525773288.7298,18.155300,55.08033400,s,l,
1525770945.3352,18.351000,6.92000000,s,l,
1525768328.1904,18.750000,4.41149507,s,l,
1525842057.1891,17.221800,48.84401037,s,m,
1525764119.1256,18.230100,41.35501988,s,l,
1525889054.6189,17.839200,10.00000000,b,l,
1525839299.9361,17.160000,0.01433113,s,l,
1525880762.8951,17.940000,10.00000000,b,l,
1525850257.0234,17.418600,15.00000000,b,l,
1525764284.2516,18.230700,31.97521010,s,l,
1525746826.2849,18.260000,0.00065986,b,l,
1525751959.9222,18.499000,50.98404355,b,l,
1525751960.883,18.499000,122.11736100,b,l,
1525751961.8988,18.499800,6.55376644,b,l,
1525751962.6729,18.500000,104.26279248,b,l,
1525751963.9241,18.500000,112.60672570,b,l,
1525751964.1932,18.500000,3.95523873,b,l,
1525776543.455,18.100000,17.45590000,b,l,
1525833890.6757,17.400400,9.00000000,s,m,
1525776549.8042,18.100000,4.52072072,b,l,
1525776551.2548,18.100000,104.74640000,b,l,
1525776552.5261,18.100000,104.74640000,b,l,
1525776553.1735,18.100000,122.03499494,b,l,
1525751979.9339,18.494500,52.21800000,b,l,
1525776556.3087,18.100000,36.99109109,b,l,
1525751982.8497,18.499100,3.21905349,b,l,
1525760175.1352,18.410000,250.00000000,b,l,
1525773683.0568,18.250000,9.13524833,s,l,
1525809333.1419,18.280000,38.47348800,s,l,
1525791237.5987,18.070800,8.32000000,b,l,
1525780511.5347,17.819300,19.15252200,s,l,
1525807462.5562,18.250000,25.00000000,b,m,
1525801149.8175,18.080000,70.00000000,b,m,
1525866020.5835,17.778000,10.00000000,s,m,
1525773685.2413,18.250000,61.43640210,s,l,
1525776576.0254,18.120000,7.40100100,b,l,
1525891265.5276,17.798900,28.08436543,b,l,
1525844683.7499,17.290000,249.64307526,s,l,
1525809348.9743,18.280000,36.88940956,s,l,
1525778161.3742,18.108000,41.70050000,s,l,
1525768390.2312,18.694300,10.00000000,s,m,
1525752007.7983,18.494600,3.56864833,b,l,
1525757906.4603,18.349800,8.32000000,b,l,
1525844683.7532,17.290000,0.49828957,s,l,
1525872908.1975,17.800000,0.00043867,s,m,
1525874894.0316,17.700000,47.87552381,s,m,
1525833936.2141,17.401100,7.14000000,s,m,
1525809361.2154,18.280000,86.83540481,s,l,
1525776419.3847,18.100000,0.09993202,b,l,
1525773288.7433,18.142800,10.00000000,s,l,
1525779349.2139,17.823100,8.71180000,s,l,
1525760219.6635,18.409800,3.90600000,s,l,
1525760220.0443,18.409800,0.00496046,s,l,
1525858525.5495,17.652000,808.44241446,b,m,
1525889826.888,17.700300,28.24800000,s,m,
1525776421.3289,18.100000,5.40480480,b,l,
1525752032.3762,18.500000,52.21800000,s,l,
1525743843.0529,17.916000,121.68262249,b,m,
1525809380.1269,18.291900,500.00000000,b,m,
1525783298.3298,17.807500,0.00014845,s,l,
1525752038.1894,18.500000,52.21800000,s,l,
1525817576.5808,18.013700,5.55133000,b,m,
1525782345.8497,17.892700,0.00000036,s,m,
1525805989.2428,18.126000,398.46000000,s,l,
1525755558.4456,18.234400,0.05567189,s,l,
1525768432.96,18.759100,3.14994995,b,l,
1525760242.617,18.362400,13.66416462,b,l,
1525738882.9617,17.739200,6.92000000,s,m,
1525752053.0319,18.500000,24.56400000,s,l,
1525747102.5143,18.450000,36.93551399,b,l,
1525755558.4435,18.234400,31.02328225,s,l,
1525752058.2878,18.405800,119.37873176,s,l,
1525735675.0939,17.807500,4.04324019,s,l,
1525841963.0955,17.249600,8.32000000,s,l,
1525816661.7535,17.900000,0.86197211,s,l,
1525883143.6023,17.923900,7.85703928,b,l,
1525771653.9638,18.309100,5.00000000,s,l,
1525776651.4373,18.120000,16.03113113,b,l,
1525891341.603,17.713000,28.22700000,s,l,
1525768463.4573,18.750000,48.82519920,s,l,
1525776657.573,18.120000,15.61931932,b,l,
1525778199.1664,18.000000,6.26736751,s,m,
1525770945.3379,18.350700,103.31540000,s,l,
1525760046.968,18.410000,110.88466494,b,m,
1525776664.4967,18.120000,52.21800000,b,l,
1525776666.1573,18.120000,20.00000000,b,l,
1525753063.5178,18.317100,20.00000000,s,m,
1525776291.3646,18.100000,115.42923273,b,l,
1525784862.7439,18.000000,21.74207778,b,l,
1525752095.8148,18.400000,89.91743128,b,l,
1525768480.0953,18.750000,19.33073073,b,l,
1525831666.961,17.747100,0.47847126,s,m,
1525801251.296,18.080000,16.63730000,b,l,
1525843334.8867,17.300000,40.12191000,b,l,
1525776679.7367,18.120000,52.21800000,b,l,
1525776680.9155,18.120000,20.00000000,b,l,
1525780001.2472,17.739200,0.87687395,s,m,
1525768490.1829,18.750000,4.00000000,b,l,
1525777799.6208,18.150000,52.21800000,s,l,
1525866037.6727,17.813100,0.03743201,s,l,
1525866310.4952,17.941400,110.77694069,b,m,
1525761016.1429,18.410000,132.94103367,b,l,
1525773288.7393,18.155000,60.54514428,s,l,
1525747764.3799,18.411500,95.56600000,s,l,
1525776292.8893,18.100000,22.25795796,b,l,
1525733738.14,17.865900,30.00000000,b,l,
1525776702.0855,18.120000,52.21800000,b,l,
1525776705.6171,18.120000,20.00000000,b,l,
1525843339.5803,17.300000,40.65965113,b,l,
1525809206.6032,18.310000,179.22746784,b,l,
1525867073.9338,17.815200,3.34432501,b,l,
1525776714.9623,18.120000,18.47517518,b,l,
1525840942.5635,17.190000,0.00202488,b,l,
1525863583.0171,17.920000,5.87199000,b,l,
1525835421.056,17.174800,115.94596820,s,m,
1525747157.8775,18.431500,6.00000000,b,m,
1525784921.682,18.074800,3.98316008,b,l,
1525773711.3315,18.250000,103.83116490,s,l,
1525835538.9138,17.207100,3.83702155,s,m,
1525776442.8189,18.100000,102.98228909,b,l,
1525776734.8935,18.120000,1000.00000000,b,l,
1525773669.1833,18.202000,158.00000000,b,l,
1525776737.4537,18.120000,1000.00000000,b,l,
1525866310.4919,17.941300,114.67805931,b,m,
1525735779.4835,17.700300,8.32000000,s,l,
1525735780.8079,17.700100,90.68000000,b,l,
1525866853.7446,17.819600,15.00000000,b,m,
1525768550.7159,18.711400,17.82140000,s,l,
1525808751.0072,18.126800,6.92000000,s,l,
1525776744.6089,18.120000,249.01904525,b,l,
1525768554.4408,18.749900,18.32166000,b,l,
1525776750.9545,18.120000,1000.00000000,b,l,
1525776751.0389,18.120000,54.92337196,b,l,
1525779176.4903,17.851800,333.81437130,s,m,
1525768564.4954,18.711600,50.00000000,s,m,
1525841982.5481,17.369600,6.92000000,b,m,
1525776758.927,18.120000,20.00000000,b,l,
1525842295.79,17.370000,96.09609610,b,l,
1525883257.2278,17.975500,6.92000000,b,m,
1525842298.7908,17.300000,13.89236416,s,l,
1525768572.1509,18.711800,22.40190600,s,l,
1525824234.4814,17.900000,48.91233833,b,l,
1525864453.9809,17.980000,200.00000000,b,m,
1525771653.969,18.303000,281.68510082,s,l,
1525776776.376,18.120000,36.19860300,b,l,
1525768585.9588,18.711700,50.88900000,s,l,
1525850508.3855,17.450000,41.89693410,b,m,
1525858703.5518,17.686000,130.26590421,b,m,
1525732209.7859,17.780000,0.15595649,b,m,
1525777816.4786,18.150000,0.00014702,s,m,
1525784979.0318,18.072200,200.00000000,b,m,
1525776295.3263,18.100000,123.15555555,b,l,
1525797687.3134,18.020400,6.67539018,s,m,
1525747019.8293,18.404400,4.03402023,b,l,
1525894683.9591,17.635500,14.21008988,b,l,
1525832432.3975,17.500000,87.32054859,s,l,
1525809571.7281,18.316400,3.93066739,b,l,
1525768613.619,18.663300,36.82577758,s,m,
1525808315.5755,18.284000,330.15324700,b,m,
1525744043.7125,17.890500,4.19193471,b,l,
1525808750.9954,18.150000,100.00000000,s,l,
1525764839.8242,18.350000,52.40900000,s,l,
1525832814.915,17.576000,172.00000000,b,l,
1525747784.8894,18.359000,278.00000000,s,l,
1525810121.2456,18.167300,0.00002582,s,m,
1525746419.3723,18.167800,0.10718430,s,m,
1525770835.8768,18.413800,57.48949101,s,m,
1525835490.7103,17.142000,89.15190000,s,m,
1525815105.744,17.968900,30.00000000,b,l,
1525747786.4891,18.300000,122.11736100,b,l,
1525776833.4865,18.120000,500.00000000,b,l,
1525747787.1122,18.300000,3.27557557,b,l,
1525853085.3321,17.300900,0.00036891,s,m,
1525775544.5644,18.150200,17.18000000,s,m,
1525799369.0775,17.966500,27.92500000,b,m,
1525796210.7197,18.100000,0.00523803,b,m,
1525746885.2737,18.400000,0.48435058,b,l,
1525776847.1839,18.120000,8.22842843,b,l,
1525776849.1847,18.120000,105.72952953,b,l,
1525747655.7864,18.447000,10.17000000,s,l,
1525826007.993,17.886100,7.46407240,b,l,
1525809624.1941,18.213700,27.01812881,s,l,
1525860048.7427,17.679100,130.26590421,b,m,
1525775479.1685,18.150000,72.51100000,s,m,
1525776863.2901,18.120000,1300.00000000,b,l,
1525776865.4882,18.120000,1300.00000000,b,l,
1525776866.7341,18.120000,2973.41162804,b,m,
1525776868.5579,18.120000,352.88651214,b,l,
1525749158.3683,18.339100,4.32897770,b,m,
1525891560.2,17.700000,5.15128000,s,l,
1525842410.7018,17.300000,50.00000000,s,m,
1525779237.2928,17.839700,5.60548000,s,m,
1525747383.8785,18.500000,0.00005901,b,l,
1525875184.4746,17.700000,0.00000032,s,m,
1525850610.8905,17.410000,3.30897700,s,l,
1525796385.9475,18.050000,199.48134849,s,m,
1525832448.5984,17.500000,122.89314286,s,l,
1525827993.4844,17.817600,56.12428100,s,m,
1525735940.8229,17.810000,300.00000000,s,l,
1525874775.315,17.700000,0.11324032,s,l,
1525780001.2039,17.787600,11.47932800,s,l,
1525793295.8831,18.108000,4.14181577,b,l,
1525885699.3006,18.000000,700.00000000,b,l,
1525749166.2946,18.339000,9.00000000,b,l,
1525878873.3105,17.800000,85.61140798,s,l,
1525864454.0078,18.099500,0.01993615,b,m,
1525834270.2029,17.450000,28.65329000,s,l,
1525889473.5283,17.839000,10.00000000,b,l,
1525746908.5735,18.450000,18.78200000,b,m,
1525842470.8581,17.300000,49.78048294,s,m,
1525822897.6739,17.940000,1.83370000,b,l,
1525745074.2183,18.030000,0.03151586,b,l,
1525757906.4635,18.350000,6.60430518,b,l,
1525770299.3917,18.490400,34.92316903,s,m,
1525773747.8506,18.250000,1300.00000000,s,l,
1525875866.3645,17.751900,0.00431683,b,l,
1525807881.3784,18.250000,0.01121413,b,m,
1525891641.5265,17.765000,1.65301095,b,m,
1525770945.3324,18.370500,10.00000000,s,l,
1525867073.9376,17.815300,48.10250308,b,l,
1525767794.1013,18.601000,49.06757372,b,l,
1525747386.2039,18.500000,122.11736100,b,l,
1525773751.5575,18.250000,0.00000001,s,m,
1525834321.723,17.400000,10.23718119,b,l,
1525760594.3422,18.405900,82.45416415,b,l,
1525877873.1574,17.931300,7.14000000,b,m,
1525809749.7135,18.275400,204.00000000,b,l,
1525807881.3864,18.282500,10.12082579,b,m,
1525817444.9912,17.969300,0.00265053,b,l,
1525761016.1377,18.409900,52.43351400,b,l,
1525865231.624,17.960000,114.79285216,b,l,
1525896634.3342,17.544100,0.00265015,s,m,
1525850718.8196,17.449800,0.00731926,b,l,
1525799369.0936,18.023000,134.66909579,b,m,
1525791284.9334,18.070900,166.42399933,b,m,
1525817447.4694,17.970000,6.31881866,b,l,
1525772891.7426,18.141800,55.12132200,s,l,
1525896130.2012,17.592000,138.70400000,s,l,
1525887080.1825,17.947200,20.87998685,s,l,
1525734163.9938,17.730400,8.32000000,s,m,
1525881620.6177,17.920000,2.99268103,s,m,
1525780001.2326,17.750000,100.00000000,s,l,
1525781952.5836,17.794300,9.00000000,s,m,
1525850756.1843,17.449600,1300.00000000,b,l,
1525832448.5847,17.500000,590.98044000,s,l,
1525776292.6538,18.100000,57.91571572,b,l,
1525834378.6402,17.399900,3.31563001,b,l,
1525768845.7312,18.670000,52.21800000,s,l,
1525768301.3148,18.663900,3.97992349,b,l,
1525779349.2401,17.800200,192.20965834,s,l,
1525839299.9326,17.160000,5.98563448,s,l,
1525768302.5861,18.791100,111.72810234,b,m,
1525776155.4508,18.100000,5.58990000,b,l,
1525866037.6765,17.813100,0.00009707,s,l,
1525858971.6449,17.652000,51.79303195,b,l,
1525860048.7551,17.744300,991.84500000,b,m,
1525775693.4392,18.150000,0.11322185,s,l,
1525780984.5859,17.652000,25.00000000,s,l,
1525752482.027,18.495700,3.89271251,b,l,
1525754651.3693,18.400000,10.00000000,b,m,
1525887805.2576,17.701300,43.91000000,s,m,
1525743843.0451,17.880000,22.15354506,b,m,
1525750390.8156,18.320000,5.18790228,b,l,
1525764302.7858,18.231200,0.06440318,s,l,
1525854323.3663,17.368900,0.00000015,s,m,
1525768885.5049,18.670000,47.78200000,s,l,
1525867196.8638,17.814200,49.28865350,b,l,
1525842623.7824,17.300000,0.21951705,s,l,
1525776305.9478,18.100000,12.45555556,b,l,
1525850818.5839,17.450000,110.71830000,s,l,
1525842627.1432,17.346600,3.00000000,b,m,
1525850820.8957,17.450000,93.76200000,s,l,
1525768901.9707,18.694500,20.00000000,b,l,
1525850823.4392,17.450000,110.71830000,s,l,
1525839318.1684,17.087100,7.14000000,s,l,
1525842633.0004,17.290000,85.25691282,s,l,
1525740298.7425,17.932500,0.50830624,s,l,
1525750391.1266,18.320000,388.34624835,b,l,
1525850828.7069,17.450000,4.68730000,s,l,
1525889826.8982,17.700000,0.00250329,s,m,
1525850832.7202,17.450000,416.11000000,s,l,
1525768913.2918,18.700000,7.72600000,s,l,
1525842642.4565,17.290000,18.12613433,s,l,
1525842645.1931,17.344400,3.00000000,b,l,
1525842648.4046,17.290000,34.95659092,s,l,
1525842649.4693,17.290000,124.75057700,s,l,
1525745506.5676,18.200000,241.75824802,b,l,
1525842652.1265,17.290000,416.11000000,s,l,
1525750942.1459,18.450000,21.10000000,s,l,
1525846179.9652,17.321200,0.05727891,s,m,
1525779237.2787,17.850000,100.00000000,s,m,
1525768931.7397,18.700000,52.21800000,s,l,
1525800820.1831,18.000000,63.12532533,b,l,
1525732817.3102,17.801500,15.00000000,s,l,
1525784217.8614,18.000000,3.25792222,b,l,
1525805180.0311,18.102400,86.68000000,s,m,
1525736172.335,17.775000,8.32000000,s,l,
1525776509.0287,18.100000,9.82740000,b,l,
1525850867.7511,17.450000,7.65914466,s,l,
1525779948.2525,17.788700,11.90040040,b,l,
1525878873.3224,17.800000,0.22201243,s,l,
1525765588.0299,18.340000,0.02114014,b,l,
1525780984.6148,17.600000,84.11091463,s,m,
1525792895.0476,18.003200,9.00000000,s,m,
1525773669.2073,18.224000,144.00000000,b,l,
1525804171.7634,18.140000,0.03909047,b,l,
1525778220.8356,18.000000,26.97103333,s,l,
1525768963.6652,18.700000,4.02267330,s,l,
1525839318.1743,17.075400,754.82960000,s,l,
1525890876.4231,17.730500,8.32000000,s,l,
1525804404.7018,18.175200,3.28872657,b,l,
1525750744.5439,18.411600,3.00000000,b,m,
1525842700.9755,17.346600,4.46000000,b,m,
1525768975.244,18.700000,52.21800000,s,l,
1525770852.314,18.379100,54.40962800,s,l,
1525838605.6018,17.088600,134.68032366,s,m,
1525850901.8089,17.450000,23.10949721,s,l,
1525805818.8793,18.165900,0.01741106,s,m,
1525850903.2628,17.450000,416.11000000,s,l,
1525765992.8664,18.310600,58.43693282,s,m,
1525807881.369,18.241200,130.26590421,b,m,
1525776293.4624,18.100000,122.50760761,b,l,
1525751961.8953,18.499000,76.89859545,b,l,
1525839321.5506,17.230900,7.14000000,b,l,
1525867301.9213,17.944000,114.44766032,b,l,
1525783345.8545,17.934600,0.01000000,b,m,
1525780001.2197,17.763900,10.00000000,s,l,
1525818155.8614,17.955500,58.04000000,s,l,
1525891885.4173,17.760900,17.49664713,b,m,
1525775693.4412,18.150000,0.00024854,s,l,
1525769007.703,18.700000,52.21800000,s,l,
1525818160.7164,18.000000,4.91720496,s,l,
1525779251.3033,17.879800,4.19303169,b,m,
1525841982.5387,17.366800,0.00000683,b,m,
1525842057.1564,17.292200,1300.00000000,s,m,
1525832775.8061,17.541000,163.00000000,b,l,
1525850939.0627,17.450000,108.78670834,s,l,
1525888788.7637,17.799600,0.00000212,b,l,
1525867325.2325,18.050000,28.06040000,b,l,
1525815105.7499,17.969000,3.28664960,b,l,
1525762927.6313,18.290600,0.00524785,b,m,
1525777220.9495,18.159800,3.96480137,s,l,
1525833396.7559,17.500000,0.45144573,s,m,
1525830413.1241,17.867000,351.13133151,s,l,
1525875532.9055,17.700000,0.00000013,s,l,
1525732119.851,17.800200,19.14400000,s,l,
1525777235.8986,18.151200,6.99159159,b,l,
1525886212.1365,18.050000,21.04517777,b,l,
1525760858.0703,18.366900,4.12300000,s,l,
1525780623.1147,17.826800,0.01260695,s,l,
1525790181.4574,18.109300,6.28478422,b,l,
1525846160.1056,17.465700,3.49615473,b,m,
1525850780.9185,17.450000,50.20674300,s,l,
1525863256.1265,17.800000,0.43172811,b,l,
1525834598.273,17.400000,441.14024713,b,l,
1525850257.0195,17.418600,5.18627550,b,l,
1525800861.428,18.000000,132.02313999,b,l,
1525801833.6651,18.080000,3.98230088,b,l,
1525769070.2906,18.713700,3.18656036,b,m,
1525762877.044,18.300000,49.16941273,s,l,
1525832050.6739,17.600000,16.30295455,s,m,
1525833489.9541,17.450000,11.30720000,s,l,
1525851002.4133,17.460000,9.53378563,s,l,
1525867388.587,17.960000,326.04050671,s,l,
1525854195.0654,17.400000,0.33727345,b,l,
1525886879.7576,18.010000,20.69480289,b,m,
1525825176.4462,17.797900,4.00000000,b,l,
1525895318.3208,17.650000,399.73900000,b,l,
1525873695.8335,17.780000,8.00000000,b,l,
1525760910.1117,18.410000,34.27537538,b,l,
1525787891.7689,17.828200,0.00047943,s,m,
1525760913.5436,18.410000,4.07387288,b,l,
1525866310.4701,17.890000,99.90009990,b,m,
1525806127.5303,18.228900,0.33235603,b,m,
1525751961.9064,18.500000,29.17524309,b,l,
1525769112.6414,18.713400,20.02002002,b,l,
1525832814.9072,17.565000,179.00000000,b,l,
1525782859.1746,17.996900,6.92000000,b,m,
1525744539.1891,17.970000,40.00000000,b,l,
1525770852.3325,18.370000,50.00000000,s,l,
1525867426.1878,17.971000,26.54614615,b,l,
1525834659.0923,17.400000,28.56321000,b,l,
1525808281.5514,18.250000,0.04997240,b,m,
1525867429.0194,17.971000,30.00000000,b,l,
1525769127.3545,18.713300,0.00036323,b,l,
1525769128.4145,18.713300,5.45282763,b,l,
1525867433.6657,17.971000,14.97597598,b,l,
1525885767.9829,18.000000,0.03162643,b,l,
1525892594.7597,17.700000,15.79852547,s,l,
1525867438.9225,17.971000,38.62183014,b,l,
1525771917.8118,18.401200,3.00000000,b,l,
1525776313.3229,18.100000,310.73000000,b,l,
1525851058.7036,17.459000,11.06583952,s,l,
1525776294.4314,18.100000,35.91131131,b,l,
1525885699.2926,17.999900,27.87200000,b,l,
1525742761.1075,17.815300,6.92000000,b,m,
1525834686.8189,17.400000,416.11000000,b,l,
1525790181.468,18.109400,3.96013628,b,l,
1525810121.2344,18.167300,3.84001601,s,m,
1525833890.6857,17.400100,420.14171658,s,m,
1525867470.9371,17.961500,21.80309174,b,l,
1525780004.7319,17.750000,27.11806926,b,l,
1525851090.9999,17.459000,8.56110888,s,l,
1525846179.9694,17.321200,0.00000039,s,m,
1525777366.0544,18.144900,20.00000000,b,l,
1525835168.1987,17.360000,100.00000000,s,l,
1525835258.9478,17.273700,30.57000000,s,m,
1525834721.5609,17.400000,250.00000000,b,m,
1525839476.7538,17.149900,0.00000222,b,l,
1525867492.8313,17.961500,4.14409164,b,l,
1525747878.8778,18.434400,59.43250800,b,m,
1525851110.8804,17.450000,18.51946200,s,l,
1525736423.3116,17.862600,4.19871687,s,l,
1525867497.7906,17.961500,14.73910241,b,l,
1525772530.3927,18.146000,909.31841326,s,m,
1525752811.467,18.500000,186.70000000,b,l,
1525850718.8248,17.450000,948.41081202,b,l,
1525867510.7369,18.004000,26.43519064,b,l,
1525776553.9827,18.100000,36.95410000,b,l,
1525761016.1454,18.410000,0.13280822,b,l,
1525761017.2088,18.412000,52.43351400,s,l,
1525746855.954,18.300000,32.43322180,b,l,
1525763222.8071,18.219200,0.00000263,b,l,
1525761536.3576,18.366400,3.92011673,b,l,
1525835421.0714,17.140100,0.00066932,s,m,
1525766998.5513,18.435000,400.00000000,s,l,
1525835265.0211,17.273200,6.00000000,s,m,
1525789955.0988,18.044400,18.85537385,b,l,
1525776556.9202,18.120000,2984.40349767,b,l,
1525842057.1604,17.292100,138.70400000,s,m,
1525782023.3412,17.899800,15.20400000,b,m,
1525867537.6877,18.004000,9.85576725,b,l,
1525761043.9684,18.412000,10.00000000,s,l,
1525802004.5353,17.989400,4.17128451,s,m,
1525751982.8521,18.499100,0.00257318,b,l,
1525889826.8846,17.706100,79.91100000,s,m,
1525744663.8466,17.973600,5.56372000,b,l,
1525842057.1945,17.213200,323.43966821,s,m,
1525769243.5686,18.700000,11.59732670,s,l,
1525762906.3767,18.300900,20.00000000,b,m,
1525777438.8247,18.156900,9.04400000,b,l,
1525834783.7175,17.400000,26.33670782,b,l,
1525769251.7371,18.700000,74.82356046,b,l,
1525769252.0709,18.700000,3.34594397,b,l,
1525865534.3448,18.000000,3.70017417,s,l,
1525796230.0532,18.070000,0.01551920,s,m,
1525785640.0726,18.085100,4.14699148,b,l,
1525857116.7488,17.509100,3.10370988,s,m,
1525782023.3471,17.899800,28.99931249,b,m,
1525861698.0743,17.690200,3.37326185,b,l,
1525826605.8211,17.850000,28.01120000,s,l,
1525769264.3406,18.700000,12.39731717,b,l,
1525874519.3374,17.750000,24.29216526,s,l,
1525769270.0716,18.700000,39.03028045,b,l,
1525773833.6622,18.250100,109.41337856,s,l,
1525819690.2373,17.964500,9.00000000,s,m,
1525846179.9674,17.321200,0.00014854,s,m,
1525867325.229,18.049900,114.67805931,b,l,
1525883969.9648,17.938500,7.14000000,b,m,
1525747727.5819,18.436100,14.51400706,s,l,
1525736518.4629,17.875900,4.00000000,b,m,
1525769289.4792,18.700000,63.72750191,b,l,
1525769296.417,18.700000,20.22940734,b,l,
1525867602.2364,18.006000,182.00000000,b,l,
1525769303.9671,18.700000,121.37644399,b,l,
1525867608.3472,18.010000,32.80669734,b,l,
1525773914.355,18.230200,0.00000218,b,l,
1525875806.7144,17.720000,56.43340000,b,l,
1525762917.8924,18.250000,103.95310000,s,l,
1525772261.4549,18.418500,11.68000000,b,l,
1525867619.2397,18.010000,102.32334587,b,l,
1525867621.2695,18.014000,114.79285216,b,l,
1525773841.8649,18.250000,4.56343200,s,l,
1525875816.8275,17.751900,10.57789454,b,l,
1525764284.2286,18.231400,6.06314912,s,l,
1525818475.8994,17.953700,3.30841420,b,m,
1525885705.8659,18.000000,1300.00000000,b,l,
1525773842.1209,18.250000,4.11697890,s,l,
1525800832.825,18.000000,0.03552213,b,l,
1525761135.3472,18.412000,2.05900520,s,l,
1525832814.9174,17.583000,172.00000000,b,l,
1525744755.6679,17.942500,20.00000000,s,l,
1525738027.9872,17.740900,0.00005808,s,m,
1525744771.9454,18.000000,4.00000000,b,l,
1525867652.9803,18.000000,30.00000000,s,l,
1525752967.6084,18.322500,75.98245331,s,m,
1525749271.589,18.342800,7.00000000,b,m,
1525766773.6768,18.423300,20.22844972,b,l,
1525769360.5382,18.700000,20.78162606,b,l,
1525863960.2915,17.855500,6.22580000,s,l,
1525759408.9103,18.250200,260.85542367,s,l,
1525892882.6443,17.700000,56.78440949,s,l,
1525819693.1062,18.083100,184.08000000,b,m,
1525769367.0777,18.700000,9.19410000,b,l,
1525875866.3592,17.751900,5.40035263,b,l,
1525762927.636,18.291900,130.26590421,b,m,
1525818530.1186,17.953700,10.00000000,b,l,
1525878982.3555,17.800600,7.14000000,s,l,
1525783298.3278,17.807500,0.07197499,s,l,
1525769384.9453,18.700000,7.03008317,b,l,
1525761193.9533,18.412000,5.08761434,s,l,
1525761194.6385,18.412000,489.72530000,s,l,
1525761195.6642,18.412000,991.84500000,s,l,
1525761196.8463,18.412000,991.84500000,s,l,
1525761197.5665,18.412000,20.00000000,s,l,
1525875886.8144,17.756000,37.97477478,b,l,
1525761199.6747,18.412000,482.08403215,s,l,
1525776254.5851,18.100000,122.96046046,b,l,
1525875889.7044,17.756000,121.82872925,b,l,
1525853044.5225,17.300000,0.00000040,s,m,
1525739020.9666,17.729700,308.70999999,s,m,
1525848159.8848,17.338200,100.70939313,s,l,
1525820240.7239,17.900000,27.02056429,b,l,
1525895371.2435,17.617800,0.89879043,s,m,
1525753028.2636,18.450000,0.00003712,b,m,
1525840758.8554,17.299800,130.26590421,b,m,
1525884104.1291,17.880000,24.22000000,s,l,
1525890891.0502,17.705600,43.08000000,s,m,
1525771350.8145,18.303600,46.71543323,s,l,
1525756109.3903,18.223300,12.07286837,s,l,
1525863971.2785,17.900000,45.15683852,b,m,
1525858703.5491,17.652900,1300.00000000,b,m,
1525874894.0471,17.700000,0.00000067,s,m,
1525860067.7697,17.571900,0.26731498,s,m,
1525851352.5721,17.450000,63.26073930,s,l,
1525747408.9414,18.500000,1296.65585393,b,l,
1525754419.409,18.298200,0.00000049,s,m,
1525833936.3362,17.401000,0.00000103,s,m,
1525887780.9965,17.800000,0.00486095,s,l,
1525843174.1136,17.300000,39.00000000,b,l,
1525753063.5211,18.317000,241.00000000,s,m,
1525760046.9649,18.409800,8.32000000,b,m,
1525748227.1406,18.380200,8.32000000,s,m,
1525770868.3456,18.370000,53.16276276,b,l,
1525894683.956,17.635200,40.00815396,b,l,
1525769463.989,18.700000,34.78584705,b,l,
1525764302.7904,18.231200,0.00000037,s,l,
1525809139.5339,18.269900,0.00000022,b,l,
1525773866.4725,18.250000,52.21800000,s,l,
1525833065.0844,17.689000,12.50000000,b,m,
1525889993.3651,17.824600,0.00267372,b,l,
1525888728.0792,17.799700,33.66845790,b,l,
1525888744.0682,17.784800,0.00053660,s,l,
1525794072.4472,18.075200,3.98333637,b,l,
1525795147.7896,18.150000,60.00000000,b,l,
1525851419.1029,17.450000,25.70100000,s,l,
1525856373.855,17.722900,150.00000000,b,m,
1525832944.1736,17.707500,9.00000000,b,m,
1525835044.487,17.400000,200.00000000,s,l,
1525840775.1075,17.298800,0.86000000,b,l,
1525833489.973,17.430000,150.00000000,s,m,
1525799021.57,17.950000,55.71030000,s,m,
1525743837.0277,17.880000,3.00000000,b,m,
1525757231.5139,18.250000,0.00136926,s,m,
1525757231.5117,18.250000,0.52800809,s,m,
1525812606.0838,18.030000,0.00046580,s,m,
1525747411.0896,18.500000,68.32511852,b,l,
1525835490.7244,17.141800,11.94100000,s,m,
1525864453.9933,18.000000,108.12797770,b,m,
1525869345.185,17.865300,0.01551920,s,m,
1525883257.2254,17.971700,9.77590275,b,m,
1525747957.986,18.385600,0.53585603,s,l,
1525779850.4647,17.812800,38.36100000,s,l,
1525859656.8674,17.760500,130.26590421,b,m,
1525870164.4383,17.850000,0.00925645,b,l,
1525798358.17,18.141100,1300.00000000,b,m,
1525743843.0587,17.920400,315.64649751,b,m,
1525747412.8224,18.500000,1300.00000000,b,l,
1525773881.9975,18.250000,82.53896000,s,l,
1525753180.6813,18.411600,2.03034591,b,m,
1525748255.8714,18.347400,15.76221121,s,l,
1525747764.3981,18.402000,179.00000000,s,l,
1525767812.1947,18.791100,114.11106467,b,m,
1525777763.6022,18.150000,52.21800000,s,l,
1525838116.0975,17.163000,33.24400000,s,l,
1525777766.4111,18.160500,17.75365365,b,l,
1525807881.3804,18.250000,0.00001016,b,m,
1525762276.6371,18.300000,0.00148687,s,l,
1525817576.5664,17.999900,10.00000000,b,m,
1525835249.9606,17.302200,101.37802816,s,m,
1525743843.0504,17.915700,6.92000000,b,m,
1525818744.3772,17.999300,10.18268293,b,l,
1525753063.506,18.328400,9.00000000,s,m,
1525788906.1418,17.927600,0.05888445,b,l,
1525779349.2297,17.815600,10.00000000,s,l,
1525835137.7758,17.426800,7.14000000,b,m,
1525746868.0709,18.330000,265.04729962,b,l,
1525844797.6684,17.348500,60.00000000,b,m,
1525843334.8777,17.299900,9.87809000,b,l,
1525745031.7203,18.000000,52.21800000,b,l,
1525751961.9011,18.499800,0.01046928,b,l,
1525826953.54,17.800000,67.99587386,s,l,
1525843338.9126,17.290100,10.00000000,s,l,
1525843339.5831,17.300000,0.00000001,b,l,
1525745040.9963,18.000000,30.00000000,b,l,
1525889473.5324,17.839100,114.69483717,b,l,
1525884307.2648,17.922600,7.00000000,b,m,
1525792501.0512,18.093100,8.32000000,b,m,
1525777816.4704,18.150000,21.86097005,s,m,
1525799243.0644,17.961600,4.00373682,b,l,
1525835333.2534,17.273200,3.95347107,s,l,
1525835168.2036,17.360000,9.23450000,s,l,
1525874928.1776,17.700000,7.36702560,s,l,
1525769635.0613,18.700000,4.89795187,b,l,
1525777828.576,18.150000,20.00000000,s,l,
1525786021.7608,18.036400,3.29332252,b,m,
1525775479.1616,18.150800,27.48900000,s,m,
1525835177.1259,17.360000,11.93205600,s,l,
1525838605.5955,17.103400,10.00000000,s,m,
1525772533.4966,18.242000,10.00000000,s,l,
1525772530.3758,18.182000,141.43629891,s,m,
1525776304.7765,18.100000,20.02002002,b,l,
1525853085.3353,17.300900,0.00000096,s,m,
1525745074.215,18.030000,39.96848414,b,l,
1525753766.8507,18.285600,29.07739950,s,m,
1525773897.9738,18.250000,13.79309310,s,l,
1525835194.4747,17.360000,346.95460476,s,l,
1525835196.9897,17.360000,416.11000000,s,l,
1525745506.5817,18.210000,0.00011393,b,l,
1525747957.9944,18.385600,3.46414397,s,l,
1525802432.1196,17.990000,29.30000000,b,l,
1525762976.3173,18.200000,89.15562637,s,m,
1525753028.2689,18.454500,8.32000000,b,m,
1525742043.1159,17.709300,9.97407259,s,m,
1525835208.4759,17.360000,7.40780000,s,l,
1525757516.6574,18.349300,0.00260551,b,l,
1525827022.1971,17.933200,1.47185857,b,m,
1525835217.6524,17.360000,162.17448951,s,l,
1525835219.7155,17.360000,109.63657150,s,l,
1525825230.2747,17.797900,3.32326898,b,l,
1525835222.3658,17.360000,28.30441820,s,l,
1525887795.2094,17.800600,3.05340000,s,l,
1525835226.2275,17.330000,30.00000000,s,l,
1525752058.2846,18.406100,9.00000000,s,l,
1525869113.7058,17.873600,9.00000000,s,l,
1525776271.6108,18.091000,8.72870200,s,m,
1525876196.9965,17.775200,32.33396645,b,l,
1525747383.8819,18.500000,43.40611878,b,l,
1525745419.3832,18.114000,491.97444793,s,m,
1525787891.7667,17.828200,0.30012637,s,m,
1525762877.0466,18.300000,49.13654436,s,l,
1525767603.3903,18.454200,0.00380953,b,l,
1525792501.0924,18.153300,28.60400000,b,m,
1525884400.4285,17.880000,4.96228345,s,l,
1525835249.9672,17.273800,27.10948360,s,m,
1525892594.7646,17.700000,98.43553906,s,l,
1525892595.8581,17.700000,35.02889735,s,l,
1525746037.3162,18.219600,9.00000000,b,m,
1525758735.5723,18.294500,79.96018792,b,m,
1525892600.9201,17.748500,21.91747896,b,l,
1525892601.7841,17.700000,114.36025681,s,l,
1525835258.9565,17.236400,0.93248633,s,m,
1525746872.9269,18.367900,3.75618498,b,l,
1525836146.9842,17.253600,7.14000000,s,m,
1525745152.9631,18.090000,268.15811000,b,m,
1525835265.0132,17.274100,9.00000000,s,m,
1525856373.8617,17.726600,97.06000000,b,m,
1525776361.0231,18.100000,123.34745055,b,l,
1525850257.0266,17.418600,10.00000000,b,l,
1525889993.328,17.824500,12.28711416,b,l,
1525884426.8375,17.880000,464.45694812,s,l,
1525892619.3978,17.700000,17.20808045,s,l,
1525777933.3041,18.150000,20.00000000,s,l,
1525827086.7863,17.956800,63.40019380,b,m,
1525816237.6925,17.970000,0.00004447,s,m,
1525823064.3956,17.950000,115.45260000,b,l,
1525747313.2865,18.423000,0.11269295,s,l,
1525771183.9574,18.499900,18.08000000,b,m,
1525851676.066,17.450000,5.52140000,s,l,
1525773914.3529,18.230200,0.00271881,b,l,
1525769763.6809,18.700000,290.00000000,b,m,
1525797466.5982,18.087600,76.57868246,b,m,
1525883143.5937,17.923900,40.13866072,b,l,
1525762927.6395,18.292000,13.16378482,b,m,
1525753393.2461,18.398000,4.07653004,b,l,
1525832627.3486,17.526900,56.84416018,b,l,
1525851701.1509,17.450000,108.75670000,s,l,
1525766124.522,18.350000,0.06788489,b,l,
1525851705.0475,17.450000,45.36360000,s,l,
1525783702.5175,17.773200,0.00000058,s,m,
1525851707.0808,17.450000,416.11000000,s,l,
1525865397.4545,17.953300,44.25130784,s,l,
1525835328.9756,17.320000,28.86836000,s,l,
1525835330.939,17.273200,3.38432893,s,l,
1525835331.6307,17.273200,11.76820000,s,l,
1525835333.2577,17.268600,10.00000000,s,l,
1525779850.4674,17.811600,126.77075981,s,l,
1525864454.0177,18.100000,0.05454989,b,m,
1525851723.8834,17.450000,145.00000000,s,m,
1525777996.7201,18.216100,4.11719174,b,l,
1525769243.5593,18.713300,48.94508758,s,l,
1525821710.8747,18.000000,150.00000000,b,m,
1525752058.266,18.406200,30.27500000,s,l,
1525835355.1772,17.218500,0.00233189,s,m,
1525739792.1879,17.949800,7.14000000,b,l,
1525806342.2548,18.238100,22.00000000,b,m,
1525799561.4336,17.879200,9.00000000,s,m,
1525780001.2224,17.750500,122.94889336,s,l,
1525742043.1046,17.746300,31.50122216,s,m,
1525786224.7353,18.017700,3.99578222,b,l,
1525884529.1535,17.880000,76.98813432,s,l,
1525851762.7898,17.450000,991.84500000,s,l,
1525746876.2869,18.389900,27.77600000,b,m,
1525849022.7147,17.390100,20.19219822,b,l,
1525843576.8005,17.388800,7.14000000,b,l,
1525747988.4668,18.470000,1300.00000000,b,l,
1525736172.3384,17.774800,313.64000000,s,l,
1525767408.2209,18.350800,1231.25632932,s,m,
1525747383.8666,18.500000,54.70422222,b,l,
1525783702.5109,17.773200,33.24177139,s,m,
1525896634.3168,17.544300,6.92000000,s,m,
1525835258.9516,17.253700,8.32000000,s,m,
1525786430.1332,17.862300,56.31200000,s,m,
1525750830.2403,18.355200,8.32000000,s,m,
1525758459.2176,18.294500,3.26401433,b,l,
1525799021.573,17.923900,116.90255626,s,m,
1525758915.5454,18.349800,3.92374848,b,l,
1525819029.7469,18.073500,2.62663402,b,m,
1525836740.3367,17.357000,48.14999712,b,m,
1525860048.7579,17.756700,850.17664054,b,m,
1525835421.0369,17.210100,95.00000000,s,m,
1525757516.6324,18.349300,3.25948171,b,l,
1525753506.9012,18.398000,29.45200000,b,l,
1525851812.2084,17.450000,11.73104509,s,l,
1525812606.0805,18.030000,0.17961743,s,m,
1525888625.2287,17.800000,23.65651716,s,l,
1525851820.7299,17.450000,45.42050000,s,l,
1525802671.8377,18.088400,4.14602865,b,l,
1525775793.8254,18.150000,0.00000279,s,l,
1525835445.0681,17.140700,110.60870000,s,m,
1525889993.3717,17.824700,10.00000000,b,l,
1525769913.9508,18.699400,7.14000000,b,l,
1525752095.8192,18.400000,0.10777159,b,l,
1525860048.749,17.680400,810.68845525,b,m,
1525780158.5656,17.795200,77.93690883,s,m,
1525809073.3552,18.264700,10.00000000,b,l,
1525835458.0881,17.141100,0.05761665,s,m,
1525827993.4726,17.823700,28.05200000,s,m,
1525884614.4935,17.880000,98.92095014,s,l,
1525778120.1685,18.150000,85.42819143,s,l,
1525865420.2197,17.953300,23.91478470,s,l,
1525769930.3665,18.643300,20.00000000,b,l,
1525863971.2844,17.949500,9.00000000,b,m,
1525835421.087,17.140100,0.12577953,s,m,
1525776082.5761,18.150000,102.27505452,s,l,
1525860048.6865,17.679100,8.32000000,b,m,
1525843576.7977,17.370000,20.03343530,b,l,
1525851859.556,17.450000,10.90000000,s,l,
1525778133.0357,18.130000,300.00000000,s,l,
1525783228.4947,17.773400,1300.00000000,s,m,
1525838116.1045,17.160300,10.00000000,s,l,
1525851868.124,17.450000,416.11000000,s,l,
1525851870.7261,17.450000,126.12764107,s,l,
1525851871.6747,17.450000,158.26711387,s,l,
1525873616.3988,17.777000,56.06953929,s,m,
1525835490.717,17.142000,10.00000000,s,m,
1525860067.7572,17.572500,7.14000000,s,m,
1525769957.8813,18.655600,20.00000000,b,l,
1525778150.0537,18.113600,72.30832849,s,l,
1525745383.9586,18.109300,5.52202000,b,l,
1525819112.7296,18.082300,30.58690000,b,m,
1525802729.685,18.050000,44.00000000,s,l,
1525778155.1508,18.113500,65.38238238,b,l,
1525745388.2956,18.112800,7.14000000,s,l,
1525812606.0859,18.030000,0.00000121,s,m,
1525851887.9666,17.450000,0.02868152,s,l,
1525778160.3044,18.108000,52.40900000,s,l,
1525778161.1133,18.108000,0.00031681,s,l,
1525892851.5963,17.700000,5.00000000,s,l,
1525865428.2719,17.953300,408.97000000,s,l,
1525877873.1479,17.900000,27.70447617,b,m,
1525835523.6217,17.207100,0.00000321,b,l,
1525786375.4632,17.864000,52.21800000,s,l,
1525778184.253,18.042300,0.00000211,b,l,
1525879084.1695,17.800000,416.11000000,b,l,
1525778186.9299,18.100000,751.76874982,s,l,
1525745419.3874,18.114000,0.00158827,s,m,
1525827340.7888,17.900900,13.09550451,s,l,
1525851917.8055,17.450000,52.43140598,s,l,
1525778191.9306,18.030000,52.21800000,s,l,
1525794576.0691,18.055700,18.03311390,s,m,
1525745425.8568,18.150000,27.96085480,b,l,
1525835538.9224,17.169500,258.09321845,s,m,
1525851924.5624,17.450000,1300.00000000,s,l,
1525892885.0864,17.700000,111.61766059,s,l,
1525851926.4289,17.450000,1300.00000000,s,l,
1525778199.1904,18.078100,6.26736751,b,m,
1525747616.8694,18.560000,12.47121197,b,m,
1525803687.772,18.120000,13.25000000,b,m,
1525745440.6595,18.209600,6.88183115,b,m,
1525851937.6741,17.449100,416.11000000,s,l,
1525762976.3006,18.207200,121.53765991,s,m,
1525839476.7433,17.149900,3.46848319,b,l,
1525851943.9852,17.449100,155.55932726,s,l,
1525746882.08,18.390000,32.52499257,b,l,
1525780001.522,17.750000,43.60072676,b,l,
1525778218.06,18.000000,12.08999999,s,l,
1525778220.8188,18.000000,733.11814969,s,l,
1525732164.5273,17.750000,15.00000000,s,l,
1525778225.6912,17.999900,100.00000000,b,m,
1525851955.0268,17.449000,58.44565644,s,l,
1525745461.3305,18.210000,100.00000000,b,m,
1525872908.1952,17.800000,0.16915923,s,m,
1525851960.1925,17.449000,29.22282822,s,l,
1525851963.019,17.449000,26.99110000,s,l,
1525885576.7984,17.914800,9.47777785,b,m,
1525786430.1398,17.862200,0.00005943,s,m,
1525851967.2812,17.449000,93.33559636,s,l,
1525794625.9831,18.108000,5.85818423,b,l,
1525745474.3216,18.210000,39.11736100,b,l,
1525833355.941,17.501900,100.00000000,s,l,
1525851973.722,17.449000,524.72232061,s,l,
1525851974.4642,17.449000,93.33559636,s,l,
1525851977.6287,17.449000,138.70400000,s,l,
1525778250.6029,17.911100,100.00000000,s,m,
1525856373.8641,17.731500,936.29416789,b,m,
1525851981.8657,17.449000,12.50230000,s,l,
1525782345.8375,17.921500,3.60307700,s,m,
1525778255.5769,17.911000,0.22299318,s,m,
1525770299.3415,18.522800,4.66146197,s,l,
1525851986.8972,17.449000,416.11000000,s,l,
1525763222.8021,18.219200,4.10760351,b,l,
1525733790.9872,17.862800,141.74997559,b,l,
1525776082.6011,18.127300,10.00000000,s,l,
1525865444.5353,17.953300,247.14187240,s,l,
1525835538.9199,17.169900,9.00000000,s,m,
1525753691.7916,18.371300,3.00000000,b,m,
1525864453.9776,17.979900,114.67805931,b,m,
1525851998.6186,17.449000,18.66711927,s,l,
1525778271.241,17.900100,710.68845525,s,l,
1525835616.354,17.250000,346.95460476,b,l,
1525745506.5724,18.200000,0.24151673,b,l,
1525884771.485,17.919900,3.00000000,b,m,
1525809624.1798,18.214300,7.14000000,s,l,
1525840870.7326,17.180300,9.00000000,s,m,
1525886879.7524,18.008200,45.83893658,b,m,
1525852008.7852,17.449000,123.57206200,s,l,
1525852009.0962,17.449000,23.30000000,s,l,
1525745514.8671,18.240000,104.00000000,b,m,
1525782162.539,17.992400,9.54000000,b,m,
1525739792.178,17.949700,121.68262249,b,l,
1525835421.0846,17.140100,52.53391861,s,m,
1525827442.7969,17.940600,126.68000000,b,m,
1525745524.2693,18.240000,96.00000000,b,l,
1525870910.2335,17.855100,0.00002012,s,m,
1525776381.9436,18.100000,115.47140000,b,l,
1525794679.0737,18.149900,3.47851800,b,m,
1525767626.5791,18.467100,49.10093729,b,l,
1525864454.0057,18.099500,12.48003198,b,m,
1525792501.0951,18.154900,590.94400000,b,m,
1525770852.329,18.378300,54.41199600,s,l,
1525819029.7443,18.019900,10.00000000,b,m,
1525835258.9604,17.236400,0.00000365,s,m,
1525852033.642,17.449000,108.77725757,s,l,
1525746885.27,18.400000,696.51564942,b,l,
1525839510.0247,17.150000,0.08413099,b,l,
1525772254.6012,18.403000,155.00000000,b,m,
1525846678.7573,17.371200,0.00002012,s,m,
1525808750.9543,18.150200,55.09581100,s,l,
1525753742.1344,18.397100,3.91366030,s,l,
1525869156.8061,17.986400,6.94028028,b,m,
1525798987.7704,17.960300,45.83200000,s,l,
1525809073.361,18.264900,138.70400000,b,l,
1525868437.5675,17.943700,9.00000000,b,m,
1525835417.0575,17.250000,28.92753000,s,l,
1525770136.52,18.650000,113.52232409,s,l,
1525767408.2248,18.350800,0.00062426,s,m,
1525856486.5888,17.588100,215.53044868,b,m,
1525849071.2237,17.390100,4.50860258,b,l,
1525864454.0006,18.000000,0.03059145,b,m,
1525767152.6372,18.435000,18.09597824,s,l,
1525780984.6073,17.600100,107.72160000,s,m,
1525753766.8556,18.285600,0.00008928,s,m,
1525747386.705,18.500000,0.00002038,b,l,
1525832803.0376,17.547000,176.00000000,b,l,
1525770155.898,18.650000,1300.00000000,s,l,
1525767963.176,18.699800,191.76356993,b,m,
1525770157.9676,18.650000,1300.00000000,s,l,
1525835421.0618,17.140200,93.05042824,s,m,
1525815105.7597,17.970000,0.02405694,b,l,
1525770162.0345,18.650000,52.21800000,s,l,
1525865459.6571,17.960000,77.91761637,b,l,
1525804171.7554,18.139800,16.69913574,b,l,
1525832425.2986,17.500000,0.00000121,s,m,
1525835703.76,17.220000,238.70279907,s,l,
1525770170.0015,18.650000,1300.00000000,s,l,
1525770171.5783,18.650000,84.25967591,s,l,
1525770172.7069,18.636600,41.18930051,b,l,
1525748042.3735,18.380000,0.00001767,b,l,
1525865461.6763,18.000000,40.85053337,s,l,
1525811138.3759,18.170000,0.04274628,s,l,
1525732165.0336,17.664000,8.95925584,s,m,
1525752967.6106,18.322500,0.19704207,s,m,
1525837051.8691,17.395300,31.04038617,b,m,
1525797687.3153,18.020400,0.01731100,s,m,
1525832814.9198,17.590000,172.00000000,b,l,
1525875866.3671,17.751900,0.00000345,b,l,
1525747616.8655,18.537500,4.01105267,b,m,
1525779349.2035,17.856500,97.66200000,s,l,
1525889826.8911,17.700000,1287.66081733,s,m,
1525745629.8706,18.200000,30.78578579,b,l,
1525786591.1646,17.870000,350.00000000,s,m,
1525762017.6578,18.300000,0.01035406,s,l,
1525832814.9099,17.572000,172.00000000,b,l,
1525767794.0988,18.601000,49.06757372,b,l,
1525772530.3783,18.146100,42.68000000,s,m,
1525737450.4869,17.878600,91.00000000,b,m,
1525779349.2106,17.856400,285.64999999,s,l,
1525865469.2076,18.000000,10.49566946,s,l,
1525856373.8168,17.620000,1196.05478216,b,m,
1525747019.8139,18.404300,4.03795679,b,l,
1525840758.8494,17.299600,9.00000000,b,m,
1525753853.167,18.289700,8.32000000,s,m,
1525835775.9101,17.200000,100.00000000,b,l,
1525745665.286,18.200000,186.00729535,b,l,
1525835421.0472,17.200000,215.11627906,s,m,
1525778941.7651,17.880000,0.00006708,s,m,
1525833171.5766,17.601700,114.88500000,b,m,
1525770252.5819,18.602300,138.39299600,b,m,
1525762062.0632,18.300000,2.10174935,s,l,
1525811216.5731,18.170100,1300.00000000,s,l,
1525811217.4818,18.170100,689.09889874,s,l,
1525893151.4293,17.700000,29.40608378,s,l,
1525762088.4815,18.300000,103.72216027,s,l,
1525762092.8906,18.300000,103.72055614,s,l,
1525741234.2122,17.886600,5.59078000,s,l,
1525745712.1761,18.276800,50.00000000,b,l,
1525781204.2663,17.695500,107.14080000,s,m,
1525778482.807,17.961000,4.00008889,b,l,
1525779851.7719,17.800000,23.20140030,b,l,
1525773683.3435,18.291500,130.26590421,b,l,
1525733857.1338,17.878900,36.92200000,b,l,
1525748255.8646,18.347400,4.83649121,s,l,
1525795992.0082,18.100000,0.00013911,s,m,
1525770299.3581,18.504400,120.20273226,s,l,
1525770301.935,18.500000,4.32340000,b,l,
1525835445.0726,17.140700,89.39130000,s,m,
1525771275.4293,18.439000,5.00000000,s,l,
1525778501.0857,17.961000,57.84984985,b,l,
1525773897.9895,18.250000,129.87000000,s,l,
1525835849.7862,17.200000,399.88500467,b,l,
1525778506.9252,17.961000,20.80646126,b,l,
1525746855.2351,18.300000,24.96006401,b,l,
1525846370.8626,17.334200,0.00775960,s,m,
1525880886.3351,17.970000,0.80972709,b,l,
1525838605.5685,17.115300,8.32000000,s,m,
1525893203.1097,17.700000,79.00000000,s,l,
1525816237.6891,17.970000,0.01714871,s,m,
1525770326.7177,18.500000,4.05405405,b,l,
1525769913.9632,18.699800,8.32000000,b,l,
1525893208.2242,17.700000,241.42393599,s,l,
1525832222.4671,17.581000,35.89140000,s,l,
1525811291.8864,18.239300,41.00000000,b,m,
1525864453.96,17.949600,6.92000000,b,m,
1525774989.9468,18.242300,3.25680448,b,l,
1525803107.3608,18.040000,173.00000000,s,l,
1525768550.7263,18.711300,34.39660000,s,l,
1525824529.3575,17.870000,0.00202488,b,l,
1525778536.3447,18.000000,490.00000000,b,m,
1525767963.1726,18.697300,130.26590421,b,m,
1525745771.4118,18.250000,26.00000000,b,l,
1525732164.5186,17.788000,64.78869463,s,l,
1525770350.4609,18.467500,0.15302555,s,m,
1525842057.1965,17.213200,0.83876236,s,m,
1525779475.5009,17.880000,13.43613614,b,l,
1525770358.8898,18.500000,52.21800000,b,l,
1525806127.501,18.200000,1.05108567,b,m,
1525770361.4322,18.500000,1300.00000000,b,l,
1525762170.0788,18.300000,15.30400000,s,l,
1525896634.3299,17.544100,821.04454507,s,m,
1525768554.4482,18.750000,30.61318375,b,l,
1525803135.6598,18.049300,3.98900806,b,l,
1525796787.7203,18.042600,213.65814696,s,l,
1525823000.3308,17.950000,3.00300300,b,l,
1525778567.5194,18.000000,430.00000000,b,m,
1525745804.5503,18.230100,5.09253896,s,l,
1525835458.0772,17.141100,22.94238335,s,m,
1525762906.3055,18.250000,39.87758250,s,l,
1525746894.9369,18.400000,0.00000003,b,l,
1525770385.2053,18.500000,52.21800000,b,l,
1525798595.5042,17.961600,99.78048294,s,m,
1525734425.927,17.855100,4.03246131,s,l,
1525732164.5394,17.730600,4.00990000,s,l,
1525889826.8794,17.740000,570.00000000,s,m,
1525770398.8817,18.500000,21.08408408,b,l,
1525773900.633,18.250000,29.97000000,s,l,
1525816347.633,17.950000,304.70901393,s,l,
1525778596.8081,17.985700,16.85243657,s,l,
1525737644.2121,17.794700,50.00000000,s,l,
1525770413.1942,18.500000,52.21800000,b,l,
1525786798.9342,17.880400,0.23392134,s,m,
1525770418.0107,18.500000,52.21800000,b,l,
1525737652.9812,17.848400,290.64200000,b,m,
1525732165.0553,17.664000,10.00000000,s,m,
1525745850.032,18.199000,52.21800000,s,l,
1525873695.8367,17.799900,148.40957533,b,l,
1525747784.8713,18.399300,88.78570000,s,l,
1525745858.0459,18.242400,4.11071526,b,l,
1525747988.4696,18.470000,13.89708900,b,l,
1525745860.3196,18.198900,18.80118502,s,l,
1525807727.8388,18.249400,43.97990071,b,m,
1525789450.087,18.080000,41.02694207,b,l,
1525745868.9692,18.199000,49.86400000,s,l,
1525754062.0416,18.296200,20.00000000,s,m,
1525893327.2277,17.700000,52.46620985,s,l,
1525773066.2818,18.053700,0.36980559,s,l,
1525883257.21,17.923900,0.00405418,b,m,
1525898860.0493,17.673800,20.00000000,b,m,
1525885988.9712,17.999900,3.30146187,b,l,
1525762267.1031,18.300000,39.01227994,s,l,
1525842298.7839,17.300000,10.00000000,s,l,
1525778656.1351,17.985700,52.21800000,s,l,
1525860048.7458,17.679200,1300.00000000,b,m,
1525762276.6323,18.300000,0.62101555,s,l,
1525804070.5305,18.130000,10.00000000,s,m,
1525747988.4587,18.459400,14.21985084,b,l,
1525762906.3567,18.250600,4.71248280,b,m,
1525768572.166,18.711700,7.41418800,s,l,
1525836151.275,17.356100,7.14000000,b,m,
1525888744.066,17.784800,0.20692260,s,l,
1525780004.4865,17.750000,16.11935240,b,l,
1525856373.8135,17.619900,991.84500000,b,m,
1525765992.8685,18.310600,0.14629458,s,m,
1525786867.0954,18.000000,52.21800000,s,l,
1525836020.5189,17.250000,306.09079048,b,l,
1525781268.446,17.700400,71.35600000,s,m,
1525788906.1394,17.927600,36.86166942,b,l,
1525770490.1294,18.500000,52.21800000,b,l,
1525883257.2172,17.971600,10.00000000,b,m,
1525803260.7554,17.990000,46.45085603,s,l,
1525811454.6215,18.130000,131.53098197,b,l,
1525859656.8745,17.761100,30.53574384,b,m,
1525865515.1798,18.000000,69.86846160,s,l,
1525887381.7933,17.960900,0.00265245,b,l,
1525818475.9063,17.953700,6.68893907,b,m,
1525805818.8817,18.165900,0.00003733,s,m,
1525772530.3698,18.250000,200.00000000,s,m,
1525888728.0293,17.799700,18.51067793,b,l,
1525750389.5201,18.320000,44.86226516,b,l,
1525840942.5604,17.190000,3.99797512,b,l,
1525782233.5362,17.992400,0.11643920,b,l,
1525866020.5678,17.810300,299.10420655,s,m,
1525893407.5585,17.700000,200.00000000,s,l,
1525865794.9539,17.950400,648.08000000,b,m,
1525837475.3928,17.445700,191.68000000,b,m,
1525780158.5726,17.795200,314.55835488,s,m,
1525819690.2411,17.929700,5.96707245,s,m,
1525819693.1035,18.082800,9.00000000,b,m,
1525778738.6793,17.961000,5.00000000,s,l,
1525781268.4595,17.700000,339.94196610,s,m,
1525778184.2589,18.042300,51.97597200,b,l,
1525850718.8216,17.449800,0.00001169,b,l,
1525768585.963,18.711700,133.26719854,s,l,
1525762365.4723,18.300000,0.00025728,s,l,
1525770559.0724,18.500000,52.21800000,b,l,
1525770750.9575,18.438100,3.24773672,s,l,
1525770570.2477,18.500000,52.21800000,b,l,
1525803339.971,18.006400,78.62148839,b,l,
1525835490.732,17.141700,0.59698100,s,m,
1525732164.536,17.731900,11.96500000,s,l,
1525811536.4501,18.100000,250.00000000,s,l,
1525860067.7722,17.571900,0.00069322,s,m,
1525771339.7318,18.350000,272.47956000,s,m,
1525851922.1174,17.450000,178.62470498,s,l,
1525858703.5379,17.652600,17.92305900,b,m,
1525890817.0493,17.790000,244.00000000,s,l,
1525762397.9362,18.300000,3.50000000,s,l,
1525778149.3187,18.125000,3.00000000,s,l,
1525767812.1621,18.650000,270.00000000,b,m,
1525778271.2445,17.900000,101.90511732,s,l,
1525778150.048,18.114000,149.00000000,s,l,
1525803368.753,18.048300,374.94800000,b,l,
1525759036.9918,18.347900,7.14000000,b,l,
1525790439.26,18.020900,28.46200000,s,m,
1525767794.0909,18.601000,0.07079329,b,l,
1525745425.8594,18.150000,0.03909047,b,l,
1525771325.6066,18.386400,5.00000000,s,l,
1525888744.0625,17.784800,79.79254001,s,l,
1525836146.99,17.253500,109.88550000,s,m,
1525875532.9031,17.700000,0.00005563,s,l,
1525772530.3473,18.300000,24.57540000,s,l,
1525836151.259,17.356000,130.26590421,b,m,
1525864583.2978,17.914800,102.08196630,b,l,
1525868922.8049,17.849900,0.00000213,b,l,
1525775544.5763,18.150100,4.02222730,s,m,
1525802004.5384,17.968000,3.90871549,s,m,
1525887381.7989,17.960900,22.07482171,b,l,
1525838116.088,17.163100,57.22540152,s,l,
1525803368.75,18.048200,0.04967589,b,l,
1525743843.0557,17.920300,33.56200000,b,m,
1525753063.5125,18.326000,8.32000000,s,m,
1525820481.4239,17.900000,0.01477008,b,l,
1525868936.3298,17.850000,10.24282304,b,l,
1525745388.3142,18.112200,46.71996411,s,l,
1525795213.7046,18.199900,4.01637960,s,l,
1525853044.5188,17.300000,0.05912814,s,m,
1525776304.7519,18.100000,115.53850000,b,l,
1525865539.9127,18.000000,3.09824546,s,l,
1525868949.0424,17.850000,49.61870805,b,l,
1525770647.1263,18.500000,130.39630051,b,l,
1525827993.4785,17.818000,6.92000000,s,m,
1525747994.1911,18.387900,20.00000000,s,l,
1525851887.9643,17.450000,48.47131848,s,l,
1525739265.5089,17.839800,8.32000000,b,l,
1525795231.8187,18.155000,3.44300000,s,l,
1525754541.0503,18.297000,13.14701775,s,m,
1525836196.3801,17.267600,3.00000000,s,m,
1525855992.3293,17.510000,0.19984009,b,l,
1525778161.1113,18.108000,0.14432338,s,l,
1525746855.2374,18.300000,0.03987230,b,l,
1525832775.8115,17.547000,54.50681598,b,l,
1525835355.1732,17.218500,484.22230752,s,m,
1525809206.6112,18.310000,6.36242819,b,m,
1525735174.617,17.782900,10.39434425,b,l,
1525742043.1012,17.746400,10.10900000,s,m,
1525773112.268,18.100800,9.00000000,s,m,
1525828025.786,17.818300,0.01662395,s,l,
1525824042.7468,17.900000,0.13832043,b,l,
1525842057.1705,17.256400,4.78096210,s,m,
1525753063.5095,18.328000,78.70819511,s,m,
1525860048.7518,17.680600,138.70400000,b,m,
1525887392.241,17.962200,243.41380104,s,l,
1525743501.5641,17.800000,0.02859632,b,l,
1525762499.2778,18.300000,3.70000000,s,l,
1525764302.7743,18.231200,26.89906225,s,l,
1525778890.0901,17.902700,52.21800000,s,l,
1525776365.5219,18.100000,31.52622623,b,l,
1525746126.0689,18.220000,52.21800000,b,l,
1525778896.9348,17.902700,22.15954992,s,l,
1525855992.3116,17.510000,499.80008000,b,l,
1525753028.2596,18.450000,63.24940381,b,m,
1525808281.4877,18.245500,6.92000000,b,m,
1525771940.3502,18.401200,0.91278829,s,l,
1525768613.6215,18.663300,0.00000002,s,m,
1525832050.6873,17.574500,0.00000106,s,m,
1525778916.9414,17.892300,52.21800000,s,l,
1525778220.8269,18.000000,100.02701667,s,l,
1525771345.1605,18.338600,29.69087010,s,m,
1525762538.3874,18.300000,7.65770000,s,l,
1525747724.0474,18.436100,0.00000002,s,m,
1525770299.3552,18.510000,500.00000000,s,l,
1525851927.5416,17.450000,67.00000000,s,l,
1525746161.7032,18.220000,47.74381407,b,l,
1525887381.7959,17.960900,0.00000212,b,l,
1525762550.907,18.300000,29.94630000,s,l,
1525753180.678,18.411500,38.10300000,b,m,
1525778941.7681,17.880000,0.00000017,s,m,
1525770750.9502,18.446800,303.02999999,s,l,
1525762559.9147,18.300000,67.23480000,s,l,
1525795328.2359,18.155000,3.19999994,s,l,
1525767794.0793,18.601000,44.31659993,b,l,
1525869058.8271,17.877000,93.17420587,b,l,
1525770755.082,18.420000,38.40399279,b,l,
1525803524.879,18.048300,0.03522197,b,l,
1525770757.3487,18.420000,3.52610000,b,l,
1525770760.4485,18.420000,71.00142753,b,l,
1525767255.5402,18.435000,20.00000000,s,l,
1525770764.9938,18.413800,0.11261301,s,l,
1525770767.5603,18.420000,30.03003003,b,l,
1525779851.5156,17.800000,460.51751752,b,l,
1525783640.8658,17.897200,0.00000213,b,l,
1525835523.6196,17.207100,0.00401793,b,l,
1525889993.3619,17.824600,3.34482858,b,l,
1525746197.6614,18.230000,16.01272990,b,l,
1525767257.0012,18.435000,11.33904960,s,l,
1525770777.0246,18.420000,52.21800000,b,l,
1525830063.6984,17.911600,6.92527264,b,m,
1525808281.5171,18.245900,130.26590421,b,m,
1525893661.4309,17.650000,127.07820660,s,l,
1525779251.3152,17.879800,0.00000268,b,m,
1525828854.2029,17.798100,419.97000000,s,m,
1525776305.1792,18.100000,130.39630051,b,l,
1525795368.1291,18.195000,3.95713107,b,l,
1525824604.7861,17.870200,0.01885347,s,m,
1525738027.9823,17.740900,43.62755343,s,m,
1525761193.9637,18.412000,27.30300000,s,l,
1525782345.8472,17.892700,0.00014830,s,m,
1525778184.248,18.042300,3.29655951,b,l,
1525803524.8663,18.048300,198.87500218,b,l,
1525754419.4071,18.298200,0.00018687,s,m,
1525746908.5495,18.440000,0.08592110,b,l,
1525833355.9359,17.501900,7.14000000,s,l,
1525778185.0538,18.100000,54.09285300,s,l,
1525869113.7088,17.873300,31.00692693,s,l,
1525803579.7477,18.050000,230.00000000,b,l,
1525864453.9646,17.950000,120.00000000,b,m,
1525762626.9093,18.300000,1300.00000000,s,l,
1525745419.3802,18.114600,7.14000000,s,m,
1525773914.3611,18.243500,31.39025744,b,l,
1525762630.1768,18.300000,1300.00000000,s,l,
1525771361.3723,18.304300,95.15955309,s,l,
1525747727.6028,18.410900,44.98015243,s,l,
1525851916.6735,17.450000,179.13048544,s,l,
1525740484.9834,17.983500,121.68262249,b,m,
1525739271.0725,17.840000,8.06640000,b,l,
1525755638.5998,18.255100,0.09184915,b,l,
1525854693.062,17.406500,138.70400000,s,l,
1525770835.8899,18.378800,7.14000000,s,m,
1525889826.8651,17.740400,20.94173046,s,m,
1525763222.8098,18.219900,20.27620350,b,l,
1525851919.3106,17.450000,179.14118865,s,l,
1525779037.1993,17.880000,21.68153244,s,l,
1525815105.7575,17.970000,24.97594306,b,l,
1525794576.0732,18.055700,0.00012127,s,m,
1525770852.3172,18.379100,20.00000000,s,l,
1525770853.3609,18.370000,54.40874000,b,l,
1525770854.3621,18.370000,54.40962800,b,l,
1525745425.8615,18.150000,0.00005465,b,l,
1525770856.0662,18.370000,19.16626627,b,l,
1525893739.5834,17.650000,29.59222340,s,l,
1525838887.5533,17.039300,138.70400000,s,m,
1525892882.8652,17.700000,111.61766040,s,l,
1525770862.8028,18.370000,159.36106106,b,l,
1525842057.1984,17.213200,0.00217512,s,m,
1525770866.1138,18.370000,83.59479479,b,l,
1525770868.606,18.370000,31.48438438,b,l,
1525877365.7091,17.799900,20.00000000,b,l,
1525770870.3336,18.370000,43.58048048,b,l,
1525838838.9375,17.030200,50.00000000,s,m,
1525835618.0301,17.250000,346.95460476,b,l,
1525832810.3041,17.552000,161.00000000,b,l,
1525875816.835,17.752000,81.41042786,b,l,
1525806127.5283,18.228900,415.77738221,b,m,
1525839318.162,17.101100,49.82200000,s,l,
1525836420.9515,17.250000,257.17466087,s,l,
1525892886.413,17.700000,111.57618627,s,l,
1525839318.1711,17.075600,61.20840000,s,l,
1525746311.1026,18.219600,20.00000000,s,l,
1525885576.8063,17.914800,0.00000212,b,m,
1525868463.5294,17.943900,3.13274550,b,m,
1525746314.7644,18.219500,7.84421489,b,l,
1525851927.5376,17.450000,974.92151045,s,l,
1525839809.2979,17.150000,100.00000000,s,l,
1525803662.631,18.120000,5.00000000,b,m,
1525832814.9231,17.600000,10.00000000,b,l,
1525828025.7838,17.818300,6.41045126,s,l,
1525746409.6801,18.170000,52.21800000,b,l,
1525762723.6449,18.300000,27.41758241,s,m,
1525762725.1074,18.300000,44.80000000,s,l,
1525877873.1498,17.900000,0.04425635,b,m,
1525857116.7581,17.489700,3.06800000,s,m,
1525795444.7754,18.189000,9.40076000,b,l,
1525754541.0535,18.297000,0.03409361,s,m,
1525752095.8219,18.400000,0.00012537,b,l,
1525795505.895,18.155000,25.00000000,s,l,
1525795506.9751,18.155000,158.35700006,s,l,
1525886879.7457,18.008100,0.00263882,b,m,
1525747631.5102,18.487200,65.20403537,s,l,
1525776082.5931,18.136300,4.19500000,s,l,
1525777779.5607,18.150000,52.21800000,s,l,
1525776306.7213,18.100000,52.21800000,b,l,
1525746805.009,18.230000,0.00078272,b,l,
1525770945.3297,18.370600,5.58298298,s,l,
1525755369.6036,18.370100,3.24624479,b,m,
1525838838.9417,17.030000,5.87199000,s,m,
1525778161.1153,18.108000,0.00000070,s,l,
1525844683.7572,17.290000,0.00000058,s,l,
1525893846.8435,17.648800,20.00000000,b,m,
1525865593.8467,17.953300,416.11000000,s,l,
1525747459.9279,18.500000,0.53130044,b,l,
1525746395.4014,18.181900,3.40322580,s,l,
1525828025.7879,17.818300,0.00004311,s,l,
1525881941.7147,17.920000,30.81700000,s,l,
1525746400.7613,18.170000,52.21800000,b,l,
1525746641.5895,18.230000,48.00000000,b,m,
1525734164.0011,17.730200,105.01200000,s,m,
1525747787.8711,18.300000,44.69960000,b,l,
1525768191.9088,18.699900,130.26590421,b,m,
1525746408.8246,18.170000,20.00000000,b,l,
1525770985.6547,18.353000,25.00000000,s,m,
1525780511.5408,17.819200,0.36430658,s,l,
1525784217.8447,17.999700,3.68031600,b,l,
1525746419.3675,18.167800,48.82732281,s,m,
1525776361.2821,18.100000,105.73103103,b,l,
1525880851.1641,17.947700,12.97350483,b,l,
1525762817.7003,18.300000,27.41758241,s,m,
1525885699.307,18.000000,572.12800000,b,l,
1525885700.9267,18.000000,1300.00000000,b,l,
1525885701.5151,18.000000,416.11000000,b,l,
1525746438.7458,18.170000,8.00000000,b,l,
1525885703.9561,18.000000,1300.00000000,b,l,
1525746441.331,18.170000,20.00000000,b,l,
1525775793.8235,18.150000,0.00107514,s,l,
1525869698.6623,17.821700,50.13494494,s,l,
1525738256.7435,17.800500,4.03745863,b,l,
1525809624.1964,18.213700,0.05387119,s,l,
1525811986.116,18.141200,52.66000000,b,l,
1525762835.4475,18.307300,4.09484758,b,l,
1525760009.2685,18.377200,3.26523077,b,l,
1525734662.101,17.763600,20.00000000,s,l,
1525885718.43,18.000000,438.41533889,b,l,
1525778199.1545,18.000000,177.76258336,s,l,
1525746457.1848,18.170000,52.21800000,b,l,
1525885722.1974,18.000000,5386.96474444,b,l,
1525762843.0762,18.307000,3.93105368,b,l,
1525868463.5157,17.943100,3.47222222,b,m,
1525869345.187,17.865300,0.00004025,s,m,
1525820194.3028,17.903200,105.89780000,s,l,
1525779237.2725,17.851800,174.67329905,s,m,
1525820198.8181,17.900000,115.47380000,b,l,
1525851953.9528,17.449100,635.95518393,s,l,
1525780001.2105,17.783200,132.94523023,s,l,
1525746474.1199,18.170000,52.21800000,b,l,
1525746475.689,18.170000,20.00000000,b,l,
1525885741.9837,18.000000,500.00000000,b,m,
1525746901.3532,18.400000,7.77974254,b,l,
1525835258.9585,17.236400,0.00186125,s,m,
1525746824.1069,18.250000,0.00003110,b,l,
1525779251.313,17.879800,0.00335175,b,m,
1525885750.3281,18.000000,84.14889809,b,l,
1525772530.3661,18.300000,63.67486339,s,m,
1525885755.5103,18.000000,84.14889809,b,l,
1525762876.9689,18.300000,27.43265530,s,m,
1525746826.2997,18.280000,100.00000000,b,l,
1525885759.9341,18.000000,114.53594623,b,l,
1525852008.9075,17.449000,23.53624020,s,l,
1525804171.7612,18.140000,27.96085488,b,l,
1525851958.2191,17.449000,416.11000000,s,l,
1525885766.7133,18.000000,42.07444905,b,l,
1525885767.9795,18.000000,158.17768878,b,l,
1525877577.8521,17.842300,11.20934000,b,l,
1525776105.0692,18.120000,6.75940000,b,l,
1525778271.233,17.911000,2.59991625,s,l,
1525885774.6311,18.029500,13.88250000,s,l,
1525885775.3665,18.029500,28.54040053,s,l,
1525820240.7265,17.900000,0.01223571,b,l,
1525877591.2702,17.800300,10.00000000,s,m,
1525852031.7637,17.449000,5.09071848,s,l,
1525762906.3743,18.292900,19.48955058,b,m,
1525762908.9965,18.250000,12.70495630,s,l,
1525815098.3426,17.950000,57.48090000,s,l,
1525762910.1014,18.250000,115.21159769,s,l,
1525854693.0645,17.377400,1049.55190793,s,l,
1525762912.8523,18.250000,115.17600870,s,l,
1525767812.1514,18.649900,0.37833990,b,m,
1525842057.1824,17.230500,98.46674856,s,m,
1525762917.9167,18.250000,105.26734247,s,l,
1525781016.2358,17.601700,0.00002008,s,m,
1525831484.1884,17.755100,0.00002559,s,m,
1525779307.8523,17.880000,30.03003003,b,l,
1525833936.2196,17.401000,72.67105550,s,m,
1525762927.6214,18.290600,6.56505892,b,m,
1525738354.6121,17.800500,4.21336479,s,l,
1525856373.7877,17.565400,1300.00000000,b,m,
1525853044.5207,17.300000,0.00015333,s,m,
1525786430.1379,17.862200,0.02779638,s,m,
1525873288.681,17.800000,80.37234998,b,m,
1525746847.5624,18.300000,903.37040262,b,l,
1525787524.796,17.923400,4.01709496,b,l,
1525783702.5156,17.773200,0.00022355,s,m,
1525815105.7521,17.969000,0.00262722,b,l,
1525795726.9004,18.155000,100.00000000,s,l,
1525799021.5488,17.960200,1.46664635,s,m,
1525795992.0063,18.100000,0.05450065,s,m,
1525767142.1359,18.435000,30.48915650,s,l,
1525780974.3424,17.700100,25.00000000,s,l,
1525808281.5495,18.250000,50.61302760,b,m,
1525856486.6047,17.651200,0.01116425,b,m,
1525803932.9752,18.130000,6.53993409,s,l,
1525853085.3294,17.300900,0.14225929,s,m,
1525762976.3218,18.156700,10.84437363,s,m,
1525875184.4568,17.700000,28.93056672,s,m,
1525738882.9791,17.686800,55.19500000,s,m,
1525766015.0207,18.350000,5.00500501,b,l,
1525798726.6378,18.063800,2.24336692,b,m,
1525804404.7115,18.175200,0.00000210,b,l,
1525779370.4493,17.880000,22.42163163,b,l,
1525779371.4373,17.880000,45.20700000,b,l,
1525838322.3889,17.249600,7.33250000,b,m,
1525771183.9427,18.499600,6.92000000,b,m,
1525770852.3201,18.379000,54.40992400,s,l,
1525828854.2175,17.761300,0.00224627,s,m,
1525847032.3689,17.390100,25.29919920,b,l,
1525782345.8305,17.950000,27.74373000,s,m,
1525746847.581,18.300000,396.62959738,b,l,
1525854323.3637,17.368900,0.00006972,s,m,
1525778250.5848,17.920800,991.84500000,s,l,
1525750830.248,18.355200,0.00014029,s,m,
1525770252.5781,18.570600,3.00000000,b,m,
1525789674.6904,18.195400,31.71472500,b,m,
1525787588.444,17.923900,4.18302694,b,l,
1525831484.186,17.755100,0.01116043,s,m,
1525869512.4224,17.920000,25.00000000,b,m,
1525786430.1358,17.862200,11.60962170,s,m,
1525746850.5973,18.300000,692.22959738,b,l,
1525851981.6501,17.449000,108.76644210,s,l,
1525780984.656,17.570700,4.07099447,s,m,
1525778150.0432,18.118000,185.00000000,s,l,
1525851982.755,17.449000,59.10034050,s,l,
1525835849.7928,17.200000,0.11499533,b,l,
1525745152.9578,18.090000,0.03620708,b,m,
1525778255.5742,17.911000,105.54700682,s,m,
1525894112.0292,17.644200,23.84595783,b,l,
1525795813.609,18.100000,0.01120484,s,m,
1525770299.3944,18.490400,0.00000002,s,m,
1525746855.2437,18.300000,67.56677820,b,l,
1525770382.0212,18.500000,38.74200000,b,l,
1525752967.6043,18.322700,8.32000000,s,m,
1525806935.4838,18.078400,87.96372524,s,m,
1525815123.9573,18.000000,54.60444950,s,l,
1525739285.9403,17.905500,80.66313364,b,m,
1525742761.1109,17.815700,39.72620854,b,m,
1525832803.0426,17.550000,63.72681598,b,l,
1525803368.7476,18.048200,31.11232411,b,l,
1525835421.0645,17.140100,119.53599924,s,m,
1525806935.4799,18.078500,63.21600000,s,m,
1525838338.0276,17.150000,29.09620000,s,m,
1525843576.8034,17.389400,6.86059873,b,l,
1525748227.1441,18.380000,81.30923565,s,m,
1525858703.5542,17.686100,43.49103679,b,m,
1525738521.7338,17.800500,4.20000000,b,m,
1525796385.9613,18.050000,0.00134151,s,m,
1525778267.3404,17.918200,12.82660000,b,l,
1525885988.9768,17.999900,0.00000211,b,l,
1525815105.7541,17.969000,0.00000210,b,l,
1525787686.1224,17.880700,52.21800000,s,l,
1525871859.4243,17.773600,0.00026405,s,l,
1525888860.2666,17.784800,0.14743236,s,m,
1525748660.9231,18.439800,0.08179496,b,l,
1525886621.3605,17.947100,0.00006829,s,m,
1525765474.4778,18.340000,0.00189963,s,l,
1525773112.2731,18.099500,255.48525793,s,m,
1525780750.8283,17.794600,46.95765812,s,m,
1525778295.8441,17.880000,18.00000000,s,m,
1525750744.5494,18.474300,121.99524364,b,m,
1525746868.0729,18.330000,0.31767555,b,l,
1525778271.2378,17.904900,133.86680098,s,l,
1525817576.5848,18.026000,25.00000000,b,m,
1525779518.9649,17.880000,100.74570000,b,l,
1525779519.9859,17.880000,104.40470616,b,l,
1525820481.432,17.900000,0.00000992,b,l,
1525779525.7817,17.881000,15.00000000,b,m,
1525747994.629,18.380000,6.34914915,b,l,
1525809206.5997,18.304900,138.70400000,b,l,
1525771339.7385,18.338600,44.05342093,s,m,
1525745506.5795,18.210000,0.07500572,b,l,
1525817444.9982,17.970000,5.62948134,b,l,
1525771345.1641,18.329400,55.10381621,s,m,
1525772891.7484,18.141700,55.12162500,s,l,
1525771350.8165,18.303600,0.11156677,s,l,
1525867325.2357,18.059600,2.77891069,b,l,
1525845083.103,17.300100,3.20000000,s,m,
1525773066.2796,18.053700,228.63019441,s,l,
1525832890.5401,17.619400,15.00000000,s,m,
1525786798.9369,17.880400,0.00060662,s,m,
1525771361.3742,18.304300,0.20877391,s,l,
1525808315.5661,18.242900,24.22275300,b,m,
1525779558.1318,17.881000,485.00000000,b,l,
1525774205.9358,18.244000,13.55831356,b,l,
1525778873.8194,17.902700,49.80228110,s,m,
1525832892.1269,17.710100,9.00000000,b,l,
1525779562.447,17.888100,43.52652881,b,l,
1525858525.5461,17.652000,6.92000000,b,m,
1525894252.6608,17.600000,3.00000000,s,m,
1525878438.8753,17.930100,8.32000000,b,m,
1525754541.0278,18.297100,46.81880000,s,m,
1525779569.5022,17.888100,27.91780000,b,l,
1525895048.4098,17.647400,57.02787076,b,l,
1525746804.9879,18.230000,1225.06691403,b,l,
1525746805.006,18.230000,0.97927011,b,l,
1525787767.435,17.880700,52.21800000,s,l,
1525894264.5456,17.640900,3.00000000,b,m,
1525748649.8433,18.390000,107.50508583,b,m,
1525854741.1201,17.478600,4.59999999,b,l,
1525869698.6493,17.821800,4.85567021,s,l,
1525755011.0679,18.377300,3.91304347,b,l,
1525815105.7257,17.968900,57.10995929,b,l,
1525746822.4027,18.250000,118.58838761,b,l,
1525779591.1793,17.888100,85.71440000,b,l,
1525746824.1049,18.250000,0.03134888,b,l,
1525746826.294,18.276800,0.00063622,b,l,
1525804171.7658,18.140000,0.00005465,b,l,
1525896140.0265,17.589900,3.35545698,b,l,
1525746882.0876,18.390000,0.05195686,b,l,
1525864301.0934,17.874000,45.19494797,s,l,
1525781016.2336,17.601700,0.01138077,s,m,
1525856486.6066,17.651200,0.00001783,b,m,
1525784217.851,17.999800,8.32000000,b,l,
1525763222.8046,18.219200,0.00328345,b,l,
1525795991.981,18.100000,45.36400000,s,m,
1525795992.0035,18.100000,21.01629024,s,m,
1525845147.0274,17.349900,14.00000000,b,l,
1525848159.8763,17.338300,138.70400000,s,l,
1525746885.2839,18.400000,570.38185997,b,l,
1525806668.0893,18.200000,114.08150000,b,l,
1525746850.5721,18.300000,4.40000000,b,l,
1525746851.536,18.300000,1300.00000000,b,l,
1525746852.7958,18.300000,178.21981982,b,l,
1525746854.8652,18.300000,1300.00000000,b,l,
1525746855.2288,18.300000,0.00002907,b,l,
1525891641.524,17.737400,0.00000214,b,m,
1525763243.3181,18.234600,5.00500501,b,l,
1525837051.8577,17.389700,130.26590421,b,m,
1525827442.7925,17.940400,8.32000000,b,m,
1525755057.2534,18.370900,3.61048724,b,m,
1525746867.2186,18.330000,225.00000000,b,m,
1525746868.0775,18.330000,0.00000033,b,l,
1525834270.2064,17.400300,8.32000000,s,l,
1525770750.9543,18.438200,20.00000000,s,l,
1525746871.7135,18.350000,877.84693084,b,l,
1525746872.9325,18.367900,0.00000958,b,l,
1525819252.6108,18.079800,5.00000000,b,m,
1525798358.1728,18.152500,4469.81208795,b,m,
1525748255.8593,18.380000,27.50468435,s,l,
1525746876.2925,18.390000,27.22400000,b,m,
1525746878.9489,18.390000,52.21800000,b,l,
1525852021.9448,17.449000,1300.00000000,s,l,
1525746882.0897,18.390000,0.00008057,b,l,
1525746885.2792,18.400000,32.61814003,b,l,
1525746886.3342,18.400000,100.00000000,b,l,
1525763271.6836,18.234600,4.11036206,b,l,
1525852023.9689,17.449000,1300.00000000,s,l,
1525746893.6819,18.399200,4.04324018,b,l,
1525746894.9478,18.400000,0.00002273,b,l,
1525746893.9885,18.399200,4.02684563,s,l,
1525746896.6182,18.400000,20.00000000,b,l,
1525746897.2808,18.399200,4.03745863,s,l,
1525746899.5191,18.399200,60.00000000,s,l,
1525746900.1284,18.400000,10.01001001,b,l,
1525746894.9312,18.400000,280.65242250,b,l,
1525771345.1705,18.320400,50.20531369,s,m,
1525746908.5788,18.450000,50.00000000,b,m,
1525733345.7034,17.700000,14.96110140,s,l,
1525739020.9624,17.743400,216.34797319,s,m,
1525837024.7688,17.391800,3.50000000,b,m,
1525763298.8465,18.230400,6.92000000,s,l,
1525842470.8649,17.300000,0.00000001,s,m,
1525746918.7728,18.450000,91.40402710,b,m,
1525845227.1795,17.398000,226.49615473,b,l,
1525804268.0224,18.140000,416.11000000,s,l,
1525832448.6093,17.500000,453.68383428,s,l,
1525774205.925,18.243900,8.56819462,b,l,
1525748568.7952,18.326700,0.00002012,s,m,
1525787891.7714,17.828200,0.00000077,s,m,
1525828854.1708,17.834600,7.96857119,s,m,
1525763319.3562,18.230300,7.57810000,s,l,
1525886200.1469,17.974800,151.60582486,s,l,
1525853044.5083,17.300800,7.14000000,s,m,
1525886203.3242,18.048100,29.44796977,b,l,
1525763285.2597,18.234600,8.41499999,b,l,
1525864320.1683,17.872100,134.30736175,s,l,
1525746868.0753,18.330000,0.00038075,b,l,
1525886211.9262,18.048100,0.61832284,b,l,
1525886212.5369,18.050000,59.62441343,b,l,
1525763334.8714,18.230700,7.14000000,s,l,
1525779720.3067,17.993500,4.00122259,b,l,
1525852034.4613,17.449000,6.62457324,s,l,
1525886222.8451,18.050000,6.00000000,b,l,
1525823857.5628,17.920000,0.99677285,b,m,
1525762927.6333,18.290600,0.00000420,b,m,
1525747019.8094,18.404300,4.04258186,b,l,
1525853463.684,17.403900,42.97922835,b,l,
1525853464.593,17.403900,153.87694690,b,l,
1525832814.9124,17.574400,35.09040608,b,l,
1525748660.9174,18.400000,108.69565000,b,l,
1525767937.1047,18.610300,3.99292365,b,m,
1525853469.3254,17.403900,177.84904864,b,l,
1525853471.3663,17.403900,35.30307747,b,l,
1525767963.1565,18.639600,20.00000000,b,m,
1525880977.1141,18.000000,0.00002426,b,l,
1525763364.4876,18.234600,26.88688689,b,l,
1525853478.2555,17.403900,6.67778779,b,l,
1525806127.5252,18.228200,130.26590421,b,m,
1525780511.5427,17.819200,0.00094474,s,l,
1525892872.3617,17.700000,8.96522580,s,l,
1525835490.7288,17.141700,44.15548000,s,m,
1525746910.7997,18.450000,500.00000000,b,m,
1525853494.386,17.403900,14.55035035,b,l,
1525853495.8372,17.403900,40.14013789,b,l,
1525853496.6662,17.403900,6.89019302,b,l,
1525853497.422,17.403900,38.82469464,b,l,
1525842057.167,17.291300,393.52000000,s,m,
1525775693.4339,18.150100,4.02222730,s,l,
1525746912.8696,18.450000,25.54838247,b,l,
1525861698.0804,17.690200,0.00000216,b,l,
1525861700.2228,17.696000,0.01922692,b,l,
1525796166.2706,18.100000,5.30670000,s,l,
1525779349.2359,17.800300,142.03478308,s,l,
1525889054.6219,17.839200,4.06333555,b,l,
1525747019.8222,18.404400,4.04494382,b,l,
1525796172.9707,18.100000,323.62237000,s,l,
1525763298.8561,18.230000,45.29800000,s,l,
1525853519.6751,17.403900,15.47411474,b,l,
1525763409.7976,18.234600,17.71596905,b,l,
1525747031.984,18.411900,3.35842825,b,l,
1525807462.5598,18.250000,14.71080000,b,m,
1525747034.754,18.416400,4.02853544,b,l,
1525806127.5218,18.206100,403.29000000,b,m,
1525781050.7528,17.696800,44.89579914,b,l,
1525763422.4102,18.252600,10.00003095,b,l,
1525800165.4971,18.074100,8.32000000,b,m,
1525767812.1869,18.750000,0.02904130,b,m,
1525779669.767,17.888100,0.02175455,b,l,
1525778220.8323,18.000000,26.77777000,s,l,
1525853542.8288,17.403900,9.27006328,b,l,
1525853543.8593,17.403900,9.27006328,b,l,
1525747786.8902,18.300000,45.97098116,b,l,
1525755247.9402,18.372200,4.08225471,s,l,
1525796210.6175,18.100000,3.51576197,b,m,
1525804404.7096,18.175200,0.00262888,b,l,
1525888860.269,17.784800,0.00038233,s,m,
1525832425.3095,17.500000,0.00051468,s,m,
1525767408.2183,18.351000,8.32000000,s,m,
1525812606.0617,18.030400,6.92000000,s,m,
1525868437.5737,17.943900,6.26549100,b,m,
1525800861.4349,18.000000,0.21089958,b,l,
1525796787.7233,18.042600,0.34130695,s,l,
1525738882.9718,17.714700,154.40016429,s,m,
1525845227.1735,17.397400,7.14000000,b,l,
1525797687.319,18.020400,0.00000012,s,m,
1525771653.953,18.350000,4.99489918,s,l,
1525796230.0565,18.070000,0.00004025,s,m,
1525773669.1587,18.200000,105.78200000,b,l,
1525779850.4619,17.812800,6.13216600,s,l,
1525779851.5065,17.800000,3.02626960,b,l,
1525779852.5133,17.800000,116.31190000,b,l,
1525779854.9772,17.800000,116.31190000,b,l,
1525788048.1308,17.837600,10.76918282,s,m,
1525778328.1596,17.880000,52.21800000,s,l,
1525851958.7056,17.449000,116.27280100,s,l,
1525882094.9823,17.920000,25.37850000,s,l,
1525779862.5002,17.800000,16.55280000,b,l,
1525779863.9647,17.800000,7.53031024,b,l,
1525738906.582,17.783400,20.00000000,s,l,
1525831933.3217,17.641500,0.10411152,s,m,
1525853598.9088,17.403900,1299.48402213,b,l,
1525758394.9767,18.295000,6.92000000,b,m,
1525763312.4252,18.234600,14.91118716,b,l,
1525734662.1094,17.711000,0.00579832,s,l,
1525808281.5618,18.284700,35.26900000,b,m,
1525779877.4191,17.797600,38.36100000,s,l,
1525877873.1544,17.931200,12.00900000,b,m,
1525763499.2382,18.230600,6.50049938,b,l,
1525781581.3726,17.909000,7.14000000,b,m,
1525776671.6711,18.120000,52.21800000,b,l,
1525874894.0446,17.700000,0.00032196,s,m,
1525787891.7593,17.828500,36.71900000,s,m,
1525839821.9783,17.150000,0.00003932,b,l,
1525808281.5595,18.268400,0.01288932,b,m,
1525854693.0687,17.377400,0.00505755,s,l,
1525838887.5644,17.021200,1.24880727,s,m,
1525887787.4449,17.800000,241.56760205,s,m,
1525864583.3065,17.914900,1.76636285,b,l,
1525779908.0329,17.800000,12.94774775,b,l,
1525828854.2156,17.761300,0.86619575,s,m,
1525738882.9841,17.686800,0.56949092,s,m,
1525781069.8934,17.604700,2.22600000,s,l,
1525829072.9738,17.802100,6.35648833,s,m,
1525738961.1828,17.839600,4.73482497,b,l,
1525747157.8848,18.450000,94.00000000,b,m,
1525779928.0262,17.790600,3.00000000,s,l,
1525749668.9566,18.326600,3.27100566,b,l,
1525755354.0614,18.370000,52.21800000,s,l,
1525732209.7838,17.780000,130.11969901,b,m,
1525779936.7597,17.788700,11.90080079,b,l,
1525779938.0674,17.788700,130.39630051,b,l,
1525837051.866,17.390400,130.26590421,b,m,
1525753766.8476,18.300000,49.72677594,s,m,
1525755366.3937,18.370000,3.24443606,s,l,
1525812712.5468,18.020000,0.02388522,s,m,
1525755369.6168,18.370100,0.00000208,b,m,
1525798358.1671,18.132600,273.58440935,b,m,
1525755372.4571,18.370000,52.21800000,s,l,
1525779949.9554,17.788700,52.46146146,b,l,
1525796334.8161,18.070000,104.68068000,s,l,
1525838322.3916,17.249800,85.74750000,b,m,
1525755380.9984,18.370000,52.21800000,s,l,
1525770945.3263,18.370700,25.64100000,s,l,
1525799561.4265,17.902000,4.18562699,s,m,
1525779967.5912,17.800000,30.03003003,b,l,
1525837312.6385,17.400000,0.00002512,b,l,
1525835421.0888,17.140100,0.00030115,s,m,
1525779972.2329,17.800000,52.12053708,b,l,
1525781461.5585,17.751200,44.59800000,s,l,
1525755399.2251,18.370000,107.83046160,s,l,
1525799258.4147,17.900000,0.13572500,s,m,
1525755401.6062,18.370000,232.27110234,s,l,
1525779978.5579,17.800000,11.85920666,b,l,
1525771787.0608,18.400700,0.00258831,b,l,
1525739020.9477,17.748900,119.85180000,s,m,
1525771790.6655,18.401100,3.40998660,s,l,
1525804559.7869,18.174600,92.25575804,b,m,
1525804560.8491,18.174600,104.41599307,b,l,
1525742851.2162,17.814900,7.14000000,b,m,
1525888788.7614,17.799600,0.00264842,b,l,
1525886212.5289,18.050000,62.20431582,b,l,
1525779994.4108,17.800000,28.07631902,b,l,
1525894683.9524,17.635200,10.00000000,b,l,
1525773674.2909,18.250000,36.97538760,s,l,
1525788191.2609,17.900000,111.73184000,b,l,
1525747232.7427,18.450000,75.00000000,b,m,
1525780001.4982,17.750000,106.58430000,b,l,
1525772891.751,18.141600,55.12192900,s,l,
1525780004.0274,17.750000,106.58430000,b,l,
1525763334.8779,18.230100,45.07800000,s,l,
1525741505.6711,17.829300,13.56971086,b,l,
1525747244.8,18.450000,0.00001143,b,l,
1525832050.667,17.610000,50.00000000,s,m,
1525788210.8528,17.927600,7.14016000,b,l,
1525794679.0829,18.150000,6.52148200,b,m,
1525850718.8168,17.449800,4.58185703,b,l,
1525747261.5105,18.450000,113.09070000,b,l,
1525750830.2253,18.355300,70.76600000,s,m,
1525747263.4816,18.450000,52.21800000,b,l,
1525856373.8524,17.722800,43.91000000,b,m,
1525754419.405,18.298200,0.07206079,s,m,
1525779850.4708,17.810000,1003.50000000,s,l,
1525742851.2258,17.815300,8.32000000,b,m,
1525835703.765,17.211400,153.03366702,s,l,
1525749784.3343,18.340000,0.00028378,b,l,
1525879788.8953,17.916800,0.00000213,b,m,
1525863253.858,17.800000,0.00000669,b,l,
1525771857.5694,18.401100,3.34944669,s,l,
1525870164.4351,17.850000,49.99074355,b,l,
1525870168.7644,17.835300,0.00000002,s,l,
1525866020.571,17.800000,80.00000000,s,m,
1525851927.2577,17.450000,99.48279652,s,l,
1525853789.0452,17.403900,3.00300300,b,l,
1525747294.5512,18.452200,4.02236884,b,l,
1525818866.0591,18.000000,18.18218402,b,l,
1525865604.57,17.953300,67.88998904,s,l,
1525733307.778,17.765100,41.74880644,s,l,
1525736172.3435,17.762500,61.92792087,s,l,
1525880880.1427,17.970000,23.60700000,b,l,
1525873695.8304,17.779900,34.23298128,b,l,
1525887787.4506,17.800000,0.00116406,s,m,
1525768102.5786,18.774200,18.60866476,b,m,
1525854693.0666,17.377400,2.30394552,s,l,
1525747313.2841,18.423000,43.45613643,s,l,
1525870196.5398,17.959700,9.00000000,b,m,
1525746826.2959,18.276800,0.00000076,b,l,
1525756521.6541,18.257400,5.00000000,b,l,
1525804665.6118,18.180000,416.11000000,s,l,
1525757747.4154,18.350000,52.86000000,b,m,
1525804670.7216,18.180000,5.60000000,s,l,
1525809139.5292,18.269900,0.22158062,b,l,
1525733312.5631,17.765100,96.76194336,s,l,
1525838627.0951,17.066200,0.01780008,s,m,
1525763716.8055,18.274500,20.00000000,b,l,
1525741505.6608,17.829200,3.42754710,b,l,
1525811138.3724,18.170000,53.52962576,s,l,
1525747344.284,18.499900,245.00000000,b,m,
1525887701.318,17.880000,34.84640000,s,l,
1525763731.0229,18.274800,3.15800000,s,l,
1525737223.4192,17.844200,3.68925427,b,m,
1525869058.8332,17.877000,0.09308113,b,l,
1525747352.8033,18.499900,4.01800000,b,l,
1525886621.3586,17.947100,0.03643508,s,m,
1525747764.3948,18.402100,16.64490000,s,l,
1525776679.9546,18.120000,41.17697698,b,l,
1525837475.3831,17.445600,8.32000000,b,m,
1525870244.0397,17.900000,25.00000000,b,l,
1525746419.3746,18.167800,0.00023289,s,m,
1525755558.427,18.315000,85.64404586,s,l,
1525853468.4032,17.403900,132.64351630,b,l,
1525836146.9955,17.253000,243.05450000,s,m,
1525792501.0796,18.110000,50.00000000,b,m,
1525747381.0083,18.499900,154.70422222,b,l,
1525747383.8759,18.500000,0.03828862,b,l,
1525747385.1383,18.500000,4.34135673,b,l,
1525747386.6943,18.500000,30.13516349,b,l,
1525747387.2459,18.500000,50.05005005,b,l,
1525747389.4036,18.500000,112.74800000,b,l,
1525780158.5697,17.795200,107.50473629,s,m,
1525747391.8759,18.500000,26.93293293,b,l,
1525780984.59,17.600500,5.22601736,s,l,
1525829316.1441,17.867000,91.90272992,s,m,
1525747397.2275,18.500000,52.21800000,b,l,
1525834783.7211,17.400000,0.03156617,b,l,
1525794576.0752,18.055700,0.00000032,s,m,
1525809139.5313,18.269900,0.00022136,b,l,
1525812941.8801,18.050000,55.40166000,s,l,
1525839821.9709,17.150000,41.15750564,b,l,
1525747408.8641,18.496700,3.34414607,b,l,
1525747409.6944,18.500000,122.11736100,b,l,
1525747411.6734,18.500000,3.78508474,b,l,
1525747412.6551,18.500000,122.11736100,b,l,
1525739222.127,17.780000,25.00000000,b,l,
1525781113.233,17.605600,0.13965178,s,l,
1525837529.5946,17.442400,5.02000000,b,m,
1525821146.7432,18.048300,4.13293115,b,l,
1525747419.7252,18.500000,80.08008008,b,l,
1525852031.2451,17.449000,398.90000000,s,l,
1525747425.9356,18.500000,52.21800000,b,l,
1525821154.3083,17.928200,7.14000000,s,l,
1525780195.1347,17.797300,44.43188100,s,m,
1525821156.1246,17.923900,105.74960000,b,l,
1525843513.9186,17.370000,34.18572251,b,l,
1525751388.3484,18.499700,184.59068191,b,m,
1525747432.1847,18.500000,1300.00000000,b,l,
1525747433.1591,18.500000,3.44400000,b,m,
1525886700.1561,17.947300,138.70400000,s,l,
1525757906.4486,18.349500,6.48498113,b,l,
1525739247.4034,17.810300,9.00000000,b,l,
1525894897.143,17.649700,3.85541489,b,l,
1525796595.2724,18.108200,5.00000000,b,m,
1525747445.2292,18.500000,27.57461463,b,l,
1525755638.5966,18.255100,92.76815085,b,l,
1525796600.571,18.108200,3.97609922,b,l,
1525747450.82,18.500000,35.00000000,b,m,
1525806935.4888,18.078400,0.00058721,s,m,
1525747453.3379,18.500000,52.21800000,b,l,
1525739262.6831,17.840000,1292.86000000,b,l,
1525739265.513,17.840000,1291.68000000,b,l,
1525747458.2852,18.500000,200.00000000,b,l,
1525747459.9236,18.500000,886.03203612,b,l,
1525805697.3438,18.178100,3.28140399,b,l,
1525796617.3374,18.050000,50.00000001,s,l,
1525767408.2229,18.350800,1.23002630,s,m,
1525797687.3106,18.020600,7.14000000,s,m,
1525745040.9932,18.000000,18.78200000,b,l,
1525739285.9504,17.949800,22.37760000,b,m,
1525850756.2043,17.450000,9.69225388,b,l,
1525880886.3384,17.970000,0.00097051,b,l,
1525753028.245,18.420600,0.00259014,b,m,
1525838605.5987,17.100000,1000.00000000,s,m,
1525780001.9181,17.750000,110.79616893,b,l,
1525829419.431,17.867000,47.20920000,s,l,
1525897701.8041,17.650000,37.52741254,b,l,
1525741234.2079,17.893300,3.00000000,s,l,
1525733857.1446,17.879000,12.01557240,b,l,
1525864453.9678,17.975200,3.08687275,b,m,
1525768102.5726,18.731500,7.14000000,b,m,
1525786591.1914,17.851600,3.00000000,s,m,
1525748042.3709,18.380000,0.01771292,b,l,
1525834378.6443,17.400000,127.08067050,b,l,
1525796672.6962,18.075400,0.00261290,b,l,
1525829316.1521,17.867000,0.00061263,s,m,
1525821250.3542,18.000000,115.42270000,b,l,
1525836151.2827,17.405000,43.93709579,b,m,
1525745860.3153,18.199000,4.81761238,s,l,
1525887707.4491,17.880000,75.16103783,s,l,
1525762017.646,18.300000,4.31264594,s,l,
1525746908.5568,18.450000,4.00000000,b,m,
1525778184.2508,18.042300,0.00263514,b,l,
1525855992.3014,17.509900,3.38374853,b,l,
1525821270.2562,18.000000,5.01880000,b,l,
1525747543.5533,18.479800,2.55338054,s,m,
1525879916.9679,17.954800,13.02136110,b,l,
1525746308.4425,18.230000,500.00000000,b,l,
1525841982.5438,17.369400,7.14000000,b,m,
1525823461.6122,17.950000,48.96935000,b,l,
1525747552.5882,18.517500,20.00000000,b,l,
1525837670.2597,17.397200,15.00000000,b,l,
1525760046.9589,18.399900,11.07731160,b,m,
1525878639.001,17.810100,6.65865866,b,l,
1525835421.0734,17.140100,0.00000133,s,m,
1525751388.3505,18.499700,0.14755451,b,m,
1525878644.5997,17.810100,0.48134134,b,l,
1525821302.7345,18.000000,18.60000000,b,m,
1525750499.9487,18.397600,6.92000000,b,l,
1525780345.5233,17.808000,0.00086539,s,m,
1525737450.4817,17.878300,9.00000000,b,m,
1525742043.09,17.800000,102.78200000,s,m,
1525747784.9094,18.300000,81.34197820,s,l,
1525833489.9893,17.400000,0.01470006,s,m,
1525846678.7524,17.371200,2.99222028,s,m,
1525770804.3473,18.420000,52.21800000,b,l,
1525779777.2804,17.950000,105.83691428,s,l,
1525838605.5794,17.115000,32.75613205,s,m,
1525766124.509,18.350000,3.26576577,b,l,
1525782355.9535,18.000000,91.68000000,b,m,
1525861698.0781,17.690200,0.00269645,b,l,
1525752058.3098,18.339300,211.18467612,s,m,
1525867251.1123,17.914300,11.00000000,b,m,
1525861700.2247,17.696000,0.00000906,b,l,
1525881163.6321,18.000000,220.00000000,b,l,
1525838609.056,17.088700,110.94530000,s,m,
1525774267.2329,18.295400,130.26590421,b,m,
1525886879.7486,18.008100,0.00000211,b,m,
1525747616.8814,18.588600,6.92000000,b,m,
1525821345.3313,18.000000,26.83060000,b,l,
1525790054.6555,18.060700,11.89419919,b,l,
1525772198.4153,18.402600,6.92000000,b,l,
1525895080.8867,17.650000,416.11000000,b,l,
1525781148.2986,17.709500,0.00268107,b,l,
1525878699.1143,17.826100,9.00000000,s,l,
1525831666.957,17.750900,14.00000000,s,m,
1525756573.479,18.257400,4.50000000,b,l,
1525767753.8783,18.600000,4.82000000,b,m,
1525773914.3462,18.230200,3.40124157,b,l,
1525796787.7257,18.042600,0.00054522,s,l,
1525765185.9441,18.395600,6.92000000,b,m,
1525752058.3071,18.339400,132.98855696,s,m,
1525866161.6749,17.899900,31.22952800,b,m,
1525837757.6159,17.239400,130.13283135,s,l,
1525747646.2287,18.460300,52.21800000,s,l,
1525832425.2637,17.500000,3.37069714,s,m,
1525739458.787,18.000000,52.21800000,s,l,
1525747019.8269,18.404400,4.03246131,b,l,
1525792895.0625,18.002900,1.00470188,s,m,
1525747655.7826,18.460300,39.83000000,s,l,
1525771350.8092,18.320300,10.00000000,s,l,
1525821387.7101,18.000000,18.19540000,b,l,
1525891641.5217,17.737400,0.00267331,b,m,
1525775693.4432,18.150000,0.00000055,s,l,
1525838338.0211,17.150100,67.87673390,s,m,
1525821396.3201,18.000000,5.11910000,b,l,
1525767812.1581,18.650000,270.00000000,b,m,
1525770750.947,18.447700,203.07870659,s,l,
1525767142.1229,18.435000,69.51084350,s,l,
1525886939.0706,17.947200,29.00000000,s,l,
1525739485.3409,18.000000,12.80497030,s,l,
1525772254.6182,18.418500,51.68500000,b,m,
1525817341.836,17.900000,111.73184000,b,l,
1525886621.3566,17.947100,18.25397522,s,m,
1525854179.4347,17.370900,107.14095952,b,l,
1525869156.8112,17.986400,0.00000250,b,m,
1525772261.4505,18.418300,8.32000000,b,l,
1525878758.3774,17.826100,9.00000000,b,l,
1525739495.8159,18.000000,4.30352432,s,l,
1525783298.3257,17.807500,32.78787656,s,l,
1525848159.8895,17.300200,0.06586859,s,l,
1525747693.7573,18.447000,52.21800000,s,l,
1525878438.8794,17.930300,79.25118933,b,m,
1525886962.7305,17.947200,10.95503400,s,l,
1525854195.0563,17.400000,211.13317927,b,l,
1525750039.7714,18.300000,0.13579386,b,l,
1525835490.7207,17.141800,44.15463900,s,m,
1525772284.4572,18.417900,7.14000000,b,l,
1525780001.2249,17.750400,120.58485714,s,l,
1525751125.8038,18.497400,13.69902650,b,m,
1525747712.3758,18.447000,52.21800000,s,l,
1525778873.8223,17.902700,0.09940575,s,m,
1525739523.8453,18.000000,230.67350538,s,l,
1525772292.621,18.418300,8.32000000,b,l,
1525792086.8661,18.073100,54.83477475,b,l,
1525747719.3357,18.447000,52.21800000,s,l,
1525747724.0453,18.436100,62.99099292,s,m,
1525870606.4093,17.840400,9.00000000,s,l,
1525747727.5963,18.436000,145.00000000,s,l,
1525747730.7248,18.459900,4.06286057,b,l,
1525831933.3039,17.698500,21.24700000,s,l,
1525838887.5666,17.021200,0.00273887,s,m,
1525764119.1153,18.260300,3.94298012,s,l,
1525895192.4391,17.650000,16.63154130,b,l,
1525825230.2767,17.797900,0.00265649,b,l,
1525739546.5003,17.998100,3.99416408,b,l,
1525771787.0629,18.400700,0.00000207,b,l,
1525871352.5162,17.840000,58.25560000,s,l,
1525780511.5388,17.819200,140.48222422,s,l,
1525776419.376,18.100000,8.86790828,b,l,
1525864454.0124,18.099700,991.84500000,b,m,
1525776097.6225,18.120000,4.91900000,b,l,
1525780511.5446,17.819200,0.00000245,s,l,
1525874621.9145,17.750000,1300.00000000,s,l,
1525751133.1685,18.497600,6.92000000,b,l,
1525874894.0423,17.700000,0.12415356,s,m,
1525772338.8425,18.403000,4.07542248,s,l,
1525743843.0479,17.880000,0.03533494,b,m,
1525747764.7295,18.400000,65.69141863,b,l,
1525746855.2246,18.300000,29.52106216,b,l,
1525838887.5469,17.061000,4.07063282,s,m,
1525805115.6503,18.188900,109.89220349,b,l,
1525850805.2989,17.450000,110.71830000,s,l,
1525823066.1105,17.950000,115.45260000,b,l,
1525776370.929,18.100000,20.00000000,b,l,
1525747784.9021,18.303100,1300.00000000,s,l,
1525770252.5454,18.570600,8.60700400,b,m,
1525747786.9011,18.300000,32.73530000,b,l,
1525747787.8505,18.300000,44.60980981,b,l,
1525747791.9291,18.382800,5.00000000,s,m,
1525770852.3233,18.379000,6.92000000,s,l,
1525762062.0605,18.300000,1959.89825065,s,l,
1525803295.4256,17.940000,10.00000000,s,m,
1525823885.5221,17.912100,167.15155874,s,l,
1525878873.3249,17.800000,0.00056959,s,l,
1525837916.8357,17.238000,25.00000000,s,l,
1525741505.6643,17.829200,0.00273985,b,l,
1525851982.6934,17.449000,46.57980000,s,l,
1525747019.8174,18.404300,4.03506018,b,l,
1525895271.1851,17.650000,416.11000000,b,l,
1525747816.2906,18.383200,30.00000000,s,l,
1525867196.8673,17.814300,49.28865350,b,l,
1525833355.9482,17.501400,0.10649350,s,l,
1525842057.1635,17.291700,991.84500000,s,m,
1525781796.4972,17.815200,19.92769134,s,l,
1525854323.3615,17.368900,0.03176010,s,m,
1525813365.1778,18.047400,12.25463310,s,l,
1525762906.3793,18.305900,245.66135508,b,m,
1525833065.0907,17.689100,231.61973633,b,m,
1525838338.0405,17.128200,5.90147363,s,m,
1525842623.7867,17.290000,5.16637439,s,l,
1525805180.0269,18.102600,8.32000000,s,m,
1525865622.0173,17.953300,7.16220246,s,l,
1525835421.0907,17.140100,0.00000071,s,m,
1525895302.6682,17.650000,3.29510283,b,l,
1525877954.3261,17.910000,44.50238414,s,l,
1525780623.1034,17.826800,4.88539305,s,l,
1525846160.1018,17.398000,11.50384527,b,m,
1525749784.3276,18.340000,197.54494606,b,l,
1525854323.3584,17.368900,14.46817003,s,m,
1525895318.3067,17.649900,16.37100000,b,l,
1525747863.2993,18.434400,21.32977627,b,l,
1525783919.7263,17.999500,20.00000000,b,l,
1525806935.4614,18.078700,9.00000000,s,m,
1525747870.986,18.434500,374.37142078,b,l,
1525776271.6181,18.090900,8.72875000,s,m,
1525788833.9764,17.927600,52.21800000,b,l,
1525846179.952,17.321200,22.08763138,s,m,
1525788836.9601,17.927600,4.01615386,b,l,
1525797029.6985,18.087700,4.14644123,b,l,
1525747878.8856,18.434800,20.56749200,b,m,
1525735779.4968,17.700100,1300.00000000,s,l,
1525867602.271,18.007000,182.00000000,b,l,
1525796210.7226,18.131800,1.47900000,b,m,
1525789674.6793,18.193300,8.32000000,b,m,
1525887719.7196,17.877900,62.68891653,b,l,
1525748255.8683,18.347400,37.07976597,s,l,
1525889054.6036,17.839100,4.06333555,b,l,
1525806001.6709,18.089400,8.32000000,s,m,
1525850825.6239,17.450000,25.28269200,s,l,
1525804404.7146,18.175200,0.67004082,b,l,
1525893151.437,17.700000,70.59391622,s,l,
1525764284.2565,18.230700,0.00021082,s,l,
1525838538.4179,17.133100,6.92000000,s,l,
1525747904.6531,18.385400,4.23897866,s,l,
1525747764.392,18.410900,7.12417496,s,l,
1525878982.3603,17.800000,389.79989326,s,l,
1525895371.2371,17.617900,4.10120957,s,m,
1525756109.394,18.220000,7.92713163,s,l,
1525764302.7881,18.231200,0.00015420,s,l,
1525885576.8023,17.914800,3.31991228,b,m,
1525829072.9706,17.802700,7.14000000,s,m,
1525754541.0574,18.297000,0.00000023,s,m,
1525780695.8124,17.937400,6.48189255,b,l,
1525828854.1949,17.800000,701.23338202,s,m,
1525756128.7542,18.220000,52.21800000,s,l,
1525749798.9414,18.397400,3.00000000,b,m,
1525842641.1742,17.290000,237.47612168,s,l,
1525788906.1438,17.927600,0.00009227,b,l,
1525776153.9065,18.100000,843.94931397,b,l,
1525747954.9519,18.385600,108.87316000,s,l,
1525832892.121,17.710000,130.26590421,b,l,
1525772533.4923,18.243100,103.92480000,s,l,
1525772534.0741,18.227300,27.47687993,b,l,
1525739767.5345,17.900000,52.21800000,s,l,
1525747784.9154,18.300000,212.89004372,s,l,
1525781204.2746,17.695400,292.85920000,s,m,
1525838838.9474,17.028400,115.93387093,s,m,
1525756155.6516,18.220000,20.00000000,s,l,
1525752967.6125,18.322500,0.00050462,s,m,
1525862653.2175,17.710000,104.00000000,s,m,
1525887701.2218,17.880000,3.64140000,s,l,
1525732209.7906,17.799000,43.44451200,b,m,
1525813508.3827,18.010000,6.97417000,s,l,
1525871355.4047,17.798300,109.21431822,s,l,
1525762092.1317,18.300000,103.72129405,s,l,
1525776154.273,18.087400,104.81940000,s,m,
1525738882.9861,17.686800,0.00017168,s,m,
1525780750.8248,17.809700,8.32000000,s,m,
1525739792.1906,17.949900,256.02634555,b,l,
1525774571.9061,18.297400,0.00142279,s,l,
1525751171.1035,18.409100,3.07755977,s,m,
1525747988.464,18.459900,15.93713943,b,l,
1525866020.576,17.784700,991.84500000,s,m,
1525747991.4656,18.470000,129.34632420,s,l,
1525842057.1763,17.246500,151.38285322,s,m,
1525747994.1936,18.385700,3.22978758,s,l,
1525747784.896,18.322200,299.54000000,s,l,
1525771653.9663,18.303200,8.32000000,s,l,
1525889072.9322,17.840000,5.10958709,s,l,
1525895458.1147,17.650000,150.00000000,b,m,
1525748003.3941,18.380000,17.00000000,b,l,
1525838116.1007,17.160400,31.32630000,s,l,
1525796230.0591,18.070000,0.00000009,s,m,
1525746908.5471,18.440000,53.91407890,b,l,
1525756200.1418,18.257400,3.24799646,b,l,
1525797162.2073,18.087600,56.00000000,b,l,
1525758459.2221,18.294500,0.00000468,b,l,
1525813548.3102,18.010000,23.09568505,s,l,
1525833489.9769,17.400100,10.99366096,s,m,
1525733874.8854,17.900000,3.12367320,s,l,
1525796230.0329,18.070000,5.98444046,s,m,
1525748020.978,18.380000,76.04104104,b,l,
1525838134.7149,17.156700,10.00000000,b,l,
1525748024.8556,18.380000,52.21800000,b,l,
1525779850.4585,17.813000,9.00000000,s,l,
1525870910.2256,17.855100,2.99222023,s,m,
1525745152.9518,18.089400,7.14000000,b,m,
1525779851.4994,17.800000,177.87740228,b,l,
1525774390.6952,18.250000,52.21800000,s,l,
1525779852.647,17.800000,228.40443733,b,l,
1525748042.3679,18.380000,17.73063328,b,l,
1525770852.3261,18.378600,9.00000000,s,l,
1525751333.8574,18.407000,8.32000000,s,m,
1525747786.426,18.300000,352.44418895,b,l,
1525848453.4079,17.300100,53.08000000,s,l,
1525747787.9022,18.300000,64.03088595,b,l,
1525846356.4189,17.469500,3.00000000,b,m,
1525829006.7463,17.915200,8.32000000,b,l,
1525874631.2121,17.750000,71.04059718,s,l,
1525798252.8426,18.020000,0.00010061,s,l,
1525798358.1572,18.108500,138.70400000,b,m,
1525767794.0929,18.601000,0.00010678,b,l,
1525767812.1888,18.750000,0.00003774,b,m,
1525846370.8585,17.334200,2.99222023,s,m,
1525770299.3767,18.500000,185.70531351,s,l,
1525747089.2161,18.450000,52.21800000,b,l,
1525764839.9638,18.350000,13.07491200,s,l,
1525846380.6787,17.468000,3.00000000,b,m,
1525772653.1301,18.243400,5.00000000,s,l,
1525846388.5494,17.468100,3.00000000,b,m,
1525733438.8896,17.700300,9.00000000,s,m,
1525780857.2585,17.778700,6.48658659,b,l,
1525740266.4505,17.932500,3.67110735,b,l,
1525878699.1175,17.825900,80.29100000,s,l,
1525813634.0895,18.000000,3.08870000,s,l,
1525772677.5378,18.219900,29.34000000,b,m,
1525781341.5545,17.669600,0.20047690,s,m,
1525732554.7959,17.806100,3.36603460,b,l,
1525736172.3481,17.753600,0.00741049,s,l,
1525769389.4187,18.700000,5.20402665,b,l,
1525780880.3036,17.776500,38.76204565,s,l,
1525887799.62,17.701200,142.68619900,s,m,
1525776154.2695,18.087500,10.00000000,s,m,
1525756307.2806,18.257400,3.94360642,b,l,
1525887381.7816,17.960900,3.31821444,b,l,
1525887382.4395,17.962200,37.52643600,s,l,
1525887384.4892,17.962200,4.55943600,s,l,
1525887385.0341,17.962200,416.11000000,s,l,
1525856486.6146,17.694100,945.37364709,b,m,
1525887387.8281,17.962200,416.11000000,s,l,
1525780895.4656,17.750000,3.00000000,s,l,
1525887392.9887,17.962200,100.69300620,s,l,
1525812712.5491,18.020000,0.00005645,s,m,
1525797709.1677,18.020500,9.00000000,s,l,
1525887404.202,17.962200,117.43990904,s,l,
1525846445.9346,17.370100,3.00000000,s,m,
1525791284.9283,18.070200,0.00000212,b,m,
1525830063.6641,17.911500,13.07472736,b,m,
1525863155.4954,17.800000,29.00000000,b,l,
1525797301.0211,18.087600,56.94656018,b,l,
1525761193.9057,18.412000,7.63680000,s,l,
1525778505.0965,17.961000,22.34360000,b,l,
1525838627.097,17.066200,0.00004616,s,m,
1525823018.9847,17.950000,115.47390000,b,l,
1525779979.5079,17.800000,77.12750000,b,l,
1525751125.8085,18.497700,1.30097350,b,m,
1525798987.7754,17.960200,10.28335365,s,l,
1525770159.5513,18.650000,1300.00000000,s,l,
1525853085.3263,17.300900,54.85737084,s,m,
1525879246.369,17.800000,176.31531195,b,l,
1525790830.7017,18.098300,49.01818000,b,l,
1525871352.513,17.840100,138.70400000,s,l,
1525768102.5753,18.732100,130.26590421,b,m,
1525782162.5326,17.991800,7.14000000,b,m,
1525770299.3666,18.500000,40.00000000,s,l,
1525780954.7097,17.708300,3.00000000,s,l,
1525819112.7218,18.073400,37.96900000,b,m,
1525805818.8768,18.165900,6.71397306,s,m,
1525871355.4089,17.791300,198.02252911,s,l,
1525835355.1648,17.228000,7.14000000,s,m,
1525871355.4013,17.800400,4.05270262,s,l,
1525879102.8502,17.800000,10.63479479,b,l,
1525854693.0708,17.377400,0.00001111,s,l,
1525787891.7524,17.880700,3.82155620,s,m,
1525782981.7675,17.844100,11.00733708,s,l,
1525813741.3701,17.995400,4.12956630,s,l,
1525780974.346,17.700000,19.89566914,s,l,
1525780976.7403,17.691500,16.33529536,s,l,
1525838322.3831,17.249400,6.92000000,b,m,
1525780981.6455,17.691500,9.26872200,s,l,
1525767753.8926,18.600000,20.00000000,b,m,
1525857116.7615,17.489600,14.27341583,s,m,
1525780984.6392,17.600000,15.88908536,s,m,
1525799561.4387,17.874200,0.00000001,s,m,
1525782233.5387,17.999600,6.92000000,b,l,
1525776210.3989,18.089100,28.96870300,s,m,
1525854720.0905,17.478400,7.10000000,b,l,
1525773056.6895,18.143000,43.21800000,b,l,
1525838338.0443,17.128200,0.00002518,s,m,
1525748227.1167,18.387300,3.23076435,s,m,
1525823532.9916,17.950000,440.00000000,b,m,
1525742883.1526,17.815300,8.32000000,b,l,
1525871355.3922,17.830000,585.87960000,s,l,
1525815384.9264,17.950100,3.68000000,s,l,
1525740052.4211,17.900000,47.78200000,s,l,
1525781013.3384,17.601600,14.27200000,s,l,
1525781016.231,17.601700,4.38859915,s,m,
1525772825.7688,18.219900,5.00000000,b,l,
1525755369.6148,18.370100,0.00259492,b,m,
1525748255.8797,18.336600,10.00000000,s,l,
1525759408.9201,18.250200,0.25953633,s,l,
1525779778.8493,17.950000,105.81652653,s,l,
1525775793.8136,18.150000,159.87332935,s,l,
1525776155.8111,18.100000,301.61553524,b,l,
1525887805.2723,17.700100,1208.57889745,s,m,
1525854764.1506,17.479000,8.50000000,b,l,
1525772847.0342,18.219900,8.12597215,b,l,
1525854984.282,17.479000,16.40660000,b,l,
1525854771.1724,17.479000,79.59999999,b,l,
1525875184.4727,17.700000,0.00016584,s,m,
1525762906.3657,18.292600,135.34039582,b,m,
1525781048.4411,17.696800,4.06853216,s,l,
1525781050.7488,17.696800,0.00046783,b,l,
1525781051.3435,17.696900,11.61080403,s,l,
1525789450.0755,18.069200,51.78366016,b,l,
1525772862.0607,18.171300,10.00000000,s,l,
1525827993.4958,17.817600,139.90371900,s,m,
1525781057.3396,17.696300,23.26396100,b,l,
1525772891.7587,18.141300,55.12284100,s,l,
1525789251.6081,18.012500,5.55170000,b,l,
1525813829.5468,17.995400,6.00000000,s,l,
1525753853.175,18.289500,0.00000001,s,m,
1525747786.856,18.300000,5.99621494,b,l,
1525887799.6128,17.740100,394.86000000,s,m,
1525781069.8889,17.605000,7.14000000,s,l,
1525838605.6044,17.088600,0.16138120,s,m,
1525746855.2267,18.300000,0.02949157,b,l,
1525768572.1633,18.711800,22.40190600,s,l,
1525813847.0384,17.995400,61.88883370,s,m,
1525792501.0899,18.130500,402.46000000,b,m,
1525866020.565,17.812800,6.92000000,s,m,
1525797466.6052,18.143400,4.51639051,b,m,
1525772891.7563,18.141400,55.12253700,s,l,
1525748316.7077,18.304600,5.00000000,s,m,
1525747784.8921,18.330000,3.50714680,s,l,
1525743279.9843,17.839900,17.68114000,b,l,
1525854820.7884,17.479000,407.60531495,b,m,
1525838609.0623,17.065200,62.92640486,s,m,
1525797480.3103,18.143100,8.32000000,b,m,
1525781097.86,17.589800,1.05500000,s,l,
1525885988.9745,17.999900,0.00263906,b,l,
1525776210.382,18.089300,10.00000000,s,m,
1525747386.7002,18.500000,7.98722045,b,l,
1525842057.192,17.213400,143.68925525,s,m,
1525733480.4295,17.833100,141.74997559,b,m,
1525796385.9574,18.050000,0.51730651,s,m,
1525781268.4645,17.662600,0.14832193,s,m,
1525762906.3715,18.292700,130.26590421,b,m,
1525805697.3633,18.178100,0.00000210,b,l,
1525832810.3092,17.553000,225.00000000,b,l,
1525781126.9589,17.606300,4.61000000,s,l,
1525874113.6989,17.773600,416.11000000,s,l,
1525732119.8543,17.800000,90.27700000,s,l,
1525764749.5822,18.348900,4.08743848,s,l,
1525799021.5875,17.900000,0.20086883,s,m,
1525889993.3798,17.839800,8.32000000,b,l,
1525746161.7487,18.220000,0.00002141,b,l,
1525871641.3762,17.773600,0.10637063,s,m,
1525770350.4533,18.467500,61.23697445,s,m,
1525846678.7552,17.371200,0.00775960,s,m,
1525883257.2308,17.975900,669.72811932,b,m,
1525834270.2144,17.380600,22.04836523,s,l,
1525854875.1812,17.479000,113.46760000,b,l,
1525781148.3007,17.709500,0.00000214,b,l,
1525805725.6311,18.178100,0.67678087,s,l,
1525854878.3271,17.479000,416.11000000,b,l,
1525751237.5884,18.498000,123.46964537,b,l,
1525745506.5744,18.200000,0.00023525,b,l,
1525863081.0235,17.800000,3.24757680,b,l,
1525854891.4455,17.479000,398.64000000,b,l,
1525805743.3913,18.165900,3.00000000,s,l,
1525772979.5108,18.087000,22.16241156,b,l,
