time,price,volume,buy_or_sell,market_or_limit,misc
1525732094.0605,17.8,0.07676091,s,m,None
1525732119.8463,17.8003,10.0,s,l,None
1525732119.851,17.8002,19.144,s,l,None
1525732119.8543,17.8,90.277,s,l,None
1525732132.3839998,17.788,114.62811524,s,l,None
1525732138.7398,17.788,18.188793,s,l,None
1525732164.5129,17.788,30.18309176,s,l,None
1525732164.5186,17.788,64.78869463,s,l,None
1525732164.5233,17.786,3.0,s,l,None
1525732164.5273,17.75,15.0,s,l,None
1525732164.5326,17.75,10.0,s,l,None
1525732164.536,17.7319,11.965,s,l,None
1525732164.5394,17.7306,4.0099,s,l,None
1525732164.5433,17.7305,10.0,s,l,None
1525732164.5471,17.73,20.0,s,l,None
1525732164.6706,17.7,14.9611014,s,m,None
1525732164.6734,17.7,0.03879799,s,m,None
1525732164.6757,17.7,0.00010061,s,m,None
1525732165.0239,17.7,14.31269883,s,m,None
1525732165.0296,17.7,5.0,s,m,None
1525732165.0336,17.664,8.95925584,s,m,None
1525732165.0553,17.664,10.0,s,m,None
1525732165.064,17.7251,4.0099,b,l,None
1525732194.1703,17.6659,84.830341,s,m,None
1525732194.1746,17.6659,0.16932204,s,m,None
1525732194.1775,17.6659,0.00033696,s,m,None
1525732209.7786,17.7797,9.0,b,m,None
1525732209.7838,17.78,130.11969901,b,m,None
1525732209.7859,17.78,0.15595649,b,m,None
1525732209.7878,17.78,0.0001845,b,m,None
1525732209.7906,17.799,43.444512,b,m,None
1525732209.7935,17.8025,297.89999999,b,m,None
1525732209.796,17.8218,519.37964801,b,m,None
1525732439.9999,17.7105,6.92,s,l,None
1525732440.0025,17.7101,22.2701,s,l,None
1525732554.7959,17.8061,3.3660346,b,l,None
1525732554.7991,17.8061,0.00269068,b,l,None
1525732554.8023,17.8061,2.15e-06,b,l,None
1525732554.8047,17.8062,0.84291015,b,l,None
1525732817.3102,17.8015,15.0,s,l,None
1525732817.3128,17.8006,0.89942387,s,l,None
1525733037.6088,17.8216,4.03961062,b,l,None
1525733307.7779999,17.7651,41.74880644,s,l,None
1525733312.5631,17.7651,96.76194336,s,l,None
1525733345.7034,17.7,14.9611014,s,l,None
1525733345.7059,17.7,0.03879799,s,l,None
1525733345.7079,17.7,0.00010061,s,l,None
1525733438.8896,17.7003,9.0,s,m,None
1525733438.8932,17.7,41.49717,s,m,None
1525733438.8962,17.7,49.50283,s,m,None
1525733480.4295,17.8331,141.74997559,b,m,None
1525733480.4358,17.8331,3.25002441,b,m,None
1525733738.14,17.8659,30.0,b,l,None
1525733790.9814,17.8628,10.0,b,l,None
1525733790.9872,17.8628,141.74997559,b,l,None
1525733790.9904,17.8628,6.92,b,l,None
1525733790.9935,17.8629,8.33002441,b,l,None
1525733857.1338,17.8789,36.922,b,l,None
1525733857.1446,17.879,12.0155724,b,l,None
1525733857.1473,17.8791,45.27605879,b,l,None
1525733857.1506,17.8952,5.5881,b,l,None
1525733860.8631,17.9,7.2700227,s,l,None
1525733860.9101,17.9,5.772,s,l,None
1525733862.0913,17.9,84.5826327,s,l,None
1525733869.3393,17.9,22.9269501,s,l,None
1525733874.8854,17.9,3.1236732,s,l,None
1525733875.5082,17.9,23.97863128,s,l,None
1525733942.8541,17.868,3.0,b,m,None
1525733948.6079998,17.7777,50.0,s,l,None
1525733969.3202,17.7754,20.0,s,l,None
1525734163.9803,17.7305,63.6200831,s,m,None
1525734163.9938,17.7304,8.32,s,m,None
1525734163.9975,17.7302,1300.0,s,m,None
1525734164.0011,17.7302,105.012,s,m,None
1525734164.0057,17.73,15.0,s,m,None
1525734164.01,17.7128,10.0,s,m,None
1525734164.0138,17.7127,267.75224274,s,m,None
1525734164.0169,17.7127,0.29567416,s,m,None
1525734425.927,17.8551,4.03246131,s,l,None
1525734482.111,17.8638,4.19329408,b,l,None
1525734662.101,17.7636,20.0,s,l,None
1525734662.1074,17.711,2.23592406,s,l,None
1525734662.1094,17.711,0.00579832,s,l,None
1525734662.1112,17.711,1.504e-05,s,l,None
1525734856.9464,17.7055,20.0,s,l,None
1525734857.3758,17.7006,7.14,s,l,None
1525734857.3795,17.7,130.8415603,s,l,None
1525735174.617,17.7829,10.39434425,b,l,None
1525735347.8013,17.7773,3.66827921,b,l,None
1525735675.0939,17.8075,4.04324019,s,l,None
1525735779.4835,17.7003,8.32,s,l,None
1525735779.4968,17.7001,1300.0,s,l,None
1525735780.8079,17.7001,90.68,b,l,None
1525735940.8229,17.81,300.0,s,l,None
1525736172.3294,17.81,20.0,s,l,None
1525736172.335,17.775,8.32,s,l,None
1525736172.3384,17.7748,313.64,s,l,None
1525736172.3435,17.7625,61.92792087,s,l,None
1525736172.3461,17.7536,4.32466864,s,l,None
1525736172.3481,17.7536,0.00741049,s,l,None
1525736423.3116,17.8626,4.19871687,s,l,None
1525736518.4629,17.8759,4.0,b,m,None
1525736989.2445,17.8482,4.03402023,s,l,None
1525737223.4192,17.8442,3.68925427,b,m,None
1525737223.4246,17.8486,8.32,b,m,None
1525737223.4273,17.8488,16.95773385,b,m,None
1525737450.4817,17.8783,9.0,b,m,None
1525737450.4869,17.8786,91.0,b,m,None
1525737644.2121,17.7947,50.0,s,l,None
1525737652.9724,17.7947,2.218,b,m,None
1525737652.9784,17.8478,7.14,b,m,None
1525737652.9812,17.8484,290.642,b,m,None
1525738027.9732,17.741,8.32,s,m,None
1525738027.9823,17.7409,43.62755343,s,m,None
1525738027.9848,17.7409,0.07838849,s,m,None
1525738027.9872,17.7409,5.808e-05,s,m,None
1525738256.7435,17.8005,4.03745863,b,l,None
1525738354.6121,17.8005,4.21336479,s,l,None
1525738521.7338,17.8005,4.2,b,m,None
1525738882.9617,17.7392,6.92,s,m,None
1525738882.9665,17.7388,1300.0,s,m,None
1525738882.9691,17.7386,119.9214,s,m,None
1525738882.9718,17.7147,154.40016429,s,m,None
1525738882.976,17.7146,5.64505,s,m,None
1525738882.9791,17.6868,55.195,s,m,None
1525738882.982,17.6868,407.34872311,s,m,None
1525738882.9841,17.6868,0.56949092,s,m,None
1525738882.9861,17.6868,0.00017168,s,m,None
1525738906.582,17.7834,20.0,s,l,None
1525738961.1828,17.8396,4.73482497,b,l,None
1525739020.9477,17.7489,119.8518,s,m,None
1525739020.9584,17.7488,1300.0,s,m,None
1525739020.9624,17.7434,216.34797319,s,m,None
1525739020.9666,17.7297,308.70999999,s,m,None
1525739020.9691,17.7171,34.497,s,m,None
1525739020.9717,17.717,20.59322682,s,m,None
1525739222.127,17.78,25.0,b,l,None
1525739247.4034,17.8103,9.0,b,l,None
1525739262.6787,17.8394,7.14,b,l,None
1525739262.6831,17.84,1292.86,b,l,None
1525739265.5089,17.8398,8.32,b,l,None
1525739265.5129998,17.84,1291.68,b,l,None
1525739271.0725,17.84,8.0664,b,l,None
1525739273.4052,17.84,907.3936,b,l,None
1525739277.8491,17.88,25.0,b,l,None
1525739285.5015,17.9,9.57109562,b,l,None
1525739285.9278,17.9,5.42023227,b,m,None
1525739285.9325,17.9,0.00865852,b,m,None
1525739285.9352,17.9,1.359e-05,b,m,None
1525739285.9403,17.9055,80.66313364,b,m,None
1525739285.9432,17.9055,0.09586636,b,m,None
1525739285.9473,17.9222,20.0,b,m,None
1525739285.9504,17.9498,22.3776,b,m,None
1525739285.9546,17.95,21.43449562,b,m,None
1525739336.3471,17.95,18.56550438,b,l,None
1525739458.7870002,18.0,52.218,s,l,None
1525739485.3409,18.0,12.8049703,s,l,None
1525739495.8159,18.0,4.30352432,s,l,None
1525739523.8453,18.0,230.67350538,s,l,None
1525739546.5003,17.9981,3.99416408,b,l,None
1525739767.5345,17.9,52.218,s,l,None
1525739792.178,17.9497,121.68262249,b,l,None
1525739792.1879,17.9498,7.14,b,l,None
1525739792.1906,17.9499,256.02634555,b,l,None
1525740052.4211,17.9,47.782,s,l,None
1525740249.1203,17.9,52.218,s,l,None
1525740249.9835,17.9,118.98445001,s,l,None
1525740253.6828,17.9,4.39499999,s,l,None
1525740266.4505,17.9325,3.67110735,b,l,None
1525740266.4729998,17.9325,0.00293454,b,l,None
1525740266.4751,17.9325,2.35e-06,b,l,None
1525740298.7425,17.9325,0.50830624,s,l,None
1525740370.1746,17.9,52.218,s,l,None
1525740418.9581,17.9,14.18455,s,l,None
1525740484.9749,17.9417,20.0,b,m,None
1525740484.9781,17.9518,9.0,b,m,None
1525740484.9807,17.9521,313.29,b,m,None
1525740484.9834,17.9835,121.68262249,b,m,None
1525740484.9861,17.9836,39.48,b,m,None
1525740484.9897,17.9839,216.78135545,b,m,None
1525740484.9931,17.9899,479.76602206,b,m,None
1525740780.8538,17.9469,5.0,b,l,None
1525740836.2378,17.9633,4.00785985,b,l,None
1525741234.2079,17.8933,3.0,s,l,None
1525741234.2122,17.8866,5.59078,s,l,None
1525741237.8822,17.8722,4.31578952,s,l,None
1525741246.1768,17.8293,8.40124244,s,l,None
1525741505.6608,17.8292,3.4275471,b,l,None
1525741505.6643,17.8292,0.00273985,b,l,None
1525741505.667,17.8292,2.19e-06,b,l,None
1525741505.6711,17.8293,13.56971086,b,l,None
1525741510.8683,17.8293,3.40313257,b,l,None
1525741818.6833,17.8294,3.431,s,l,None
1525741818.6865,17.8293,48.787,s,l,None
1525741830.3454,17.8293,29.802,s,l,None
1525741865.221,17.8293,321.411,s,l,None
1525741984.3394,17.8,52.218,s,l,None
1525742037.7879999,17.841,17.63559218,b,m,None
1525742043.09,17.8,102.782,s,m,None
1525742043.0958,17.7897,3.05904009,s,m,None
1525742043.0986,17.759,59.53548342,s,m,None
1525742043.1012,17.7464,10.109,s,m,None
1525742043.1046,17.7463,31.50122216,s,m,None
1525742043.1071,17.7093,92.41445556,s,m,None
1525742043.1159,17.7093,9.97407259,s,m,None
1525742043.1181,17.7093,0.02586534,s,m,None
1525742043.12,17.7093,6.207e-05,s,m,None
1525742170.7991,17.8318,4.20582759,b,l,None
1525742173.4248,17.8318,4.03759449,b,l,None
1525742761.0981,17.7992,3.35379146,b,m,None
1525742761.1075,17.8153,6.92,b,m,None
1525742761.1109,17.8157,39.72620854,b,m,None
1525742780.0529,17.8155,100.0,b,m,None
1525742817.427,17.8,21.95677993,s,l,None
1525742851.2162,17.8149,7.14,b,m,None
1525742851.2258,17.8153,8.32,b,m,None
1525742851.2283,17.8155,284.54,b,m,None
1525742883.1526,17.8153,8.32,b,l,None
1525742883.1577,17.8155,47.81026,b,l,None
1525743279.9843,17.8399,17.68114,b,l,None
1525743279.9912,17.84,10.0,b,l,None
1525743479.4583,17.8,78.04322007,s,l,None
1525743491.1165,17.8,4.02684563,b,l,None
1525743501.5256,17.8,17.90129223,b,l,None
1525743501.5641,17.8,0.02859632,b,l,None
1525743501.5661,17.8,4.568e-05,b,l,None
1525743837.0277,17.88,3.0,b,m,None
1525743843.0451,17.88,22.15354506,b,m,None
1525743843.0479,17.88,0.03533494,b,m,None
1525743843.0504,17.9157,6.92,b,m,None
1525743843.0529,17.916,121.68262249,b,m,None
1525743843.0557,17.9203,33.562,b,m,None
1525743843.0587,17.9204,315.64649751,b,m,None
1525744043.7125,17.8905,4.19193471,b,l,None
1525744088.1534,17.9033,58.0,b,m,None
1525744539.1891,17.97,40.0,b,l,None
1525744663.8466,17.9736,5.56372,b,l,None
1525744755.6679,17.9425,20.0,s,l,None
1525744755.6746,17.9354,30.0,s,l,None
1525744771.9454,18.0,4.0,b,l,None
1525745031.7203,18.0,52.218,b,l,None
1525745040.9932,18.0,18.782,b,l,None
1525745040.9963,18.0,30.0,b,l,None
1525745074.215,18.03,39.96848414,b,l,None
1525745074.2183,18.03,0.03151586,b,l,None
1525745152.9518,18.0894,7.14,b,m,None
1525745152.9556,18.09,22.66562832,b,m,None
1525745152.9578,18.09,0.03620708,b,m,None
1525745152.9598,18.09,5.46e-05,b,m,None
1525745152.9631,18.09,268.15811,b,m,None
1525745383.9586,18.1093,5.52202,b,l,None
1525745388.2956,18.1128,7.14,s,l,None
1525745388.3142,18.1122,46.71996411,s,l,None
1525745388.3163,18.1122,3e-08,s,l,None
1525745419.3802,18.1146,7.14,s,m,None
1525745419.3832,18.114,491.97444793,s,m,None
1525745419.3852,18.114,0.88396288,s,m,None
1525745419.3874,18.114,0.00158827,s,m,None
1525745419.3894,18.114,9.2e-07,s,m,None
1525745425.8568,18.15,27.9608548,b,l,None
1525745425.8594,18.15,0.03909047,b,l,None
1525745425.8615,18.15,5.465e-05,b,l,None
1525745440.6595,18.2096,6.88183115,b,m,None
1525745461.3305,18.21,100.0,b,m,None
1525745474.3216,18.21,39.117361,b,l,None
1525745506.5676,18.2,241.75824802,b,l,None
1525745506.5724,18.2,0.24151673,b,l,None
1525745506.5744,18.2,0.00023525,b,l,None
1525745506.5774,18.21,46.95357935,b,l,None
1525745506.5795,18.21,0.07500572,b,l,None
1525745506.5817,18.21,0.00011393,b,l,None
1525745514.8671,18.24,104.0,b,m,None
1525745524.2693,18.24,96.0,b,l,None
1525745610.1719,18.24,3.20691886,s,l,None
1525745629.8706,18.2,30.78578579,b,l,None
1525745665.286,18.2,186.00729535,b,l,None
1525745712.1761,18.2768,50.0,b,l,None
1525745771.4118,18.25,26.0,b,l,None
1525745804.2977,18.25,6.45645646,b,l,None
1525745804.5503,18.2301,5.09253896,s,l,None
1525745850.032,18.199,52.218,s,l,None
1525745858.0459,18.2424,4.11071526,b,l,None
1525745860.3153,18.199,4.81761238,s,l,None
1525745860.3196,18.1989,18.80118502,s,l,None
1525745860.3237,18.1989,0.0412026,s,l,None
1525745868.9692,18.199,49.864,s,l,None
1525746037.3162,18.2196,9.0,b,m,None
1525746037.3207,18.2199,211.0,b,m,None
1525746126.0689,18.22,52.218,b,l,None
1525746161.7032,18.22,47.74381407,b,l,None
1525746161.7466,18.22,0.03816452,b,l,None
1525746161.7487,18.22,2.141e-05,b,l,None
1525746197.6566,18.22,3.0,b,l,None
1525746197.6614,18.23,16.0127299,b,l,None
1525746293.9921,18.23,3.74801324,b,l,None
1525746308.4425,18.23,500.0,b,l,None
1525746311.1026,18.2196,20.0,s,l,None
1525746311.1094,18.2195,3.95180987,s,l,None
1525746314.7644,18.2195,7.84421489,b,l,None
1525746328.0667,18.2195,52.218,b,l,None
1525746395.4014,18.1819,3.4032258,s,l,None
1525746400.7613,18.17,52.218,b,l,None
1525746408.8246,18.17,20.0,b,l,None
1525746409.6801,18.17,52.218,b,l,None
1525746419.3675,18.1678,48.82732281,s,m,None
1525746419.3723,18.1678,0.1071843,s,m,None
1525746419.3746,18.1678,0.00023289,s,m,None
1525746438.7458,18.17,8.0,b,l,None
1525746441.331,18.17,20.0,b,l,None
1525746457.1848,18.17,52.218,b,l,None
1525746474.1199,18.17,52.218,b,l,None
1525746475.689,18.17,20.0,b,l,None
1525746641.5895,18.23,48.0,b,m,None
1525746804.9879,18.23,1225.06691403,b,l,None
1525746805.006,18.23,0.97927011,b,l,None
1525746805.0089998,18.23,0.00078272,b,l,None
1525746822.4027,18.25,118.58838761,b,l,None
1525746822.4098,18.25,5.0,b,m,None
1525746824.1026,18.25,31.38023241,b,l,None
1525746824.1049,18.25,0.03134888,b,l,None
1525746824.1069,18.25,3.11e-05,b,l,None
1525746826.2779,18.26,258.58626198,b,l,None
1525746826.2829,18.26,0.4130771,b,l,None
1525746826.2849,18.26,0.00065986,b,l,None
1525746826.2868,18.26,1.06e-06,b,l,None
1525746826.2898,18.2768,442.87759639,b,l,None
1525746826.292,18.2768,0.53081614,b,l,None
1525746826.294,18.2768,0.00063622,b,l,None
1525746826.2959,18.2768,7.6e-07,b,l,None
1525746826.2997,18.28,100.0,b,l,None
1525746826.3028,18.3,595.9735847,b,l,None
1525746847.5624,18.3,903.37040262,b,l,None
1525746847.581,18.3,396.62959738,b,l,None
1525746850.5381,18.3,603.37040262,b,l,None
1525746850.5721,18.3,4.4,b,l,None
1525746850.5973,18.3,692.22959738,b,l,None
1525746851.536,18.3,1300.0,b,l,None
1525746852.7958,18.3,178.21981982,b,l,None
1525746854.8652,18.3,1300.0,b,l,None
1525746855.2246,18.3,29.52106216,b,l,None
1525746855.2267,18.3,0.02949157,b,l,None
1525746855.2288,18.3,2.907e-05,b,l,None
1525746855.2351,18.3,24.96006401,b,l,None
1525746855.2374,18.3,0.0398723,b,l,None
1525746855.2395,18.3,6.369e-05,b,l,None
1525746855.2437,18.3,67.5667782,b,l,None
1525746855.954,18.3,32.4332218,b,l,None
1525746867.2052,18.33,85.74496379,b,l,None
1525746867.2186,18.33,225.0,b,m,None
1525746867.355,18.33,11.18412571,b,l,None
1525746867.4353,18.33,117.81742879,b,l,None
1525746867.8122,18.33,26.88812546,b,l,None
1525746868.0709,18.33,265.04729962,b,l,None
1525746868.0729,18.33,0.31767555,b,l,None
1525746868.0753,18.33,0.00038075,b,l,None
1525746868.0775,18.33,3.3e-07,b,l,None
1525746868.0806,18.33,200.0,b,l,None
1525746871.4955,18.35,122.117361,b,l,None
1525746871.7135,18.35,877.84693084,b,l,None
1525746871.7161,18.35,0.03570816,b,l,None
1525746872.9269,18.3679,3.75618498,b,l,None
1525746872.9305,18.3679,0.0060003,b,l,None
1525746872.9325,18.3679,9.58e-06,b,l,None
1525746876.2869,18.3899,27.776,b,m,None
1525746876.2925,18.39,27.224,b,m,None
1525746878.9489,18.39,52.218,b,l,None
1525746882.08,18.39,32.52499257,b,l,None
1525746882.0876,18.39,0.05195686,b,l,None
1525746882.0897,18.39,8.057e-05,b,l,None
1525746885.27,18.4,696.51564942,b,l,None
1525746885.2737,18.4,0.48435058,b,l,None
1525746885.2792,18.4,32.61814003,b,l,None
1525746885.2839,18.4,570.38185997,b,l,None
1525746886.3342,18.4,100.0,b,l,None
1525746893.6819,18.3992,4.04324018,b,l,None
1525746893.9885,18.3992,4.02684563,s,l,None
1525746894.9312,18.4,280.6524225,b,l,None
1525746894.9369,18.4,3e-08,b,l,None
1525746894.9432,18.4,11.0911997,b,l,None
1525746894.9456,18.4,0.01771757,b,l,None
1525746894.9478,18.4,2.273e-05,b,l,None
1525746894.9520001,18.4,22.21024745,b,l,None
1525746896.6182,18.4,20.0,b,l,None
1525746897.2808,18.3992,4.03745863,s,l,None
1525746899.5191,18.3992,60.0,s,l,None
1525746900.1284,18.4,10.01001001,b,l,None
1525746901.3532,18.4,7.77974254,b,l,None
1525746908.5471,18.44,53.9140789,b,l,None
1525746908.5495,18.44,0.0859211,b,l,None
1525746908.5568,18.45,4.0,b,m,None
1525746908.5623,18.45,1.96316222,b,m,None
1525746908.5646,18.45,0.00283778,b,m,None
1525746908.5679,18.45,50.252,b,m,None
1525746908.5735,18.45,18.782,b,m,None
1525746908.5788,18.45,50.0,b,m,None
1525746910.7997,18.45,500.0,b,m,None
1525746912.8696,18.45,25.54838247,b,l,None
1525746918.7728,18.45,91.4040271,b,m,None
1525747019.8094,18.4043,4.04258186,b,l,None
1525747019.8139,18.4043,4.03795679,b,l,None
1525747019.8174,18.4043,4.03506018,b,l,None
1525747019.8198,18.4044,4.03961062,b,l,None
1525747019.8222,18.4044,4.04494382,b,l,None
1525747019.8245,18.4044,4.03759449,b,l,None
1525747019.8269,18.4044,4.03246131,b,l,None
1525747019.8293,18.4044,4.03402023,b,l,None
1525747031.984,18.4119,3.35842825,b,l,None
1525747034.754,18.4164,4.02853544,b,l,None
1525747089.2161,18.45,52.218,b,l,None
1525747102.5143,18.45,36.93551399,b,l,None
1525747157.8775,18.4315,6.0,b,m,None
1525747157.8848,18.45,94.0,b,m,None
1525747232.7427,18.45,75.0,b,m,None
1525747244.7932,18.45,5.8518838,b,l,None
1525747244.7977,18.45,0.00818119,b,l,None
1525747244.8,18.45,1.143e-05,b,l,None
1525747244.8033,18.45,46.35792358,b,l,None
1525747261.5105,18.45,113.0907,b,l,None
1525747263.4816,18.45,52.218,b,l,None
1525747294.5512,18.4522,4.02236884,b,l,None
1525747294.5616,18.4522,4.02371755,b,l,None
1525747313.2713,18.4431,27.11,s,l,None
1525747313.279,18.4302,3.72487126,s,l,None
1525747313.2841,18.423,43.45613643,s,l,None
1525747313.2865,18.423,0.11269295,s,l,None
1525747313.2887,18.423,0.00028936,s,l,None
1525747344.2747,18.474,4.01725186,b,l,None
1525747344.284,18.4999,245.0,b,m,None
1525747352.8033,18.4999,4.018,b,l,None
1525747381.0083,18.4999,154.70422222,b,l,None
1525747381.0229998,18.5,1145.29577778,b,l,None
1525747383.5754,18.5,1300.0,b,l,None
1525747383.8666,18.5,54.70422222,b,l,None
1525747383.8728,18.5,23.96867237,b,l,None
1525747383.8759,18.5,0.03828862,b,l,None
1525747383.8785,18.5,5.901e-05,b,l,None
1525747383.8819,18.5,43.40611878,b,l,None
1525747385.1383,18.5,4.34135673,b,l,None
1525747386.2039,18.5,122.117361,b,l,None
1525747386.6943,18.5,30.13516349,b,l,None
1525747386.7002,18.5,7.98722045,b,l,None
1525747386.7026,18.5,0.01275914,b,l,None
1525747386.705,18.5,2.038e-05,b,l,None
1525747386.7091,18.5,246.95483653,b,l,None
1525747387.2459,18.5,50.05005005,b,l,None
1525747389.4036,18.5,112.748,b,l,None
1525747391.8759,18.5,26.93293293,b,l,None
1525747397.2275,18.5,52.218,b,l,None
1525747408.8641,18.4967,3.34414607,b,l,None
1525747408.9414,18.5,1296.65585393,b,l,None
1525747409.6944,18.5,122.117361,b,l,None
1525747411.0896,18.5,68.32511852,b,l,None
1525747411.6734,18.5,3.78508474,b,l,None
1525747412.6551,18.5,122.117361,b,l,None
1525747412.8224,18.5,1300.0,b,l,None
1525747419.5881,18.5,200.0,b,m,None
1525747419.7252,18.5,80.08008008,b,l,None
1525747425.9356,18.5,52.218,b,l,None
1525747432.1847,18.5,1300.0,b,l,None
1525747433.1591,18.5,3.444,b,m,None
1525747445.2292,18.5,27.57461463,b,l,None
1525747450.82,18.5,35.0,b,m,None
1525747452.5652,18.5,64.51598919,b,l,None
1525747453.3379,18.5,52.218,b,l,None
1525747457.8337,18.5,1300.0,b,l,None
1525747458.2852,18.5,200.0,b,l,None
1525747459.9236,18.5,886.03203612,b,l,None
1525747459.9279,18.5,0.53130044,b,l,None
1525747459.93,18.5,0.00031084,b,l,None
1525747543.5158,18.4798,11.44661946,s,m,None
1525747543.5533,18.4798,2.55338054,s,m,None
1525747552.5882,18.5175,20.0,b,l,None
1525747616.856,18.5375,4.00785985,b,m,None
1525747616.8655,18.5375,4.01105267,b,m,None
1525747616.8694,18.56,12.47121197,b,m,None
1525747616.8718,18.56,0.01992206,b,m,None
1525747616.8751,18.56,2.597e-05,b,m,None
1525747616.8783,18.5884,7.14,b,m,None
1525747616.8814,18.5886,6.92,b,m,None
1525747616.8842,18.5889,265.42992748,b,m,None
1525747631.5102,18.4872,65.20403537,s,l,None
1525747631.5343,18.4871,27.045,s,l,None
1525747631.5371,18.4797,3.81497144,s,l,None
1525747631.5404,18.475,3.93599319,s,l,None
1525747646.2287,18.4603,52.218,s,l,None
1525747655.7826,18.4603,39.83,s,l,None
1525747655.7864,18.447,10.17,s,l,None
1525747693.7573,18.447,52.218,s,l,None
1525747712.3758,18.447,52.218,s,l,None
1525747719.3357,18.447,52.218,s,l,None
1525747724.0404,18.447,28.176,s,m,None
1525747724.0453,18.4361,62.99099292,s,m,None
1525747724.0474,18.4361,2e-08,s,m,None
1525747727.5819,18.4361,14.51400706,s,l,None
1525747727.5963,18.436,145.0,s,l,None
1525747727.5997,18.4278,178.50584051,s,l,None
1525747727.6028,18.4109,44.98015243,s,l,None
1525747730.7248,18.4599,4.06286057,b,l,None
1525747764.3799,18.4115,95.566,s,l,None
1525747764.3920002,18.4109,7.12417496,s,l,None
1525747764.3948,18.4021,16.6449,s,l,None
1525747764.3981,18.402,179.0,s,l,None
1525747764.7295,18.4,65.69141863,b,l,None
1525747784.8713,18.3993,88.7857,s,l,None
1525747784.8765,18.399,205.0,s,l,None
1525747784.8794,18.393,23.4807,s,l,None
1525747784.8827,18.3929,10.0,s,l,None
1525747784.8864,18.36,1361.65577,s,l,None
1525747784.8894,18.359,278.0,s,l,None
1525747784.8921,18.33,3.5071468,s,l,None
1525747784.8960001,18.3222,299.54,s,l,None
1525747784.8995,18.3068,239.68472712,s,l,None
1525747784.9021,18.3031,1300.0,s,l,None
1525747784.9047,18.3001,42.68,s,l,None
1525747784.9094,18.3,81.3419782,s,l,None
1525747784.9120002,18.3,101.4696,s,l,None
1525747784.9154,18.3,212.89004372,s,l,None
1525747786.2994,18.3,1300.0,b,l,None
1525747786.426,18.3,352.44418895,b,l,None
1525747786.4891,18.3,122.117361,b,l,None
1525747786.856,18.3,5.99621494,b,l,None
1525747786.87,18.3,14.67337337,b,l,None
1525747786.8902,18.3,45.97098116,b,l,None
1525747786.9011,18.3,32.7353,b,l,None
1525747787.1122,18.3,3.27557557,b,l,None
1525747787.339,18.3,120.8436193,b,l,None
1525747787.8347,18.3,44.56742411,b,l,None
1525747787.8505,18.3,44.60980981,b,l,None
1525747787.8711,18.3,44.6996,b,l,None
1525747787.9022,18.3,64.03088595,b,l,None
1525747791.9291,18.3828,5.0,s,m,None
1525747801.2246,18.3915,3.0,b,l,None
1525747801.2274,18.3915,3.0,b,l,None
1525747816.2906,18.3832,30.0,s,l,None
1525747863.2993,18.4344,21.32977627,b,l,None
1525747870.986,18.4345,374.37142078,b,l,None
1525747878.8778,18.4344,59.432508,b,m,None
1525747878.8856,18.4348,20.567492,b,m,None
1525747904.6531,18.3854,4.23897866,s,l,None
1525747954.9519,18.3856,108.87316,s,l,None
1525747957.986,18.3856,0.53585603,s,l,None
1525747957.9944,18.3856,3.46414397,s,l,None
1525747988.4587,18.4594,14.21985084,b,l,None
1525747988.464,18.4599,15.93713943,b,l,None
1525747988.4668,18.47,1300.0,b,l,None
1525747988.4696,18.47,13.897089,b,l,None
1525747991.4656,18.47,129.3463242,s,l,None
1525747994.1851,18.47,26.59959653,s,l,None
1525747994.1884,18.388,280.81406183,s,l,None
1525747994.1911,18.3879,20.0,s,l,None
1525747994.1936,18.3857,3.22978758,s,l,None
1525747994.629,18.38,6.34914915,b,l,None
1525748003.3941,18.38,17.0,b,l,None
1525748020.978,18.38,76.04104104,b,l,None
1525748024.8556,18.38,52.218,b,l,None
1525748042.3679,18.38,17.73063328,b,l,None
1525748042.3709,18.38,0.01771292,b,l,None
1525748042.3735,18.38,1.767e-05,b,l,None
1525748227.1167,18.3873,3.23076435,s,m,None
1525748227.1254,18.3806,7.14,s,m,None
1525748227.1406,18.3802,8.32,s,m,None
1525748227.1441,18.38,81.30923565,s,m,None
1525748255.8593,18.38,27.50468435,s,l,None
1525748255.8646,18.3474,4.83649121,s,l,None
1525748255.8683,18.3474,37.07976597,s,l,None
1525748255.8714,18.3474,15.76221121,s,l,None
1525748255.8751,18.3451,49.38614701,s,l,None
1525748255.8797,18.3366,10.0,s,l,None
1525748255.8833,18.3006,7.14,s,l,None
1525748255.8877,18.3,348.29070025,s,l,None
1525748316.7077,18.3046,5.0,s,m,None
1525748353.9691,18.3994,18.52733859,b,l,None
1525748464.1346,18.3869,100.0,b,m,None
1525748488.0685,18.3136,5.0,s,m,None
1525748568.7871,18.3267,2.99222023,s,m,None
1525748568.7932,18.3267,0.0077596,s,m,None
1525748568.7952,18.3267,2.012e-05,s,m,None
1525748635.0302,18.3855,52.218,b,l,None
1525748639.2122,18.3855,3.91612955,b,l,None
1525748645.8847,18.3855,52.218,b,l,None
1525748649.762,18.3855,95.14240599,b,m,None
1525748649.8372,18.3855,8.35250818,b,m,None
1525748649.8433,18.39,107.50508583,b,m,None
1525748660.9063,18.39,40.87755417,b,l,None
1525748660.9174,18.4,108.69565,b,l,None
1525748660.9208,18.4398,58.50676275,b,l,None
1525748660.9231,18.4398,0.08179496,b,l,None
1525748660.9252,18.4398,0.00011435,b,l,None
1525748660.9272,18.4398,1.6e-07,b,l,None
1525748660.9295,18.483,20.0,b,l,None
1525748660.9328,18.4948,176.62239814,b,l,None
1525748660.9358,18.4997,95.21572547,b,l,None
1525748767.2073,18.4623,38.0,b,l,None
1525748981.6441,18.3637,50.26613354,b,l,None
1525748981.6777,18.3,250.0,s,m,None
1525749002.2831,18.3001,16.34486578,s,l,None
1525749002.7996,18.3001,31.25511485,s,l,None
1525749002.8042,18.3,2.03592896,s,l,None
1525749002.8077,18.2881,3.0,s,l,None
1525749158.3589,18.339,6.6710223,b,m,None
1525749158.3683,18.3391,4.3289777,b,m,None
1525749166.2946,18.339,9.0,b,l,None
1525749166.2995,18.3392,2.66745604,b,l,None
1525749172.6696,18.2236,2.99222028,s,m,None
1525749172.6728,18.2236,0.0077596,s,m,None
1525749172.6748,18.2236,2.012e-05,s,m,None
1525749271.589,18.3428,7.0,b,m,None
1525749668.9566,18.3266,3.27100566,b,l,None
1525749668.9605,18.3266,0.00261471,b,l,None
1525749668.9626,18.3266,2.09e-06,b,l,None
1525749669.157,18.333,4.92184785,b,l,None
1525749687.6119,18.333,16.0461526,b,l,None
1525749687.6159,18.333,0.02563283,b,l,None
1525749687.6178,18.333,3.672e-05,b,l,None
1525749765.0558,18.34,52.218,b,l,None
1525749784.3276,18.34,197.54494606,b,l,None
1525749784.3319,18.34,0.23676982,b,l,None
1525749784.3343,18.34,0.00028378,b,l,None
1525749784.3364,18.34,3.4e-07,b,l,None
1525749798.9414,18.3974,3.0,b,m,None
1525749867.4674,18.3266,0.81878965,s,l,None
1525749944.7351,18.3,3.93442622,b,l,None
1525750039.7614,18.3,135.92965177,b,l,None
1525750039.7714,18.3,0.13579386,b,l,None
1525750039.7744,18.3,0.00012815,b,l,None
1525750075.0306,18.3291,80.08008008,b,l,None
1525750100.0783,18.3288,3.003003,b,l,None
1525750122.8067,18.3287,11.89004741,b,l,None
1525750234.9531,18.3099,5.0,s,m,None
1525750253.9361,18.3199,22.8794186,b,l,None
1525750253.9488,18.32,29.3385814,b,l,None
1525750368.2696,18.3099,5.0,s,m,None
1525750389.2006,18.32,343.94403288,b,l,None
1525750389.2201,18.32,5.8515998,b,l,None
1525750389.5201,18.32,44.86226516,b,l,None
1525750390.2120001,18.32,39.77391749,b,l,None
1525750390.8156,18.32,5.18790228,b,l,None
1525750391.1266,18.32,388.34624835,b,l,None
1525750427.9012,18.32,122.117361,b,l,None
1525750442.5404,18.32,52.218,b,l,None
1525750452.0319,18.32,68.36009164,b,l,None
1525750499.9487,18.3976,6.92,b,l,None
1525750499.9529,18.398,81.546361,b,l,None
1525750744.5211,18.398,168.453639,b,m,None
1525750744.5414,18.4116,3.0,b,m,None
1525750744.5439,18.4116,3.0,b,m,None
1525750744.5469,18.4649,44.51598,b,m,None
1525750744.5494,18.4743,121.99524364,b,m,None
1525750744.5529,18.4744,159.03513736,b,m,None
1525750830.2253,18.3553,70.766,s,m,None
1525750830.2403,18.3552,8.32,s,m,None
1525750830.244,18.3552,20.85976461,s,m,None
1525750830.2461,18.3552,0.05409474,s,m,None
1525750830.248,18.3552,0.00014029,s,m,None
1525750830.2501,18.3552,3.6e-07,s,m,None
1525750942.1459,18.45,21.1,s,l,None
1525751125.8038,18.4974,13.6990265,b,m,None
1525751125.8085,18.4977,1.3009735,b,m,None
1525751133.1685,18.4976,6.92,b,l,None
1525751133.1759,18.498,78.5245631,b,l,None
1525751171.1035,18.4091,3.07755977,s,m,None
1525751171.1123,18.4091,1.92244023,s,m,None
1525751196.2378,18.498,42.04204204,b,l,None
1525751223.7331,18.498,3.89231268,b,l,None
1525751237.5884,18.498,123.46964537,b,l,None
1525751250.2456,18.498,2.07143681,b,l,None
1525751250.2538,18.4997,120.04592419,b,l,None
1525751333.8574,18.407,8.32,s,m,None
1525751333.8648,18.407,79.47337095,s,m,None
1525751333.8669,18.407,0.20609491,s,m,None
1525751333.8688,18.407,0.00053414,s,m,None
1525751334.7093,18.407,5.0,s,m,None
1525751388.3397,18.4996,19.96805927,b,m,None
1525751388.3432,18.4996,0.03189785,b,m,None
1525751388.3452,18.4996,4.288e-05,b,m,None
1525751388.3484,18.4997,184.59068191,b,m,None
1525751388.3505,18.4997,0.14755451,b,m,None
1525751388.3524,18.4997,0.00011392,b,m,None
1525751388.3561,18.4998,89.38164966,b,m,None
1525751485.8341,18.4998,4.05409787,b,l,None
1525751959.9222,18.499,50.98404355,b,l,None
1525751960.883,18.499,122.117361,b,l,None
1525751961.8953,18.499,76.89859545,b,l,None
1525751961.8988,18.4998,6.55376644,b,l,None
1525751961.9011,18.4998,0.01046928,b,l,None
1525751961.9032,18.4998,1.672e-05,b,l,None
1525751961.9064,18.5,29.17524309,b,l,None
1525751962.6729,18.5,104.26279248,b,l,None
1525751963.9241,18.5,112.6067257,b,l,None
1525751964.1932,18.5,3.95523873,b,l,None
1525751979.9339,18.4945,52.218,b,l,None
1525751982.8497,18.4991,3.21905349,b,l,None
1525751982.8521,18.4991,0.00257318,b,l,None
1525751982.8542,18.4991,2.06e-06,b,l,None
1525752007.7983,18.4946,3.56864833,b,l,None
1525752032.3762,18.5,52.218,s,l,None
1525752038.1894,18.5,52.218,s,l,None
1525752053.0319,18.5,24.564,s,l,None
1525752058.266,18.4062,30.275,s,l,None
1525752058.2846,18.4061,9.0,s,l,None
1525752058.2878,18.4058,119.37873176,s,l,None
1525752058.3016,18.3967,112.2439,s,m,None
1525752058.3046,18.3966,42.23529257,s,m,None
1525752058.3071,18.3394,132.98855696,s,m,None
1525752058.3098,18.3393,211.18467612,s,m,None
1525752058.3119,18.3393,3e-08,s,m,None
1525752095.8148,18.4,89.91743128,b,l,None
1525752095.8192,18.4,0.10777159,b,l,None
1525752095.8219,18.4,0.00012537,b,l,None
1525752482.0270002,18.4957,3.89271251,b,l,None
1525752811.467,18.5,186.7,b,l,None
1525752967.5957,18.3229,9.0,s,m,None
1525752967.6043,18.3227,8.32,s,m,None
1525752967.6084,18.3225,75.98245331,s,m,None
1525752967.6106,18.3225,0.19704207,s,m,None
1525752967.6125,18.3225,0.00050462,s,m,None
1525753028.2295,18.4206,3.2402654,b,m,None
1525753028.245,18.4206,0.00259014,b,m,None
1525753028.2472,18.4206,2.07e-06,b,m,None
1525753028.2503,18.4208,7.29998113,b,m,None
1525753028.2533,18.4262,20.5388406,b,m,None
1525753028.2565,18.4497,9.0,b,m,None
1525753028.2596,18.45,63.24940381,b,m,None
1525753028.2617,18.45,0.05055907,b,m,None
1525753028.2636,18.45,3.712e-05,b,m,None
1525753028.2662,18.4541,7.14,b,m,None
1525753028.2689,18.4545,8.32,b,m,None
1525753028.272,18.4547,288.19,b,m,None
1525753028.2746,18.4968,36.96832066,b,m,None
1525753063.5008,18.3285,6.92,s,m,None
1525753063.506,18.3284,9.0,s,m,None
1525753063.5095,18.328,78.70819511,s,m,None
1525753063.5125,18.326,8.32,s,m,None
1525753063.5152,18.3176,7.14,s,m,None
1525753063.5178,18.3171,20.0,s,m,None
1525753063.5211,18.317,241.0,s,m,None
1525753063.5245,18.3072,128.70587549,s,m,None
1525753063.5270002,18.3072,0.20560044,s,m,None
1525753063.5292,18.3072,0.00032843,s,m,None
1525753063.5311,18.3072,5.3e-07,s,m,None
1525753180.6692,18.4112,4.86665409,b,m,None
1525753180.678,18.4115,38.103,b,m,None
1525753180.6813,18.4116,2.03034591,b,m,None
1525753393.2461,18.398,4.07653004,b,l,None
1525753506.9012,18.398,29.452,b,l,None
1525753691.7916,18.3713,3.0,b,m,None
1525753742.1344,18.3971,3.9136603,s,l,None
1525753766.8355,18.31,54.61496,s,m,None
1525753766.8476,18.3,49.72677594,s,m,None
1525753766.8507,18.2856,29.0773995,s,m,None
1525753766.8536,18.2856,0.05224528,s,m,None
1525753766.8556,18.2856,8.928e-05,s,m,None
1525753853.167,18.2897,8.32,s,m,None
1525753853.1721,18.2895,289.0851896,s,m,None
1525753853.175,18.2895,1e-08,s,m,None
1525754062.0416,18.2962,20.0,s,m,None
1525754062.0573,18.2871,30.0,s,m,None
1525754419.3247,18.2988,7.14,s,m,None
1525754419.4020002,18.2982,27.78775185,s,m,None
1525754419.405,18.2982,0.07206079,s,m,None
1525754419.4071,18.2982,0.00018687,s,m,None
1525754419.409,18.2982,4.9e-07,s,m,None
1525754541.0278,18.2971,46.8188,s,m,None
1525754541.0503,18.297,13.14701775,s,m,None
1525754541.0535,18.297,0.03409361,s,m,None
1525754541.0555,18.297,8.841e-05,s,m,None
1525754541.0574,18.297,2.3e-07,s,m,None
1525754651.3693,18.4,10.0,b,m,None
1525755011.0679,18.3773,3.91304347,b,l,None
1525755057.2534,18.3709,3.61048724,b,m,None
1525755247.9402,18.3722,4.08225471,s,l,None
1525755354.0614,18.37,52.218,s,l,None
1525755366.3937,18.37,3.24443606,s,l,None
1525755369.6036,18.3701,3.24624479,b,m,None
1525755369.6148,18.3701,0.00259492,b,m,None
1525755369.6168,18.3701,2.08e-06,b,m,None
1525755369.6213,18.3946,996.75115821,b,m,None
1525755372.4571,18.37,52.218,s,l,None
1525755380.9984,18.37,52.218,s,l,None
1525755399.2251,18.37,107.8304616,s,l,None
1525755401.6062,18.37,232.27110234,s,l,None
1525755558.427,18.315,85.64404586,s,l,None
1525755558.4406,18.2348,7.14,s,l,None
1525755558.4435,18.2344,31.02328225,s,l,None
1525755558.4456,18.2344,0.05567189,s,l,None
1525755638.3541,18.2557,7.14,s,l,None
1525755638.5966,18.2551,92.76815085,b,l,None
1525755638.5998,18.2551,0.09184915,b,l,None
1525756093.9257,18.2236,2.0,s,l,None
1525756109.3903,18.2233,12.07286837,s,l,None
1525756109.394,18.22,7.92713163,s,l,None
1525756128.7542,18.22,52.218,s,l,None
1525756155.6516,18.22,20.0,s,l,None
1525756200.1418,18.2574,3.24799646,b,l,None
1525756200.1464,18.2574,0.00259632,b,l,None
1525756200.1493,18.2574,2.08e-06,b,l,None
1525756200.1518,18.2574,48.96740514,b,l,None
1525756307.2806,18.2574,3.94360642,b,l,None
1525756521.6541,18.2574,5.0,b,l,None
1525756573.4789999,18.2574,4.5,b,l,None
1525756882.5184,18.2499,7.09479358,b,l,None
1525756882.5221,18.25,3.0,b,l,None
1525757012.6186,18.279,5.97457457,b,l,None
1525757061.8712,18.279,24.02542543,b,l,None
1525757158.2965,18.3277,4.0921665,s,l,None
1525757231.5016,18.25,203.60804256,s,m,None
1525757231.5117,18.25,0.52800809,s,m,None
1525757231.5139,18.25,0.00136926,s,m,None
1525757231.5159,18.25,9e-08,s,m,None
1525757516.6324,18.3493,3.25948171,b,l,None
1525757516.6574,18.3493,0.00260551,b,l,None
1525757516.6596,18.3493,2.08e-06,b,l,None
1525757516.6628,18.35,42.32757493,b,l,None
1525757618.062,18.3494,3.92376987,b,l,None
1525757747.4064,18.3494,7.14,b,m,None
1525757747.4154,18.35,52.86,b,m,None
1525757906.4486,18.3495,6.48498113,b,l,None
1525757906.456,18.3495,0.00388866,b,l,None
1525757906.4579,18.3495,2.33e-06,b,l,None
1525757906.4603,18.3498,8.32,b,l,None
1525757906.4635,18.35,6.60430518,b,l,None
1525758207.5793,18.2466,5.0,s,l,None
1525758227.3199,18.22,249.22862973,s,l,None
1525758227.3227,18.22,0.49746234,s,l,None
1525758227.3249,18.22,0.00098793,s,l,None
1525758394.9471,18.2949,3.27083433,b,m,None
1525758394.9714,18.2949,0.00261458,b,m,None
1525758394.9735,18.2949,2.09e-06,b,m,None
1525758394.9767,18.295,6.92,b,m,None
1525758394.9796,18.295,16.54251435,b,m,None
1525758459.2102,18.2944,38.413,b,l,None
1525758459.2176,18.2945,3.26401433,b,l,None
1525758459.22,18.2945,0.00391213,b,l,None
1525758459.2221,18.2945,4.68e-06,b,l,None
1525758459.2248,18.2945,1.94518025,b,l,None
1525758536.1317,18.2945,37.87397397,b,l,None
1525758689.6797,18.2945,41.04104104,b,l,None
1525758734.8376,18.2945,41.12479707,b,m,None
1525758735.5723,18.2945,79.96018792,b,m,None
1525758735.5775,18.35,770.03981208,b,m,None
1525758896.4442,18.3494,49.10093729,s,l,None
1525758915.5454,18.3498,3.92374848,b,l,None
1525759009.6075,18.2725,52.218,s,l,None
1525759036.9918,18.3479,7.14,b,l,None
1525759036.9956,18.3481,22.83275204,b,l,None
1525759085.2095,18.3374,4.09000185,s,l,None
1525759125.6529999,18.35,128.16830781,b,l,None
1525759171.3347,18.37,67.72889766,b,l,None
1525759174.9619,18.3752,10.4881,s,l,None
1525759287.2164,18.3752,40.48986133,s,l,None
1525759305.8979,18.3145,3.0,s,l,None
1525759408.8928,18.2725,2.50904,s,l,None
1525759408.9041,18.2637,27.376,s,l,None
1525759408.9073,18.2504,9.0,s,l,None
1525759408.9103,18.2502,260.85542367,s,l,None
1525759408.9201,18.2502,0.25953633,s,l,None
1525759435.1667,18.3715,5.45,b,m,None
1525759848.5333,18.2544,14.96408619,s,m,None
1525759848.5403,18.2544,0.03582782,s,m,None
1525759848.5425,18.2544,8.578e-05,s,m,None
1525759848.5445,18.2544,2.1e-07,s,m,None
1525760009.2586,18.3772,3.26955521,b,l,None
1525760009.2685,18.3772,3.26523077,b,l,None
1525760009.2707,18.3772,0.00391358,b,l,None
1525760009.2729,18.3772,4.69e-06,b,l,None
1525760009.2761,18.3773,70.99097654,b,l,None
1525760046.9541,18.3773,7.70889729,b,m,None
1525760046.9562,18.3773,0.00912617,b,m,None
1525760046.9589,18.3999,11.0773116,b,m,None
1525760046.9622,18.4,12.0,b,m,None
1525760046.9649,18.4098,8.32,b,m,None
1525760046.968,18.41,110.88466494,b,m,None
1525760175.1352,18.41,250.0,b,l,None
1525760219.6635,18.4098,3.906,s,l,None
1525760220.0443,18.4098,0.00496046,s,l,None
1525760242.617,18.3624,13.66416462,b,l,None
1525760594.3422,18.4059,82.45416415,b,l,None
1525760858.0703,18.3669,4.123,s,l,None
1525760910.1117,18.41,34.27537538,b,l,None
1525760913.5436,18.41,4.07387288,b,l,None
1525761016.1377,18.4099,52.433514,b,l,None
1525761016.1429,18.41,132.94103367,b,l,None
1525761016.1454,18.41,0.13280822,b,l,None
1525761016.1475,18.41,0.00012491,b,l,None
1525761017.2088,18.412,52.433514,s,l,None
1525761043.9684,18.412,10.0,s,l,None
1525761135.3472,18.412,2.0590052,s,l,None
1525761193.4775,18.3772,49.95,b,l,None
1525761193.4806,18.3773,1300.0,b,l,None
1525761193.9057,18.412,7.6368,s,l,None
1525761193.9533,18.412,5.08761434,s,l,None
1525761193.9637,18.412,27.303,s,l,None
1525761194.5087,18.412,103.0687,s,l,None
1525761194.5455,18.412,500.9132,s,l,None
1525761194.6385,18.412,489.7253,s,l,None
1525761195.6642,18.412,991.845,s,l,None
1525761196.25,18.412,1300.0,s,l,None
1525761196.8463,18.412,991.845,s,l,None
1525761197.5665,18.412,20.0,s,l,None
1525761197.7829,18.412,27.2510083,s,m,None
1525761197.9898,18.412,1300.0,s,l,None
1525761199.6747,18.412,482.08403215,s,l,None
1525761536.3576,18.3664,3.92011673,b,l,None
1525762017.6460001,18.3,4.31264594,s,l,None
1525762017.6578,18.3,0.01035406,s,l,None
1525762062.0605,18.3,1959.89825065,s,l,None
1525762062.0632,18.3,2.10174935,s,l,None
1525762088.4815,18.3,103.72216027,s,l,None
1525762092.1317,18.3,103.72129405,s,l,None
1525762092.8906,18.3,103.72055614,s,l,None
1525762170.0788,18.3,15.304,s,l,None
1525762267.1031,18.3,39.01227994,s,l,None
1525762276.6207,18.3,259.37749401,s,l,None
1525762276.6323,18.3,0.62101555,s,l,None
1525762276.6371,18.3,0.00148687,s,l,None
1525762276.641,18.3,3.56e-06,s,l,None
1525762365.4652,18.3,82.30601808,s,l,None
1525762365.47,18.3,0.14788464,s,l,None
1525762365.4723,18.3,0.00025728,s,l,None
1525762397.9362,18.3,3.5,s,l,None
1525762499.2778,18.3,3.7,s,l,None
1525762538.3874,18.3,7.6577,s,l,None
1525762544.6231,18.3,62.3747,s,l,None
1525762550.907,18.3,29.9463,s,l,None
1525762557.3524,18.3,103.519,s,l,None
1525762559.9147,18.3,67.2348,s,l,None
1525762562.5475,18.3,27.5438,s,l,None
1525762609.3152,18.3,8.7478,s,l,None
1525762626.9093,18.3,1300.0,s,l,None
1525762630.1768,18.3,1300.0,s,l,None
1525762723.6449,18.3,27.41758241,s,m,None
1525762725.1074,18.3,44.8,s,l,None
1525762817.7003,18.3,27.41758241,s,m,None
1525762835.4475,18.3073,4.09484758,b,l,None
1525762843.0762,18.307,3.93105368,b,l,None
1525762876.9689,18.3,27.4326553,s,m,None
1525762877.0408,18.3,784.45062949,s,l,None
1525762877.044,18.3,49.16941273,s,l,None
1525762877.0466,18.3,49.13654436,s,l,None
1525762906.2995,18.2506,5.0,s,l,None
1525762906.3055,18.25,39.8775825,s,l,None
1525762906.3567,18.2506,4.7124828,b,m,None
1525762906.3598,18.2925,249.13202315,b,m,None
1525762906.3625,18.2926,19.48955058,b,m,None
1525762906.3657,18.2926,135.34039582,b,m,None
1525762906.3687,18.2927,10.0,b,m,None
1525762906.3715,18.2927,130.26590421,b,m,None
1525762906.3743,18.2929,19.48955058,b,m,None
1525762906.3767,18.3009,20.0,b,m,None
1525762906.3793,18.3059,245.66135508,b,m,None
1525762908.7992,18.25,9.7820132,s,l,None
1525762908.9965,18.25,12.7049563,s,l,None
1525762910.1014,18.25,115.21159769,s,l,None
1525762912.8523,18.25,115.1760087,s,l,None
1525762917.8924,18.25,103.9531,s,l,None
1525762917.9167,18.25,105.26734247,s,l,None
1525762927.6214,18.2906,6.56505892,b,m,None
1525762927.6313,18.2906,0.00524785,b,m,None
1525762927.6333,18.2906,4.2e-06,b,m,None
1525762927.6360002,18.2919,130.26590421,b,m,None
1525762927.6395,18.292,13.16378482,b,m,None
1525762976.2681,18.22,9.7630272,s,l,None
1525762976.2886,18.22,60.36476117,s,m,None
1525762976.2921,18.21,5.0,s,m,None
1525762976.296,18.2096,10.0,s,m,None
1525762976.3006,18.2072,121.53765991,s,m,None
1525762976.304,18.2,187.10173649,s,m,None
1525762976.3173,18.2,89.15562637,s,m,None
1525762976.3218,18.1567,10.84437363,s,m,None
1525763222.7919,18.2191,3.45949249,b,l,None
1525763222.8021,18.2192,4.10760351,b,l,None
1525763222.8046,18.2192,0.00328345,b,l,None
1525763222.8071,18.2192,2.63e-06,b,l,None
1525763222.8098,18.2199,20.2762035,b,l,None
1525763222.8137,18.22,10.0,b,l,None
1525763243.3181,18.2346,5.00500501,b,l,None
1525763271.6836,18.2346,4.11036206,b,l,None
1525763285.2597,18.2346,8.41499999,b,l,None
1525763298.8465,18.2304,6.92,s,l,None
1525763298.8561,18.23,45.298,s,l,None
1525763312.4252,18.2346,14.91118716,b,l,None
1525763319.3562,18.2303,7.5781,s,l,None
1525763334.8714,18.2307,7.14,s,l,None
1525763334.8779,18.2301,45.078,s,l,None
1525763364.4876,18.2346,26.88688689,b,l,None
1525763409.7976,18.2346,17.71596905,b,l,None
1525763422.4102,18.2526,10.00003095,b,l,None
1525763499.2382,18.2306,6.50049938,b,l,None
1525763716.8055,18.2745,20.0,b,l,None
1525763731.0014,18.275,9.0,s,l,None
1525763731.0138,18.2749,10.06,s,l,None
1525763731.0168,18.2749,20.0,s,l,None
1525763731.0201,18.2748,10.0,s,l,None
1525763731.0229,18.2748,3.158,s,l,None
1525763881.7589,18.2562,20.0,b,l,None
1525764119.1153,18.2603,3.94298012,s,l,None
1525764119.1221,18.2304,6.92,s,l,None
1525764119.1256,18.2301,41.35501988,s,l,None
1525764284.2286,18.2314,6.06314912,s,l,None
1525764284.2482,18.2309,8.32,s,l,None
1525764284.2516,18.2307,31.9752101,s,l,None
1525764284.254,18.2307,0.08291996,s,l,None
1525764284.2565,18.2307,0.00021082,s,l,None
1525764302.7743,18.2312,26.89906225,s,l,None
1525764302.7858,18.2312,0.06440318,s,l,None
1525764302.7881,18.2312,0.0001542,s,l,None
1525764302.7904,18.2312,3.7e-07,s,l,None
1525764749.5822,18.3489,4.08743848,s,l,None
1525764808.769,18.3111,3.9137922,b,l,None
1525764815.9726,18.35,20.0,s,l,None
1525764830.9582,18.35,52.218,s,l,None
1525764839.8242,18.35,52.409,s,l,None
1525764839.9638,18.35,13.074912,s,l,None
1525764846.5689,18.35,3.0,s,l,None
1525764850.5033,18.35,60.0862958,s,l,None
1525765185.9441,18.3956,6.92,b,m,None
1525765185.9534,18.3959,134.08,b,m,None
1525765256.803,18.3316,12.20701686,b,l,None
1525765362.1842,18.34,60.361578,s,l,None
1525765367.3298,18.34,52.218,s,l,None
1525765444.664,18.35,3.92370572,b,l,None
1525765474.4493,18.34,3232.54829335,s,l,None
1525765474.4752,18.34,2.58396947,s,l,None
1525765474.4778,18.34,0.00189963,s,l,None
1525765588.0232,18.34,13.23372443,b,l,None
1525765588.0299,18.34,0.02114014,b,l,None
1525765588.0328,18.34,3.377e-05,b,l,None
1525765992.8611,18.3107,3.2767726,s,m,None
1525765992.8664,18.3106,58.43693282,s,m,None
1525765992.8685,18.3106,0.14629458,s,m,None
1525766015.0207,18.35,5.00500501,b,l,None
1525766015.0369,18.35,8.9891,b,l,None
1525766043.0521,18.35,4.1383,b,l,None
1525766078.8808,18.35,51.94794795,b,l,None
1525766124.5089998,18.35,3.26576577,b,l,None
1525766124.5197,18.35,90.66229066,b,l,None
1525766124.522,18.35,0.06788489,b,l,None
1525766151.5954,18.451,3.26582445,b,l,None
1525766289.1735,18.4431,100.0,b,l,None
1525766518.2638,18.4505,20.0,b,m,None
1525766676.5193,18.4233,4.0709319,s,l,None
1525766741.615,18.4233,3.90809464,b,l,None
1525766741.857,18.4233,25.0,b,l,None
1525766773.6768,18.4233,20.22844972,b,l,None
1525766775.5777,18.4233,52.218,s,l,None
1525766784.5198,18.4233,20.0,s,l,None
1525766814.0665,18.4233,52.218,s,l,None
1525766817.1983,18.4233,20.0,s,l,None
1525766836.6435,18.4233,441.70472,s,l,None
1525766891.8112,18.435,20.0,s,l,None
1525766893.8407,18.435,52.409,s,l,None
1525766998.5513,18.435,400.0,s,l,None
1525767060.8198,18.435,27.591,s,l,None
1525767092.4731,18.435,21.57841273,b,l,None
1525767142.1229,18.435,69.5108435,s,l,None
1525767142.1359,18.435,30.4891565,s,l,None
1525767152.6372,18.435,18.09597824,s,l,None
1525767152.6436,18.435,8.13669,s,l,None
1525767255.5402,18.435,20.0,s,l,None
1525767257.0012,18.435,11.3390496,s,l,None
1525767267.6483,18.435,3.6929034,s,l,None
1525767271.14,18.435,14.03562072,s,l,None
1525767271.1457,18.433,8.13757,s,l,None
1525767408.1617,18.3937,285.76,s,m,None
1525767408.2082,18.3516,14.82012012,s,m,None
1525767408.2125,18.3516,1300.0,s,m,None
1525767408.2158,18.3515,103.3109,s,m,None
1525767408.2183,18.351,8.32,s,m,None
1525767408.2209,18.3508,1231.25632932,s,m,None
1525767408.2229,18.3508,1.2300263,s,m,None
1525767408.2248,18.3508,0.00062426,s,m,None
1525767603.3863,18.4542,4.76572631,b,l,None
1525767603.3903,18.4542,0.00380953,b,l,None
1525767603.3923,18.4542,3.05e-06,b,l,None
1525767614.1172,18.4671,27.079,s,l,None
1525767626.5755,18.4671,22.021938,b,l,None
1525767626.5791,18.4671,49.10093729,b,l,None
1525767626.5832,18.49,125.0,b,l,None
1525767629.1894,18.5,108.96030051,b,l,None
1525767637.1888,18.5,6.07864496,b,l,None
1525767637.2025,18.5,46.13935504,b,l,None
1525767643.8757,18.5,52.218,b,l,None
1525767648.9654,18.5,1.64264496,b,l,None
1525767648.9726,18.5,18.35735504,b,l,None
1525767662.7035,18.5,103.99129129,b,l,None
1525767670.7591,18.5,52.218,b,l,None
1525767678.7463,18.5,130.39630051,b,l,None
1525767679.1465,18.5,20.0,b,l,None
1525767682.95,18.5,11.61326374,b,l,None
1525767682.9699,18.5,0.01578942,b,l,None
1525767753.8739998,18.59,3.45,b,m,None
1525767753.8783,18.6,4.82,b,m,None
1525767753.8821,18.6,10.0,b,m,None
1525767753.8926,18.6,20.0,b,m,None
1525767753.8998,18.6,5.0,b,m,None
1525767753.9032,18.601,6.73,b,m,None
1525767753.915,18.601,125.0,b,m,None
1525767769.7829,18.601,20.0,b,l,None
1525767784.1425,18.5415,8.25182365,s,l,None
1525767785.4869,18.5505,4.0,b,l,None
1525767786.2335,18.5541,4.00013333,s,l,None
1525767790.2376,18.5541,3.99416408,s,l,None
1525767794.0793,18.601,44.31659993,b,l,None
1525767794.0909,18.601,0.07079329,b,l,None
1525767794.0929,18.601,0.00010678,b,l,None
1525767794.0962,18.601,48.58513474,b,l,None
1525767794.0988,18.601,49.06757372,b,l,None
1525767794.1013,18.601,49.06757372,b,l,None
1525767800.4098,18.601,80.0,s,m,None
1525767812.1438,18.6498,43.499,b,m,None
1525767812.1494,18.6499,270.62113042,b,m,None
1525767812.1514,18.6499,0.3783399,b,m,None
1525767812.1533,18.6499,0.00052894,b,m,None
1525767812.1551,18.6499,7.4e-07,b,m,None
1525767812.1581,18.65,270.0,b,m,None
1525767812.1621,18.65,270.0,b,m,None
1525767812.1655,18.727,5.47248852,b,m,None
1525767812.1675,18.727,0.00874199,b,m,None
1525767812.1695,18.727,1.395e-05,b,m,None
1525767812.1726,18.7492,286.11,b,m,None
1525767812.1758,18.75,13.83959467,b,m,None
1525767812.1838,18.75,18.17985629,b,m,None
1525767812.1869,18.75,0.0290413,b,m,None
1525767812.1888,18.75,3.774e-05,b,m,None
1525767812.1916,18.791,42.68,b,m,None
1525767812.1947,18.7911,114.11106467,b,m,None
1525767812.2005,18.7911,5.5,b,m,None
1525767937.0937,18.6103,3.99088747,b,m,None
1525767937.1013,18.6103,3.98443855,b,m,None
1525767937.1047,18.6103,3.99292365,b,m,None
1525767937.1071,18.6103,3.98891966,b,m,None
1525767937.1098,18.6111,3.98679926,b,m,None
1525767937.1124,18.6981,7.14,b,m,None
1525767937.115,18.6997,32.91603141,b,m,None
1525767942.5882,18.6977,8.32,b,m,None
1525767942.5936,18.6979,78.55428685,b,m,None
1525767963.1565,18.6396,20.0,b,m,None
1525767963.1672,18.697,7.14,b,m,None
1525767963.1699,18.6973,20.83052586,b,m,None
1525767963.1726,18.6973,130.26590421,b,m,None
1525767963.176,18.6998,191.76356993,b,m,None
1525767968.1003,18.6969,5.28029245,b,m,None
1525767977.9910002,18.6969,49.54443367,b,l,None
1525768048.1432,18.6012,50.257,s,l,None
1525768048.1572,18.601,90.0,s,l,None
1525768048.161,18.6,296.21177957,s,l,None
1525768048.1862,18.6,50.257,b,l,None
1525768098.8327,18.6,13.27422043,b,l,None
1525768102.5537,18.621,3.98543103,b,m,None
1525768102.5689,18.6588,20.0,b,m,None
1525768102.5726,18.7315,7.14,b,m,None
1525768102.5753,18.7321,130.26590421,b,m,None
1525768102.5786,18.7742,18.60866476,b,m,None
1525768191.9088,18.6999,130.26590421,b,m,None
1525768191.9132,18.7,180.78109579,b,m,None
1525768241.8664,18.6546,50.0,s,l,None
1525768292.4399,18.6638,5.76379974,b,l,None
1525768293.6735,18.6638,7.00700701,b,l,None
1525768300.1215,18.6638,31.25842745,b,l,None
1525768301.3063,18.6639,3.98040754,b,l,None
1525768301.3148,18.6639,3.97992349,b,l,None
1525768301.32,18.6639,3.97787857,b,l,None
1525768301.323,18.6639,3.98338045,b,l,None
1525768302.5771,18.7,319.21890421,b,m,None
1525768302.5798,18.7613,20.0,b,m,None
1525768302.5831,18.7742,49.05299345,b,m,None
1525768302.5861,18.7911,111.72810234,b,m,None
1525768328.1904,18.75,4.41149507,s,l,None
1525768390.2312,18.6943,10.0,s,m,None
1525768432.96,18.7591,3.14994995,b,l,None
1525768463.4573,18.75,48.8251992,s,l,None
1525768480.0953,18.75,19.33073073,b,l,None
1525768490.1829,18.75,4.0,b,l,None
1525768550.7159,18.7114,17.8214,s,l,None
1525768550.7263,18.7113,34.3966,s,l,None
1525768554.4408,18.7499,18.32166,b,l,None
1525768554.4482,18.75,30.61318375,b,l,None
1525768564.4954,18.7116,50.0,s,m,None
1525768572.1509,18.7118,22.401906,s,l,None
1525768572.1633,18.7118,22.401906,s,l,None
1525768572.1660001,18.7117,7.414188,s,l,None
1525768585.9588,18.7117,50.889,s,l,None
1525768585.9629998,18.7117,133.26719854,s,l,None
1525768613.6157,18.6982,19.029,s,m,None
1525768613.619,18.6633,36.82577758,s,m,None
1525768613.6215,18.6633,2e-08,s,m,None
1525768845.7312,18.67,52.218,s,l,None
1525768885.5049,18.67,47.782,s,l,None
1525768901.9707,18.6945,20.0,b,l,None
1525768913.2918,18.7,7.726,s,l,None
1525768931.7397,18.7,52.218,s,l,None
1525768963.6652,18.7,4.0226733,s,l,None
1525768975.244,18.7,52.218,s,l,None
1525769007.7029998,18.7,52.218,s,l,None
1525769070.2906,18.7137,3.18656036,b,m,None
1525769070.2989,18.7138,4.81343964,b,m,None
1525769112.6414,18.7134,20.02002002,b,l,None
1525769127.3505,18.7132,42.16563678,b,l,None
1525769127.3545,18.7133,0.00036323,b,l,None
1525769128.4145,18.7133,5.45282763,b,l,None
1525769243.5593,18.7133,48.94508758,s,l,None
1525769243.5686,18.7,11.5973267,s,l,None
1525769251.7371,18.7,74.82356046,b,l,None
1525769252.0709,18.7,3.34594397,b,l,None
1525769264.3406,18.7,12.39731717,b,l,None
1525769270.0716,18.7,39.03028045,b,l,None
1525769289.4792,18.7,63.72750191,b,l,None
1525769296.417,18.7,20.22940734,b,l,None
1525769303.9671,18.7,121.37644399,b,l,None
1525769321.4491,18.7,48.94547995,b,l,None
1525769360.5382,18.7,20.78162606,b,l,None
1525769367.0777,18.7,9.1941,b,l,None
1525769384.9453,18.7,7.03008317,b,l,None
1525769389.4187,18.7,5.20402665,b,l,None
1525769463.9889998,18.7,34.78584705,b,l,None
1525769635.0613,18.7,4.89795187,b,l,None
1525769763.6809,18.7,290.0,b,m,None
1525769913.9508,18.6994,7.14,b,l,None
1525769913.9632,18.6998,8.32,b,l,None
1525769913.9665,18.7,24.54,b,l,None
1525769930.3665,18.6433,20.0,b,l,None
1525769957.8813,18.6556,20.0,b,l,None
1525770136.52,18.65,113.52232409,s,l,None
1525770155.8979998,18.65,1300.0,s,l,None
1525770157.9676,18.65,1300.0,s,l,None
1525770159.5513,18.65,1300.0,s,l,None
1525770162.0345,18.65,52.218,s,l,None
1525770170.0015,18.65,1300.0,s,l,None
1525770171.5783,18.65,84.25967591,s,l,None
1525770172.7069,18.6366,41.18930051,b,l,None
1525770252.5454,18.5706,8.607004,b,m,None
1525770252.5781,18.5706,3.0,b,m,None
1525770252.5819,18.6023,138.392996,b,m,None
1525770299.3415,18.5228,4.66146197,s,l,None
1525770299.3453,18.5227,3.9869,s,l,None
1525770299.3484,18.5218,200.0,s,l,None
1525770299.3513,18.5142,16.34534535,s,l,None
1525770299.3552,18.51,500.0,s,l,None
1525770299.3581,18.5044,120.20273226,s,l,None
1525770299.3631,18.5043,20.0,s,l,None
1525770299.3666,18.5,40.0,s,l,None
1525770299.3767,18.5,185.70531351,s,l,None
1525770299.3917,18.4904,34.92316903,s,m,None
1525770299.3944,18.4904,2e-08,s,m,None
1525770301.935,18.5,4.3234,b,l,None
1525770326.7177,18.5,4.05405405,b,l,None
1525770350.4533,18.4675,61.23697445,s,m,None
1525770350.4609,18.4675,0.15302555,s,m,None
1525770358.8898,18.5,52.218,b,l,None
1525770361.4322,18.5,1300.0,b,l,None
1525770382.0212,18.5,38.742,b,l,None
1525770385.2053,18.5,52.218,b,l,None
1525770398.8817,18.5,21.08408408,b,l,None
1525770413.1942,18.5,52.218,b,l,None
1525770418.0107,18.5,52.218,b,l,None
1525770435.2119,18.5,52.218,b,l,None
1525770468.1579,18.5,52.218,b,l,None
1525770490.1294,18.5,52.218,b,l,None
1525770559.0724,18.5,52.218,b,l,None
1525770570.2477,18.5,52.218,b,l,None
1525770647.1263,18.5,130.39630051,b,l,None
1525770693.5454,18.5,52.218,b,l,None
1525770750.947,18.4477,203.07870659,s,l,None
1525770750.9502,18.4468,303.02999999,s,l,None
1525770750.9543,18.4382,20.0,s,l,None
1525770750.9575,18.4381,3.24773672,s,l,None
1525770750.9641,18.4291,1300.0,s,l,None
1525770754.7134,18.42,5.3888,b,l,None
1525770755.082,18.42,38.40399279,b,l,None
1525770757.3487,18.42,3.5261,b,l,None
1525770760.4219,18.42,42.9384,b,l,None
1525770760.4485,18.42,71.00142753,b,l,None
1525770764.9846,18.4138,43.61438699,s,l,None
1525770764.9938,18.4138,0.11261301,s,l,None
1525770767.5603,18.42,30.03003003,b,l,None
1525770777.0246,18.42,52.218,b,l,None
1525770804.3473,18.42,52.218,b,l,None
1525770835.8768,18.4138,57.48949101,s,m,None
1525770835.8868,18.3906,10.0,s,m,None
1525770835.8899,18.3788,7.14,s,m,None
1525770835.8925,18.3787,103.158,s,m,None
1525770835.8951,18.3781,5.21250899,s,m,None
1525770852.3045,18.3794,54.40874,s,l,None
1525770852.3089,18.3793,10.0,s,l,None
1525770852.3116,18.3792,54.409332,s,l,None
1525770852.314,18.3791,54.409628,s,l,None
1525770852.3172,18.3791,20.0,s,l,None
1525770852.3201,18.379,54.409924,s,l,None
1525770852.3233,18.379,6.92,s,l,None
1525770852.3261,18.3786,9.0,s,l,None
1525770852.329,18.3783,54.411996,s,l,None
1525770852.3325,18.37,50.0,s,l,None
1525770853.3609,18.37,54.40874,b,l,None
1525770854.3621,18.37,54.409628,b,l,None
1525770856.0662,18.37,19.16626627,b,l,None
1525770860.2116,18.37,122.38918919,b,l,None
1525770861.486,18.37,104.22962963,b,l,None
1525770862.8028,18.37,159.36106106,b,l,None
1525770866.1138,18.37,83.59479479,b,l,None
1525770868.3456,18.37,53.16276276,b,l,None
1525770868.606,18.37,31.48438438,b,l,None
1525770868.8218,18.37,28.04374374,b,l,None
1525770870.3336,18.37,43.58048048,b,l,None
1525770945.3263,18.3707,25.641,s,l,None
1525770945.3297,18.3706,5.58298298,s,l,None
1525770945.3324,18.3705,10.0,s,l,None
1525770945.3352,18.351,6.92,s,l,None
1525770945.3379,18.3507,103.3154,s,l,None
1525770945.341,18.3506,42.54061702,s,l,None
1525770985.6547,18.353,25.0,s,m,None
1525771183.9427,18.4996,6.92,b,m,None
1525771183.9574,18.4999,18.08,b,m,None
1525771275.4293,18.439,5.0,s,l,None
1525771325.6066,18.3864,5.0,s,l,None
1525771339.7318,18.35,272.47956,s,m,None
1525771339.7354,18.35,23.46701907,s,m,None
1525771339.7385,18.3386,44.05342093,s,m,None
1525771345.1605,18.3386,29.6908701,s,m,None
1525771345.1641,18.3294,55.10381621,s,m,None
1525771345.1679,18.3254,5.0,s,m,None
1525771345.1705,18.3204,50.20531369,s,m,None
1525771350.8004,18.3205,96.253,s,l,None
1525771350.8092,18.3203,10.0,s,l,None
1525771350.8119,18.304,6.92,s,l,None
1525771350.8145,18.3036,46.71543323,s,l,None
1525771350.8165,18.3036,0.11156677,s,l,None
1525771361.3545,18.3044,54.631673,s,l,None
1525771361.3723,18.3043,95.15955309,s,l,None
1525771361.3742,18.3043,0.20877391,s,l,None
1525771653.9529998,18.35,4.99489918,s,l,None
1525771653.9638,18.3091,5.0,s,l,None
1525771653.9663,18.3032,8.32,s,l,None
1525771653.9689999,18.303,281.68510082,s,l,None
1525771787.0573,18.4007,3.23797633,b,l,None
1525771787.0608,18.4007,0.00258831,b,l,None
1525771787.0629,18.4007,2.07e-06,b,l,None
1525771790.6655,18.4011,3.4099866,s,l,None
1525771857.5694,18.4011,3.34944669,s,l,None
1525771917.8118,18.4012,3.0,b,l,None
1525771940.3502,18.4012,0.91278829,s,l,None
1525772198.4153,18.4026,6.92,b,l,None
1525772254.6012,18.403,155.0,b,m,None
1525772254.6112,18.407,10.0,b,m,None
1525772254.6149,18.4184,36.565,b,m,None
1525772254.6182,18.4185,51.685,b,m,None
1525772261.4505,18.4183,8.32,b,l,None
1525772261.4549,18.4185,11.68,b,l,None
1525772284.4541,18.4179,31.994,b,l,None
1525772284.4572,18.4179,7.14,b,l,None
1525772284.4604,18.4185,4.35638081,b,l,None
1525772292.621,18.4183,8.32,b,l,None
1525772292.627,18.4184,1.68,b,l,None
1525772338.8425,18.403,4.07542248,s,l,None
1525772530.3473,18.3,24.5754,s,l,None
1525772530.3661,18.3,63.67486339,s,m,None
1525772530.3698,18.25,200.0,s,m,None
1525772530.3728,18.2419,10.0,s,m,None
1525772530.3758,18.182,141.43629891,s,m,None
1525772530.3783,18.1461,42.68,s,m,None
1525772530.3808,18.146,390.68158674,s,m,None
1525772530.3927,18.146,909.31841326,s,m,None
1525772530.3957,18.1412,93.9834257,s,m,None
1525772530.3979998,18.1412,1e-08,s,m,None
1525772530.4031,18.1412,25.0,s,m,None
1525772533.4923,18.2431,103.9248,s,l,None
1525772533.4966,18.242,10.0,s,l,None
1525772534.0741,18.2273,27.47687993,b,l,None
1525772653.1301,18.2434,5.0,s,l,None
1525772677.5378,18.2199,29.34,b,m,None
1525772825.7688,18.2199,5.0,b,l,None
1525772847.0342,18.2199,8.12597215,b,l,None
1525772862.0607,18.1713,10.0,s,l,None
1525772891.7426,18.1418,55.121322,s,l,None
1525772891.7484,18.1417,55.121625,s,l,None
1525772891.7510002,18.1416,55.121929,s,l,None
1525772891.7537,18.1415,56.015,s,l,None
1525772891.7563,18.1414,55.122537,s,l,None
1525772891.7587,18.1413,55.122841,s,l,None
1525772979.5108,18.087,22.16241156,b,l,None
1525773056.6849,18.1427,9.0,b,l,None
1525773056.6895,18.143,43.218,b,l,None
1525773066.2725,18.1314,20.0,s,l,None
1525773066.2796,18.0537,228.63019441,s,l,None
1525773066.2818,18.0537,0.36980559,s,l,None
1525773072.0344,18.1429,52.218,b,l,None
1525773112.2569,18.1439,20.0,s,m,None
1525773112.2627,18.1014,104.7383,s,m,None
1525773112.2655,18.1013,6.92,s,m,None
1525773112.268,18.1008,9.0,s,m,None
1525773112.2704,18.1001,203.85644207,s,m,None
1525773112.2731,18.0995,255.48525793,s,m,None
1525773220.0504,18.1994,3.0,b,l,None
1525773279.8296,18.1994,0.95617437,s,l,None
1525773279.8428,18.1634,18.266,s,l,None
1525773279.8459,18.1633,116.61488979,s,l,None
1525773288.7298,18.1553,55.080334,s,l,None
1525773288.7354,18.1551,55.636,s,l,None
1525773288.7393,18.155,60.54514428,s,l,None
1525773288.7433,18.1428,10.0,s,l,None
1525773288.7459,18.1426,10.0,s,l,None
1525773288.7499,18.12,250.0,s,l,None
1525773288.7524,18.11,250.0,s,l,None
1525773545.9420002,18.2,3.0,b,m,None
1525773652.3865,18.2,52.218,b,l,None
1525773669.1587,18.2,105.782,b,l,None
1525773669.1663,18.2,158.0,b,l,None
1525773669.1694,18.2005,3.0,b,l,None
1525773669.1727,18.2005,3.0,b,l,None
1525773669.1753,18.2005,3.0,b,l,None
1525773669.1778,18.2005,3.0,b,l,None
1525773669.1807,18.201,224.0,b,l,None
1525773669.1833,18.202,158.0,b,l,None
1525773669.1859,18.206,161.0,b,l,None
1525773669.1885,18.206,195.0,b,l,None
1525773669.191,18.213,160.0,b,l,None
1525773669.1935,18.216,144.0,b,l,None
1525773669.1968,18.22,38.4296767,b,l,None
1525773669.1991,18.22,0.0603233,b,l,None
1525773669.2018,18.22,144.0,b,l,None
1525773669.2045,18.222,144.0,b,l,None
1525773669.2073,18.224,144.0,b,l,None
1525773669.2103,18.244,191.0,b,l,None
1525773670.7595,18.25,30.0985028,s,l,None
1525773670.8425,18.25,86.2247889,s,l,None
1525773672.6654,18.25,3.9915045,s,l,None
1525773674.2909,18.25,36.9753876,s,l,None
1525773674.8181,18.25,114.9718131,s,l,None
1525773683.0568,18.25,9.13524833,s,l,None
1525773683.3398,18.2915,10.0,b,l,None
1525773683.3435,18.2915,130.26590421,b,l,None
1525773683.3462,18.2916,53.63846793,b,l,None
1525773685.1054,18.25,51.0188301,s,l,None
1525773685.2413,18.25,61.4364021,s,l,None
1525773697.032,18.2911,10.0,b,l,None
1525773700.1583,18.25,31.0271,s,l,None
1525773702.1426,18.25,6.8536,s,l,None
1525773704.7208,18.25,51.2135352,s,l,None
1525773711.3315,18.25,103.8311649,s,l,None
1525773711.9926,18.25,18.8325486,s,l,None
1525773745.3425,18.25,1300.0,s,l,None
1525773745.5772,18.25,27.7586329,s,l,None
1525773747.8506,18.25,1300.0,s,l,None
1525773751.5443,18.25,499.10161709,s,m,None
1525773751.5575,18.25,1e-08,s,m,None
1525773754.3357,18.25,52.218,s,l,None
1525773756.4669,18.25,64.2550806,s,l,None
1525773795.1961,18.25,4.7528424,s,l,None
1525773795.2247,18.25,35.331633,s,l,None
1525773801.2237,18.25,4.4807148,s,l,None
1525773833.6622,18.2501,109.41337856,s,l,None
1525773833.6688,18.25,185.57662144,s,l,None
1525773841.8649,18.25,4.563432,s,l,None
1525773842.1209,18.25,4.1169789,s,l,None
1525773849.5341,18.25,55.56123,s,l,None
1525773862.8768,18.25,55.52773322,s,l,None
1525773866.4725,18.25,52.218,s,l,None
1525773878.4366,18.25,27.76386661,s,l,None
1525773881.9975,18.25,82.53896,s,l,None
1525773883.8021,18.25,13.88193331,s,l,None
1525773884.6328,18.25,52.218,s,l,None
1525773894.4921,18.25,6.94096665,s,l,None
1525773897.9738,18.25,13.7930931,s,l,None
1525773897.9895,18.25,129.87,s,l,None
1525773899.1154,18.25,3.47048333,s,l,None
1525773900.633,18.25,29.97,s,l,None
1525773901.4086,18.25,9.20775451,s,l,None
1525773914.3462,18.2302,3.40124157,b,l,None
1525773914.3529,18.2302,0.00271881,b,l,None
1525773914.355,18.2302,2.18e-06,b,l,None
1525773914.3583,18.2303,20.0,b,l,None
1525773914.3611,18.2435,31.39025744,b,l,None
1525773929.4414,18.1572,55.07457,s,l,None
1525774070.3826,18.1685,22.44853977,s,m,None
1525774070.3904,18.1685,0.05146023,s,m,None
1525774171.4477,18.2444,52.218,b,l,None
1525774183.6679,18.2441,4.11080538,b,l,None
1525774205.925,18.2439,8.56819462,b,l,None
1525774205.9358,18.244,13.55831356,b,l,None
1525774207.7302,18.25,72.3620655,s,l,None
1525774267.2329,18.2954,130.26590421,b,m,None
1525774267.2405,18.302,69.73409579,b,m,None
1525774360.9201,18.25,52.218,s,l,None
1525774389.5729,18.25,32.5251423,s,l,None
1525774390.6952,18.25,52.218,s,l,None
1525774393.139,18.25,57.126816,s,l,None
1525774401.2412,18.2823,20.0,b,m,None
1525774483.6182,18.2992,6.92,b,m,None
1525774483.6241,18.2996,42.861,b,m,None
1525774483.6271,18.2996,55.99790706,b,m,None
1525774511.5021,18.25,10.7535357,s,l,None
1525774554.5042,18.2974,3.9335625,s,l,None
1525774571.9061,18.2974,0.00142279,s,l,None
1525774729.4584,18.2505,14.0,s,l,None
1525774729.4632,18.2501,38.218,s,l,None
1525774807.5899,18.25,3.3164802,s,l,None
1525774808.3438,18.25,3.2636331,s,l,None
1525774857.1136,18.25,38.08981902,s,l,None
1525774989.9468,18.2423,3.25680448,b,l,None
1525774989.9497,18.2423,0.00260336,b,l,None
1525774989.9521,18.2423,2.08e-06,b,l,None
1525775096.5771,18.2732,20.0,b,l,None
1525775106.3349,18.25,16.43059008,s,l,None
1525775197.3259,18.2471,9.62677946,b,l,None
1525775205.1132,18.25,52.218,s,l,None
1525775211.0801,18.25,52.218,s,l,None
1525775216.546,18.25,27.93722054,s,l,None
1525775479.1616,18.1508,27.489,s,m,None
1525775479.1685,18.15,72.511,s,m,None
1525775481.8795,18.15,52.218,s,l,None
1525775544.5644,18.1502,17.18,s,m,None
1525775544.5763,18.1501,4.0222273,s,m,None
1525775544.5798,18.15,158.44918648,s,m,None
1525775544.5818,18.15,0.347823,s,m,None
1525775544.5839,18.15,0.00076322,s,m,None
1525775693.4293,18.1502,10.738,s,l,None
1525775693.4339,18.1501,4.0222273,s,l,None
1525775693.4371,18.15,51.57770184,s,l,None
1525775693.4392,18.15,0.11322185,s,l,None
1525775693.4412,18.15,0.00024854,s,l,None
1525775693.4432,18.15,5.5e-07,s,l,None
1525775793.8079,18.1501,6.711,s,l,None
1525775793.8136,18.15,159.87332935,s,l,None
1525775793.8159,18.15,0.41459272,s,l,None
1525775793.8235,18.15,0.00107514,s,l,None
1525775793.8254,18.15,2.79e-06,s,l,None
1525775845.5968,18.1978,3.95652221,b,l,None
1525775927.1478,18.15,52.218,s,l,None
1525776082.5761,18.15,102.27505452,s,l,None
1525776082.5893,18.1432,128.34694113,s,l,None
1525776082.5931,18.1363,4.195,s,l,None
1525776082.5973,18.1362,64.34770239,s,l,None
1525776082.6011,18.1273,10.0,s,l,None
1525776082.6043,18.1272,10.0,s,l,None
1525776088.6718,18.12,33.55455456,b,l,None
1525776096.6272,18.12,4.4065,b,l,None
1525776097.5962,18.12,16.34064064,b,l,None
1525776097.6225,18.12,4.919,b,l,None
1525776105.0692,18.12,6.7594,b,l,None
1525776107.6296,18.12,4.47597598,b,l,None
1525776114.5521,18.12,4.13907284,b,l,None
1525776118.46,18.12,28.6918,b,l,None
1525776119.7254,18.12,7.53413413,b,l,None
1525776143.9534,18.12,3.25890418,b,l,None
1525776148.9527,18.12,133.1239,b,l,None
1525776152.505,18.12,181.2552,b,l,None
1525776153.9065,18.1,843.94931397,b,l,None
1525776153.9499,18.1,110.0803453,b,l,None
1525776153.9703,18.1,14.35830591,b,l,None
1525776154.2695,18.0875,10.0,s,m,None
1525776154.2729998,18.0874,104.8194,s,m,None
1525776154.2756,18.0874,85.1806,s,m,None
1525776154.8464,18.1,93.1113654,b,l,None
1525776155.1898,18.1,12.14496071,b,l,None
1525776155.4439,18.1,44.8216,b,l,None
1525776155.4508,18.1,5.5899,b,l,None
1525776155.8111,18.1,301.61553524,b,l,None
1525776156.8684,18.1,216.28928929,b,l,None
1525776183.9531,18.1,51.9048048,b,l,None
1525776210.3820002,18.0893,10.0,s,m,None
1525776210.3862,18.0893,28.968383,s,m,None
1525776210.3929,18.0893,3.3749838,s,m,None
1525776210.3957,18.0892,104.809,s,m,None
1525776210.3989,18.0891,28.968703,s,m,None
1525776210.4017,18.0891,23.0189302,s,m,None
1525776211.4951,18.1,46.35675676,b,l,None
1525776213.6055,18.1,19.87337337,b,l,None
1525776232.2564,18.1,130.39630051,b,l,None
1525776244.1315,18.1,4.4602,b,l,None
1525776251.6795,18.1,49.96236236,b,l,None
1525776252.2446,18.1,72.9980981,b,l,None
1525776254.2349,18.1,59.41621622,b,l,None
1525776254.5851,18.1,122.96046046,b,l,None
1525776257.5021,18.1,11.03813814,b,l,None
1525776258.9632,18.1,20.45845846,b,l,None
1525776263.4872,18.1,122.96856857,b,l,None
1525776268.025,18.1,122.96856857,b,l,None
1525776268.8471,18.1,710.0322917,b,l,None
1525776269.149,18.1,87.04784785,b,l,None
1525776269.4037,18.1,122.96856857,b,l,None
1525776271.6108,18.091,8.728702,s,m,None
1525776271.6149,18.0909,10.0,s,m,None
1525776271.6181,18.0909,8.72875,s,m,None
1525776271.6209,18.0908,104.7997,s,m,None
1525776271.6237,18.0908,118.00390493,s,m,None
1525776271.6263,18.0908,0.2590387,s,m,None
1525776271.6287,18.0908,0.00056437,s,m,None
1525776276.4875,18.1,40.43973974,b,l,None
1525776277.6609,18.1,115.38382202,b,l,None
1525776277.9738,18.1,130.39630051,b,l,None
1525776278.9224,18.0912,34.17262895,s,l,None
1525776278.9255,18.0912,0.08837105,s,l,None
1525776281.9747,18.1,8.2164,b,l,None
1525776287.7864,18.1,122.96856857,b,l,None
1525776288.0561,18.1,163.48008008,b,l,None
1525776288.2421,18.1,115.37876266,b,l,None
1525776289.2793,18.1,122.96856857,b,l,None
1525776291.2432,18.1,172.74594595,b,l,None
1525776291.3646,18.1,115.42923273,b,l,None
1525776292.5289,18.1,180.0,b,m,None
1525776292.5995,18.1,18.23913914,b,l,None
1525776292.6538,18.1,57.91571572,b,l,None
1525776292.8893,18.1,22.25795796,b,l,None
1525776293.1835,18.1,115.5062001,b,l,None
1525776293.2841,18.1,79.24204204,b,l,None
1525776293.4624,18.1,122.50760761,b,l,None
1525776294.1487,18.1,298.95195195,b,l,None
1525776294.4314,18.1,35.91131131,b,l,None
1525776295.1595,18.1,93.26766767,b,l,None
1525776295.3263,18.1,123.15555555,b,l,None
1525776300.1975,18.1,1300.0,b,l,None
1525776302.4553,18.1,1300.0,b,l,None
1525776304.3886,18.1,204.87357357,b,l,None
1525776304.4687,18.1,1300.0,b,l,None
1525776304.7519,18.1,115.5385,b,l,None
1525776304.7765,18.1,20.02002002,b,l,None
1525776305.1792,18.1,130.39630051,b,l,None
1525776305.6941,18.1,24.00880881,b,l,None
1525776305.9478,18.1,12.45555556,b,l,None
1525776306.0782,18.1,130.39630051,b,l,None
1525776306.1639,18.1,313.0,b,l,None
1525776306.7213,18.1,52.218,b,l,None
1525776313.1695,18.1,105.73083083,b,l,None
1525776313.3028,18.1,76.87307307,b,l,None
1525776313.3229,18.1,310.73,b,l,None
1525776314.1758,18.1,130.39630051,b,l,None
1525776317.1531,18.1,130.39630051,b,l,None
1525776320.0222,18.1,49.38648649,b,l,None
1525776320.2411,18.1,20.15075075,b,l,None
1525776325.8157,18.1,21.22492492,b,l,None
1525776326.7651,18.1,123.20800125,b,l,None
1525776328.8707,18.1,53.99748949,b,l,None
1525776329.0979,18.1,3.8977978,b,l,None
1525776334.8175,18.1,71.68133854,b,l,None
1525776336.032,18.1,59.76876877,b,l,None
1525776337.5185,18.1,123.34695784,b,l,None
1525776338.885,18.1,110.24554976,b,l,None
1525776340.2943,18.1,5.1,b,l,None
1525776347.391,18.1,179.17917918,b,l,None
1525776348.3286,18.1,52.218,b,l,None
1525776350.0851,18.1,93.09309309,b,l,None
1525776351.1775,18.1,28.59059059,b,l,None
1525776357.6141,18.1,52.218,b,l,None
1525776358.8811,18.1,123.33981953,b,l,None
1525776361.0231,18.1,123.34745055,b,l,None
1525776361.2821,18.1,105.73103103,b,l,None
1525776362.2052,18.1,27.75275275,b,l,None
1525776365.5219,18.1,31.52622623,b,l,None
1525776370.929,18.1,20.0,b,l,None
1525776374.488,18.1,115.56277307,b,l,None
1525776377.9371,18.1,134.13413413,b,l,None
1525776377.9523,18.1,15.32,b,l,None
1525776380.9466,18.1,36.03603604,b,l,None
1525776381.9436,18.1,115.4714,b,l,None
1525776384.5402,18.1,20.02002002,b,l,None
1525776384.5657,18.1,5.1,b,l,None
1525776387.175,18.1,222.46646647,b,l,None
1525776390.8882,18.1,111.21521522,b,l,None
1525776392.6125,18.1,119.4024024,b,l,None
1525776396.2834,18.1,115.56495005,b,l,None
1525776399.4117,18.1,991.845,b,l,None
1525776399.4358,18.1,29.17897898,b,l,None
1525776419.0508,18.1,48.64274274,b,l,None
1525776419.3760002,18.1,8.86790828,b,l,None
1525776419.3818,18.1,62.55744348,b,l,None
1525776419.3847,18.1,0.09993202,b,l,None
1525776419.3875,18.1,0.00015963,b,l,None
1525776419.3902,18.1,2.6e-07,b,l,None
1525776419.3936,18.1,33.22095633,b,l,None
1525776421.3289,18.1,5.4048048,b,l,None
1525776421.7185,18.1,4.362182,b,l,None
1525776426.0414,18.1,3.270545,b,l,None
1525776430.6045,18.1,20.0,b,l,None
1525776438.2781,18.1,8.21951952,b,l,None
1525776442.6659,18.1,6.07957958,b,l,None
1525776442.7061,18.1,102.48798799,b,l,None
1525776442.8189,18.1,102.98228909,b,l,None
1525776447.4208,18.1,20.0,b,l,None
1525776456.6092,18.1,77.603,b,l,None
1525776459.5747,18.1,33.29189189,b,l,None
1525776462.1784,18.1,104.7464,b,l,None
1525776482.2958,18.1,54.0,b,m,None
1525776487.0344,18.1,53.0802,b,l,None
1525776493.4133,18.1,95.0,b,l,None
1525776499.9856,18.1,28.7619,b,l,None
1525776500.1617,18.1,51.3448,b,l,None
1525776501.2529998,18.1,103.07908258,b,l,None
1525776501.3189,18.1,133.28398398,b,l,None
1525776509.0287,18.1,9.8274,b,l,None
1525776509.1789,18.1,104.7464,b,l,None
1525776511.3169,18.1,104.7464,b,l,None
1525776512.5603,18.1,15.32432432,b,l,None
1525776513.1752,18.1,104.7464,b,l,None
1525776515.9013,18.1,133.38218218,b,l,None
1525776521.7779,18.1,35.96166166,b,l,None
1525776543.455,18.1,17.4559,b,l,None
1525776549.8042,18.1,4.52072072,b,l,None
1525776551.2548,18.1,104.7464,b,l,None
1525776552.5261,18.1,104.7464,b,l,None
1525776553.1735,18.1,122.03499494,b,l,None
1525776553.9827,18.1,36.9541,b,l,None
1525776556.3087,18.1,36.99109109,b,l,None
1525776556.915,18.1,23.59650233,b,l,None
1525776556.9202,18.12,2984.40349767,b,l,None
1525776576.0254,18.12,7.401001,b,l,None
1525776651.4373,18.12,16.03113113,b,l,None
1525776657.573,18.12,15.61931932,b,l,None
1525776664.4967,18.12,52.218,b,l,None
1525776666.1573,18.12,20.0,b,l,None
1525776671.6711,18.12,52.218,b,l,None
1525776679.7367,18.12,52.218,b,l,None
1525776679.9546,18.12,41.17697698,b,l,None
1525776680.9155,18.12,20.0,b,l,None
1525776702.0855,18.12,52.218,b,l,None
1525776705.6171,18.12,20.0,b,l,None
1525776714.9623,18.12,18.47517518,b,l,None
1525776734.8935,18.12,1000.0,b,l,None
1525776737.4537,18.12,1000.0,b,l,None
1525776744.6089,18.12,249.01904525,b,l,None
1525776750.9545,18.12,1000.0,b,l,None
1525776751.0389,18.12,54.92337196,b,l,None
1525776758.927,18.12,20.0,b,l,None
1525776761.1014,18.12,1000.0,b,l,None
1525776776.3760002,18.12,36.198603,b,l,None
1525776833.4865,18.12,500.0,b,l,None
1525776847.1839,18.12,8.22842843,b,l,None
1525776849.1847,18.12,105.72952953,b,l,None
1525776863.2901,18.12,1300.0,b,l,None
1525776865.4882,18.12,1300.0,b,l,None
1525776866.7341,18.12,2973.41162804,b,m,None
1525776868.5579,18.12,352.88651214,b,l,None
1525777220.9495,18.1598,3.96480137,s,l,None
1525777235.8986,18.1512,6.99159159,b,l,None
1525777366.0544,18.1449,20.0,b,l,None
1525777405.1220002,18.15,20.0,s,l,None
1525777438.8247,18.1569,9.044,b,l,None
1525777763.6022,18.15,52.218,s,l,None
1525777766.4111,18.1605,17.75365365,b,l,None
1525777779.5607,18.15,52.218,s,l,None
1525777799.6208,18.15,52.218,s,l,None
1525777816.4704,18.15,21.86097005,s,m,None
1525777816.4766,18.15,0.05669112,s,m,None
1525777816.4786,18.15,0.00014702,s,m,None
1525777816.4806,18.15,3.8e-07,s,m,None
1525777828.576,18.15,20.0,s,l,None
1525777933.3041,18.15,20.0,s,l,None
1525777996.7201,18.2161,4.11719174,b,l,None
1525778120.1685,18.15,85.42819143,s,l,None
1525778133.0357,18.13,300.0,s,l,None
1525778149.3187,18.125,3.0,s,l,None
1525778150.0432,18.118,185.0,s,l,None
1525778150.0479999,18.114,149.0,s,l,None
1525778150.0505,18.114,149.0,s,l,None
1525778150.0537,18.1136,72.30832849,s,l,None
1525778155.1508,18.1135,65.38238238,b,l,None
1525778160.3044,18.108,52.409,s,l,None
1525778161.1087,18.108,65.74585911,s,l,None
1525778161.1113,18.108,0.14432338,s,l,None
1525778161.1133,18.108,0.00031681,s,l,None
1525778161.1153,18.108,7e-07,s,l,None
1525778161.3742,18.108,41.7005,s,l,None
1525778184.248,18.0423,3.29655951,b,l,None
1525778184.2508,18.0423,0.00263514,b,l,None
1525778184.2529998,18.0423,2.11e-06,b,l,None
1525778184.2559,18.0423,215.29686717,b,l,None
1525778184.2589,18.0423,51.975972,b,l,None
1525778184.2619,18.0424,34.56636125,b,l,None
1525778185.0538,18.1,54.092853,s,l,None
1525778186.9299,18.1,751.76874982,s,l,None
1525778191.9306,18.03,52.218,s,l,None
1525778196.2788,18.03,52.218,s,l,None
1525778199.1358,18.03,15.564,s,l,None
1525778199.1545,18.0,177.76258336,s,l,None
1525778199.1566,18.0,0.42560874,s,l,None
1525778199.1587,18.0,0.0008079,s,l,None
1525778199.1664,18.0,6.26736751,s,m,None
1525778199.1738,18.0,10.49107823,s,m,None
1525778199.1761,18.0,2e-08,s,m,None
1525778199.1828,18.0,59.84440455,s,m,None
1525778199.1849,18.0,1e-08,s,m,None
1525778199.1904,18.0781,6.26736751,b,m,None
1525778218.06,18.0,12.08999999,s,l,None
1525778220.8188,18.0,733.11814969,s,l,None
1525778220.8269,18.0,100.02701667,s,l,None
1525778220.8323,18.0,26.77777,s,l,None
1525778220.8356,18.0,26.97103333,s,l,None
1525778225.6912,17.9999,100.0,b,m,None
1525778250.5848,17.9208,991.845,s,l,None
1525778250.6029,17.9111,100.0,s,m,None
1525778255.5742,17.911,105.54700682,s,m,None
1525778255.5769,17.911,0.22299318,s,m,None
1525778267.3404,17.9182,12.8266,b,l,None
1525778271.2329998,17.911,2.59991625,s,l,None
1525778271.2378,17.9049,133.86680098,s,l,None
1525778271.2410002,17.9001,710.68845525,s,l,None
1525778271.2445,17.9,101.90511732,s,l,None
1525778295.8318,17.88,5.67639324,s,l,None
1525778295.8441,17.88,18.0,s,m,None
1525778328.1596,17.88,52.218,s,l,None
1525778482.8070002,17.961,4.00008889,b,l,None
1525778501.0857,17.961,57.84984985,b,l,None
1525778505.0965,17.961,22.3436,b,l,None
1525778506.9252,17.961,20.80646126,b,l,None
1525778536.3447,18.0,490.0,b,m,None
1525778567.5194,18.0,430.0,b,m,None
1525778596.8081,17.9857,16.85243657,s,l,None
1525778656.1351,17.9857,52.218,s,l,None
1525778738.6793,17.961,5.0,s,l,None
1525778873.8194,17.9027,49.8022811,s,m,None
1525778873.8223,17.9027,0.09940575,s,m,None
1525778873.8245,17.9027,0.00019315,s,m,None
1525778890.0901,17.9027,52.218,s,l,None
1525778896.9348,17.9027,22.15954992,s,l,None
1525778916.9414,17.8923,52.218,s,l,None
1525778941.7585,17.88,9.97406742,s,m,None
1525778941.7626,17.88,0.02586533,s,m,None
1525778941.7651,17.88,6.708e-05,s,m,None
1525778941.7681,17.88,1.7e-07,s,m,None
1525778952.1361,17.88,52.218,s,l,None
1525779037.1993,17.88,21.68153244,s,l,None
1525779176.4903,17.8518,333.8143713,s,m,None
1525779237.2725,17.8518,174.67329905,s,m,None
1525779237.2787,17.85,100.0,s,m,None
1525779237.2928,17.8397,5.60548,s,m,None
1525779237.2971,17.8156,9.14237862,s,m,None
1525779251.3033,17.8798,4.19303169,b,m,None
1525779251.313,17.8798,0.00335175,b,m,None
1525779251.3152,17.8798,2.68e-06,b,m,None
1525779251.3196,17.88,553.35849553,b,m,None
1525779307.8523,17.88,30.03003003,b,l,None
1525779349.2035,17.8565,97.662,s,l,None
1525779349.2106,17.8564,285.64999999,s,l,None
1525779349.2139,17.8231,8.7118,s,l,None
1525779349.2184,17.823,100.0,s,l,None
1525779349.2213,17.8229,64.29634503,s,l,None
1525779349.2244,17.8164,1300.0,s,l,None
1525779349.2297,17.8156,10.0,s,l,None
1525779349.2329,17.8004,148.43541356,s,l,None
1525779349.2359,17.8003,142.03478308,s,l,None
1525779349.2401,17.8002,192.20965834,s,l,None
1525779370.4493,17.88,22.42163163,b,l,None
1525779371.4373,17.88,45.207,b,l,None
1525779442.7172,17.88,130.39630051,b,l,None
1525779475.5009,17.88,13.43613614,b,l,None
1525779518.9649,17.88,100.7457,b,l,None
1525779519.9859,17.88,104.40470616,b,l,None
1525779525.7817,17.881,15.0,b,m,None
1525779558.1318,17.881,485.0,b,l,None
1525779562.447,17.8881,43.52652881,b,l,None
1525779569.5022,17.8881,27.9178,b,l,None
1525779591.1793,17.8881,85.7144,b,l,None
1525779669.7670002,17.8881,0.02175455,b,l,None
1525779720.3067,17.9935,4.00122259,b,l,None
1525779777.2804,17.95,105.83691428,s,l,None
1525779778.4476,17.95,52.218,s,l,None
1525779778.8493,17.95,105.81652653,s,l,None
1525779780.2774,17.95,6.12855919,s,l,None
1525779850.4546,17.8131,106.4335,s,l,None
1525779850.4585,17.813,9.0,s,l,None
1525779850.4619,17.8128,6.132166,s,l,None
1525779850.4647,17.8128,38.361,s,l,None
1525779850.4674,17.8116,126.77075981,s,l,None
1525779850.4708,17.81,1003.5,s,l,None
1525779850.4735,17.8002,134.27923745,s,l,None
1525779850.4764,17.8001,102.01659511,s,l,None
1525779850.4798,17.8,7.89201124,s,l,None
1525779850.485,17.8,25.0,s,l,None
1525779851.4994,17.8,177.87740228,b,l,None
1525779851.5065,17.8,3.0262696,b,l,None
1525779851.5156,17.8,460.51751752,b,l,None
1525779851.7719,17.8,23.2014003,b,l,None
1525779852.5133,17.8,116.3119,b,l,None
1525779852.647,17.8,228.40443733,b,l,None
1525779854.9772,17.8,116.3119,b,l,None
1525779862.5002,17.8,16.5528,b,l,None
1525779863.9647,17.8,7.53031024,b,l,None
1525779877.4191,17.7976,38.361,s,l,None
1525779908.0329,17.8,12.94774775,b,l,None
1525779928.0262,17.7906,3.0,s,l,None
1525779936.7597,17.7887,11.90080079,b,l,None
1525779938.0674,17.7887,130.39630051,b,l,None
1525779942.7605,17.7887,4.21348314,b,l,None
1525779948.2525,17.7887,11.9004004,b,l,None
1525779949.9554,17.7887,52.46146146,b,l,None
1525779967.5912,17.8,30.03003003,b,l,None
1525779972.2329,17.8,52.12053708,b,l,None
1525779978.5579,17.8,11.85920666,b,l,None
1525779979.5079,17.8,77.1275,b,l,None
1525779994.4108,17.8,28.07631902,b,l,None
1525779994.5393,17.8,1182.71945258,b,l,None
1525780001.1871,17.8117,6.92,s,l,None
1525780001.1933,17.8115,1300.0,s,l,None
1525780001.1961,17.8108,117.28054742,s,l,None
1525780001.1986,17.7878,991.845,s,l,None
1525780001.2013,17.7877,106.5855,s,l,None
1525780001.2039,17.7876,11.479328,s,l,None
1525780001.2073,17.7866,308.63,s,l,None
1525780001.2105,17.7832,132.94523023,s,l,None
1525780001.2137,17.773,9.59,s,l,None
1525780001.2171,17.7729,64.10785147,s,l,None
1525780001.2197,17.7639,10.0,s,l,None
1525780001.2224,17.7505,122.94889336,s,l,None
1525780001.2249,17.7504,120.58485714,s,l,None
1525780001.2281,17.75,1000.0,s,l,None
1525780001.2326,17.75,100.0,s,l,None
1525780001.2449,17.7392,366.24102156,s,m,None
1525780001.2472,17.7392,0.87687395,s,m,None
1525780001.2493,17.7392,0.00209946,s,m,None
1525780001.2513,17.7392,5.03e-06,s,m,None
1525780001.4982,17.75,106.5843,b,l,None
1525780001.522,17.75,43.60072676,b,l,None
1525780001.5241,17.75,0.02454981,b,l,None
1525780001.9181,17.75,110.79616893,b,l,None
1525780003.3763,17.75,6.24515442,b,l,None
1525780003.9329,17.75,298.98,b,l,None
1525780004.0274,17.75,106.5843,b,l,None
1525780004.2432,17.75,123.58170175,b,l,None
1525780004.2818,17.75,1300.0,b,l,None
1525780004.4865,17.75,16.1193524,b,l,None
1525780004.5128,17.75,947.45971345,b,l,None
1525780004.6564,17.75,106.68756316,b,l,None
1525780004.7319,17.75,27.11806926,b,l,None
1525780004.7358,17.75,0.01084289,b,l,None
1525780004.7386,17.75,4.34e-06,b,l,None
1525780158.5656,17.7952,77.93690883,s,m,None
1525780158.5697,17.7952,107.50473629,s,m,None
1525780158.5726,17.7952,314.55835488,s,m,None
1525780195.1295,17.7974,25.568119,s,m,None
1525780195.1347,17.7973,44.431881,s,m,None
1525780345.5184,17.808,179.60487127,s,m,None
1525780345.5212,17.808,0.39426334,s,m,None
1525780345.5233,17.808,0.00086539,s,m,None
1525780511.5347,17.8193,19.152522,s,l,None
1525780511.5388,17.8192,140.48222422,s,l,None
1525780511.5408,17.8192,0.36430658,s,l,None
1525780511.5427,17.8192,0.00094474,s,l,None
1525780511.5446,17.8192,2.45e-06,s,l,None
1525780623.1034,17.8268,4.88539305,s,l,None
1525780623.1147,17.8268,0.01260695,s,l,None
1525780695.8124,17.9374,6.48189255,b,l,None
1525780750.8175,17.8098,162.62604069,s,m,None
1525780750.8214,17.8098,3.21117119,s,m,None
1525780750.8248,17.8097,8.32,s,m,None
1525780750.8283,17.7946,46.95765812,s,m,None
1525780857.2585,17.7787,6.48658659,b,l,None
1525780880.3036,17.7765,38.76204565,s,l,None
1525780895.4656,17.75,3.0,s,l,None
1525780954.7097,17.7083,3.0,s,l,None
1525780974.3424,17.7001,25.0,s,l,None
1525780974.346,17.7,19.89566914,s,l,None
1525780974.4064,17.7,2.70320086,s,l,None
1525780976.7403,17.6915,16.33529536,s,l,None
1525780981.6455,17.6915,9.268722,s,l,None
1525780984.5779998,17.6915,2.39598264,s,l,None
1525780984.5859,17.652,25.0,s,l,None
1525780984.59,17.6005,5.22601736,s,l,None
1525780984.6046,17.6005,1.69398264,s,m,None
1525780984.6073,17.6001,107.7216,s,m,None
1525780984.6109,17.6,6.07430114,s,m,None
1525780984.6148,17.6,84.11091463,s,m,None
1525780984.617,17.6,1e-08,s,m,None
1525780984.6392,17.6,15.88908536,s,m,None
1525780984.6560001,17.5707,4.07099447,s,m,None
1525780984.6589,17.5707,3e-08,s,m,None
1525780984.6652,17.5707,50.0,s,m,None
1525781013.3384,17.6016,14.272,s,l,None
1525781016.231,17.6017,4.38859915,s,m,None
1525781016.2336,17.6017,0.01138077,s,m,None
1525781016.2358,17.6017,2.008e-05,s,m,None
1525781048.4411,17.6968,4.06853216,s,l,None
1525781050.7488,17.6968,0.00046783,b,l,None
1525781050.7528,17.6968,44.89579914,b,l,None
1525781051.3435,17.6969,11.61080403,s,l,None
1525781057.3396,17.6963,23.263961,b,l,None
1525781069.8889,17.605,7.14,s,l,None
1525781069.8934,17.6047,2.226,s,l,None
1525781097.8559,17.6057,7.14,s,l,None
1525781097.86,17.5898,1.055,s,l,None
1525781113.2287,17.6056,53.85187486,s,l,None
1525781113.2329998,17.6056,0.13965178,s,l,None
1525781113.2356,17.6056,0.00035336,s,l,None
1525781126.9589,17.6063,4.61,s,l,None
1525781148.2925,17.7095,3.35401273,b,l,None
1525781148.2986,17.7095,0.00268107,b,l,None
1525781148.3007,17.7095,2.14e-06,b,l,None
1525781204.2663,17.6955,107.1408,s,m,None
1525781204.2746,17.6954,292.8592,s,m,None
1525781268.446,17.7004,71.356,s,m,None
1525781268.4595,17.7,339.9419661,s,m,None
1525781268.4623,17.6626,88.55371197,s,m,None
1525781268.4645,17.6626,0.14832193,s,m,None
1525781341.5429,17.6698,9.0,s,m,None
1525781341.5494,17.6696,98.2995231,s,m,None
1525781341.5545,17.6696,0.2004769,s,m,None
1525781452.8519,17.7505,130.26590421,b,l,None
1525781452.8547,17.7506,20.0,b,l,None
1525781456.0770001,17.7511,53.2634832,s,l,None
1525781461.5585,17.7512,44.598,s,l,None
1525781461.5625,17.7511,78.3587202,s,l,None
1525781464.2212,17.7511,97.0678776,s,l,None
1525781465.6109,17.7511,164.7102249,s,l,None
1525781544.4304,17.9091,6.92,b,m,None
1525781544.4347,17.9095,13.08,b,m,None
1525781556.7746,17.8809,18.38542803,b,m,None
1525781581.3726,17.909,7.14,b,m,None
1525781581.3793,17.9096,42.54375865,b,m,None
1525781610.605,17.9079,13.0,b,m,None
1525781764.1849,17.8256,4.18820062,s,l,None
1525781764.1889,17.8251,28.04567716,s,l,None
1525781796.4972,17.8152,19.92769134,s,l,None
1525781796.5011,17.8152,0.04230866,s,l,None
1525781839.0216,17.8152,10.0,s,m,None
1525781874.2561,17.8152,76.865,s,l,None
1525781881.1668,17.8143,4.20271663,b,l,None
1525781952.5836,17.7943,9.0,s,m,None
1525781952.5936,17.7942,390.28129365,s,m,None
1525781952.5964,17.7942,1e-08,s,m,None
1525782023.3412,17.8998,15.204,b,m,None
1525782023.3471,17.8998,28.99931249,b,m,None
1525782023.3499,17.8999,15.79668751,b,m,None
1525782162.5326,17.9918,7.14,b,m,None
1525782162.5358,17.9922,8.32,b,m,None
1525782162.539,17.9924,9.54,b,m,None
1525782233.5279999,17.9923,9.977,b,l,None
1525782233.5341,17.9924,97.1785608,b,l,None
1525782233.5362,17.9924,0.1164392,b,l,None
1525782233.5387,17.9996,6.92,b,l,None
1525782233.542,18.0,5.808,b,l,None
1525782308.1637,17.9997,4.685,b,l,None
1525782335.8275,17.9914,4.00008889,b,l,None
1525782345.8181,17.9653,27.7201,s,m,None
1525782345.8305,17.95,27.74373,s,m,None
1525782345.8375,17.9215,3.603077,s,m,None
1525782345.842,17.8927,25.87100346,s,m,None
1525782345.8446,17.8927,0.06194175,s,m,None
1525782345.8472,17.8927,0.0001483,s,m,None
1525782345.8497,17.8927,3.6e-07,s,m,None
1525782355.9429998,17.9994,50.0,b,m,None
1525782355.9485,17.9998,8.32,b,m,None
1525782355.9535,18.0,91.68,b,m,None
1525782725.304,17.8852,28.07844475,s,l,None
1525782734.6501,17.8852,30.03003003,b,l,None
1525782750.6302,17.8391,6.92,s,m,None
1525782750.6352,17.8388,3.05804832,s,m,None
1525782750.6373,17.8388,2e-08,s,m,None
1525782762.2967,17.8403,6.25111461,s,l,None
1525782780.2626,17.8852,16.88835045,b,l,None
1525782780.2711,17.8852,0.00317477,b,l,None
1525782859.1746,17.9969,6.92,b,m,None
1525782859.1781,17.997,9.0,b,m,None
1525782859.1807,17.9973,634.08,b,m,None
1525782892.8161,17.9752,6.33297543,b,m,None
1525782979.0441,17.8441,8.21641556,s,l,None
1525782981.7675,17.8441,11.00733708,s,l,None
1525782987.8614,17.8407,24.93516856,s,m,None
1525782987.8639998,17.8407,0.06466332,s,m,None
1525782987.8659,17.8407,0.00016768,s,m,None
1525782987.8679,17.8407,4.4e-07,s,m,None
1525782993.1128,17.8408,71.181,s,l,None
1525782993.1245,17.8407,156.90422959,s,l,None
1525783020.54,17.8748,14.0,b,m,None
1525783228.4841,17.8032,3.0,s,m,None
1525783228.492,17.7736,9.0,s,m,None
1525783228.4947,17.7734,1300.0,s,m,None
1525783228.4979,17.7729,20.97073016,s,m,None
1525783228.5002,17.7729,0.02926984,s,m,None
1525783298.3172,17.8079,7.14,s,l,None
1525783298.3229,17.8076,10.0,s,l,None
1525783298.3257,17.8075,32.78787656,s,l,None
1525783298.3278,17.8075,0.07197499,s,l,None
1525783298.3298,17.8075,0.00014845,s,l,None
1525783345.8512,17.934,9.99,b,m,None
1525783345.8545,17.9346,0.01,b,m,None
1525783614.3119,17.8975,4.02257108,b,l,None
1525783640.8518,17.8972,3.33251279,b,l,None
1525783640.8628,17.8972,0.00266388,b,l,None
1525783640.8658,17.8972,2.13e-06,b,l,None
1525783702.5079,17.7733,106.6718,s,m,None
1525783702.5109,17.7732,33.24177139,s,m,None
1525783702.5136,17.7732,0.08620448,s,m,None
1525783702.5156,17.7732,0.00022355,s,m,None
1525783702.5175,17.7732,5.8e-07,s,m,None
1525783802.3969,17.9992,4.16685186,b,l,None
1525783919.7263,17.9995,20.0,b,l,None
1525784217.8419,17.99,5.0,b,l,None
1525784217.8447,17.9997,3.680316,b,l,None
1525784217.8479,17.9997,9.0,b,l,None
1525784217.851,17.9998,8.32,b,l,None
1525784217.8542,18.0,315.9541119,b,l,None
1525784217.8579998,18.0,20.0,b,l,None
1525784217.8614,18.0,3.25792222,b,l,None
1525784862.7439,18.0,21.74207778,b,l,None
1525784921.6820002,18.0748,3.98316008,b,l,None
1525784979.0318,18.0722,200.0,b,m,None
1525785640.0726,18.0851,4.14699148,b,l,None
1525786021.7608,18.0364,3.29332252,b,m,None
1525786021.7642,18.0364,0.00263255,b,m,None
1525786021.7661,18.0364,2.11e-06,b,m,None
1525786021.7686,18.0365,120.33228176,b,m,None
1525786224.7353,18.0177,3.99578222,b,l,None
1525786375.4632,17.864,52.218,s,l,None
1525786430.1274,17.8641,4.05052249,s,m,None
1525786430.1332,17.8623,56.312,s,m,None
1525786430.1358,17.8622,11.6096217,s,m,None
1525786430.1379,17.8622,0.02779638,s,m,None
1525786430.1398,17.8622,5.943e-05,s,m,None
1525786591.1646,17.87,350.0,s,m,None
1525786591.1874,17.8532,20.0,s,m,None
1525786591.1914,17.8516,3.0,s,m,None
1525786798.8937,17.8806,52.4218,s,m,None
1525786798.9228,17.8805,7.14,s,m,None
1525786798.9315,17.8804,90.20367046,s,m,None
1525786798.9342,17.8804,0.23392134,s,m,None
1525786798.9369,17.8804,0.00060662,s,m,None
1525786798.9394,17.8804,1.58e-06,s,m,None
1525786867.0954,18.0,52.218,s,l,None
1525786922.5207,18.0,1.782,s,l,None
1525787524.796,17.9234,4.01709496,b,l,None
1525787588.444,17.9239,4.18302694,b,l,None
1525787686.1224,17.8807,52.218,s,l,None
1525787767.435,17.8807,52.218,s,l,None
1525787891.7524,17.8807,3.8215562,s,m,None
1525787891.7568,17.85,4.96173078,s,m,None
1525787891.7593,17.8285,36.719,s,m,None
1525787891.7619,17.8284,66.318,s,m,None
1525787891.7647,17.8282,187.87910645,s,m,None
1525787891.7667,17.8282,0.30012637,s,m,None
1525787891.7689,17.8282,0.00047943,s,m,None
1525787891.7714,17.8282,7.7e-07,s,m,None
1525788048.1308,17.8376,10.76918282,s,m,None
1525788191.2609,17.9,111.73184,b,l,None
1525788210.8528,17.9276,7.14016,b,l,None
1525788833.9764,17.9276,52.218,b,l,None
1525788836.9601,17.9276,4.01615386,b,l,None
1525788906.1394,17.9276,36.86166942,b,l,None
1525788906.1418,17.9276,0.05888445,b,l,None
1525788906.1438,17.9276,9.227e-05,b,l,None
1525789251.6081,18.0125,5.5517,b,l,None
1525789389.1612,18.0663,52.218,b,l,None
1525789423.5007,18.0692,26.79816747,b,l,None
1525789442.9246,18.0692,10.03155734,b,l,None
1525789450.0755,18.0692,51.78366016,b,l,None
1525789450.0836,18.0692,0.00661503,b,l,None
1525789450.0870001,18.08,41.02694207,b,l,None
1525789479.2558,18.08,52.218,b,l,None
1525789502.1981,18.08,106.75505793,b,l,None
1525789515.383,18.1,9.99600169,b,l,None
1525789515.3856,18.1,0.00305624,b,l,None
1525789526.6686,18.1,0.00094178,b,l,None
1525789526.6722,18.1,2.9e-07,b,l,None
1525789674.6749,18.1777,7.14,b,m,None
1525789674.6793,18.1933,8.32,b,m,None
1525789674.6822,18.1934,21.703275,b,m,None
1525789674.6853,18.1953,31.122,b,m,None
1525789674.6904,18.1954,31.714725,b,m,None
1525789859.9293,18.1,4.14270433,s,l,None
1525789907.3083,18.0603,3.54632352,s,l,None
1525789955.0988,18.0444,18.85537385,b,l,None
1525789955.101,18.0444,0.03012041,b,l,None
1525789955.1029,18.0444,4.811e-05,b,l,None
1525790009.7298,18.0445,60.0,s,l,None
1525790054.6555,18.0607,11.89419919,b,l,None
1525790141.9405,18.1169,3.97392662,b,l,None
1525790180.4559,18.1092,109.40793212,b,l,None
1525790181.4574,18.1093,6.28478422,b,l,None
1525790181.4628,18.1093,80.35401441,b,l,None
1525790181.468,18.1094,3.96013628,b,l,None
1525790181.471,18.1095,450.12338852,b,l,None
1525790187.7659,18.1091,3.96013628,b,l,None
1525790210.2383,18.1075,51.00130051,b,l,None
1525790359.4596,18.0607,14.0,s,l,None
1525790439.2475,18.0212,38.218,s,m,None
1525790439.2552,18.0211,8.32,s,m,None
1525790439.26,18.0209,28.462,s,m,None
1525790676.0159,18.1099,132.02831048,b,l,None
1525790830.7017,18.0983,49.01818,b,l,None
1525790967.8441,17.9667,5.56584,s,l,None
1525790980.1334,17.9605,66.30675629,b,l,None
1525790985.7038,17.9605,122.4404908,b,l,None
1525790986.7439,17.9605,221.79691291,b,l,None
1525790996.8603,18.0049,103.7879,s,l,None
1525790997.9638,18.0049,105.3597,s,l,None
1525791001.2179,18.0049,105.3597,s,l,None
1525791050.96,18.0271,111.54688673,b,l,None
1525791050.9674,18.0271,10.89420036,b,l,None
1525791116.3079998,18.0251,6.92,b,l,None
1525791209.6954,17.98,7.15523656,b,l,None
1525791217.1426,17.98,3.6957,b,l,None
1525791218.2647,17.98,139.14906344,b,l,None
1525791237.5918,18.0706,7.14,b,l,None
1525791237.5987,18.0708,8.32,b,l,None
1525791237.6019,18.071,400.65,b,l,None
1525791284.9229,18.0702,3.3074505,b,m,None
1525791284.926,18.0702,0.00264384,b,m,None
1525791284.9283,18.0702,2.12e-06,b,m,None
1525791284.9307,18.0708,130.26590421,b,m,None
1525791284.9334,18.0709,166.42399933,b,m,None
1525791357.0213,18.0677,4.15089327,b,l,None
1525791443.0345,18.0598,3.98673303,b,l,None
1525792086.8661,18.0731,54.83477475,b,l,None
1525792086.869,18.0731,0.01022525,b,l,None
1525792501.0512,18.0931,8.32,b,m,None
1525792501.0712,18.0933,991.845,b,m,None
1525792501.075,18.108,40.0,b,m,None
1525792501.0796,18.11,50.0,b,m,None
1525792501.083,18.1157,27.827,b,m,None
1525792501.0864,18.12,60.0,b,m,None
1525792501.0899,18.1305,402.46,b,m,None
1525792501.0924,18.1533,28.604,b,m,None
1525792501.0951,18.1549,590.944,b,m,None
1525792775.7779,18.108,3.97614314,b,l,None
1525792895.0476,18.0032,9.0,s,m,None
1525792895.0604,18.0029,387.42850169,s,m,None
1525792895.0625,18.0029,1.00470188,s,m,None
1525792895.0645,18.0029,0.00260545,s,m,None
1525792895.0666,18.0029,9.8e-07,s,m,None
1525793295.8831,18.108,4.14181577,b,l,None
1525794072.4472,18.0752,3.98333637,b,l,None
1525794576.0649,18.056,6.92,s,m,None
1525794576.0691,18.0557,18.0331139,s,m,None
1525794576.0712,18.0557,0.04676451,s,m,None
1525794576.0732,18.0557,0.00012127,s,m,None
1525794576.0752,18.0557,3.2e-07,s,m,None
1525794625.9831,18.108,5.85818423,b,l,None
1525794679.0737,18.1499,3.478518,b,m,None
1525794679.0829,18.15,6.521482,b,m,None
1525795147.7896,18.15,60.0,b,l,None
1525795213.7046,18.1999,4.0163796,s,l,None
1525795227.3049,18.1999,0.10452216,s,l,None
1525795231.8187,18.155,3.443,s,l,None
1525795328.2359,18.155,3.19999994,s,l,None
1525795368.1291,18.195,3.95713107,b,l,None
1525795444.7754,18.189,9.40076,b,l,None
1525795505.895,18.155,25.0,s,l,None
1525795506.9751,18.155,158.35700006,s,l,None
1525795506.9798,18.155,250.0,s,l,None
1525795726.9004,18.155,100.0,s,l,None
1525795813.5809,18.1006,7.14,s,m,None
1525795813.603,18.1002,8.32,s,m,None
1525795813.607,18.1,4.62479516,s,m,None
1525795813.609,18.1,0.01120484,s,m,None
1525795991.981,18.1,45.364,s,m,None
1525795992.0035,18.1,21.01629024,s,m,None
1525795992.0063,18.1,0.05450065,s,m,None
1525795992.0082,18.1,0.00013911,s,m,None
1525796166.2706,18.1,5.3067,s,l,None
1525796172.9707,18.1,323.62237,s,l,None
1525796210.6175,18.1,3.51576197,b,m,None
1525796210.7197,18.1,0.00523803,b,m,None
1525796210.7226,18.1318,1.479,b,m,None
1525796230.0329,18.07,5.98444046,s,m,None
1525796230.0532,18.07,0.0155192,s,m,None
1525796230.0565,18.07,4.025e-05,s,m,None
1525796230.0591,18.07,9e-08,s,m,None
1525796334.8161,18.07,104.68068,s,l,None
1525796385.9475,18.05,199.48134849,s,m,None
1525796385.9574,18.05,0.51730651,s,m,None
1525796385.9613,18.05,0.00134151,s,m,None
1525796385.9651,18.05,3.48e-06,s,m,None
1525796595.2724,18.1082,5.0,b,m,None
1525796600.571,18.1082,3.97609922,b,l,None
1525796617.3374,18.05,50.00000001,s,l,None
1525796672.6913,18.0754,3.26873713,b,l,None
1525796672.6962,18.0754,0.0026129,b,l,None
1525796672.6985,18.0754,2.09e-06,b,l,None
1525796787.7203,18.0426,213.65814696,s,l,None
1525796787.7233,18.0426,0.34130695,s,l,None
1525796787.7257,18.0426,0.00054522,s,l,None
1525796787.7291,18.0426,8.7e-07,s,l,None
1525797029.6985,18.0877,4.14644123,b,l,None
1525797162.2073,18.0876,56.0,b,l,None
1525797301.0211,18.0876,56.94656018,b,l,None
1525797466.5982,18.0876,76.57868246,b,m,None
1525797466.6021,18.0876,68.90492703,b,m,None
1525797466.6052,18.1434,4.51639051,b,m,None
1525797480.3103,18.1431,8.32,b,m,None
1525797480.3286,18.1434,91.68,b,m,None
1525797687.3016,18.0252,3.16725381,s,m,None
1525797687.3106,18.0206,7.14,s,m,None
1525797687.3134,18.0204,6.67539018,s,m,None
1525797687.3153,18.0204,0.017311,s,m,None
1525797687.3172,18.0204,4.489e-05,s,m,None
1525797687.319,18.0204,1.2e-07,s,m,None
1525797709.1632,18.0206,6.92,s,l,None
1525797709.1677,18.0205,9.0,s,l,None
1525797709.1709,18.0202,9.08,s,l,None
1525797721.8437,18.0208,7.14,s,l,None
1525797721.8475,18.0204,8.32,s,l,None
1525797721.8501,18.0203,9.54,s,l,None
1525797830.4285,18.0201,21.68275484,s,m,None
1525797830.4321,18.0201,0.05622896,s,m,None
1525797830.435,18.0201,0.00014582,s,m,None
1525797830.4372,18.0201,3.8e-07,s,m,None
1525797943.7409,18.1074,3.97612118,b,l,None
1525798149.4406,18.0201,52.265,s,m,None
1525798149.4487,18.02,2.735,s,m,None
1525798252.8363,18.02,14.96110114,s,l,None
1525798252.8404,18.02,0.03879799,s,l,None
1525798252.8426,18.02,0.00010061,s,l,None
1525798252.8451,18.02,2.6e-07,s,l,None
1525798343.467,18.02,132.265,s,l,None
1525798358.135,18.0,517.08325636,b,m,None
1525798358.1495,18.1083,991.845,b,m,None
1525798358.1544,18.1084,130.26590421,b,m,None
1525798358.1572,18.1085,138.704,b,m,None
1525798358.1608,18.11,27.746,b,m,None
1525798358.1636,18.1318,200.95934213,b,m,None
1525798358.1671,18.1326,273.58440935,b,m,None
1525798358.17,18.1411,1300.0,b,m,None
1525798358.1728,18.1525,4469.81208795,b,m,None
1525798595.4944,17.9617,8.32,s,m,None
1525798595.4985,17.9616,41.68,s,m,None
1525798595.5042,17.9616,99.78048294,s,m,None
1525798726.6322,18.0353,3.29963308,b,m,None
1525798726.6378,18.0638,2.24336692,b,m,None
1525798956.0287,18.03,4.15973377,b,l,None
1525798987.7704,17.9603,45.832,s,l,None
1525798987.7754,17.9602,10.28335365,s,l,None
1525799008.8807,17.9602,13.25,s,l,None
1525799021.5488,17.9602,1.46664635,s,m,None
1525799021.57,17.95,55.7103,s,m,None
1525799021.573,17.9239,116.90255626,s,m,None
1525799021.5759,17.9014,17.537,s,m,None
1525799021.5793,17.9013,7.14,s,m,None
1525799021.5821,17.9007,138.704,s,m,None
1525799021.5854,17.9,77.45811279,s,m,None
1525799021.5875,17.9,0.20086883,s,m,None
1525799021.5894,17.9,0.00051577,s,m,None
1525799243.0644,17.9616,4.00373682,b,l,None
1525799258.3276,17.9,52.33764428,s,m,None
1525799258.4147,17.9,0.135725,s,m,None
1525799258.4189,17.9,0.00035072,s,m,None
1525799259.8235,17.9,69.86678261,s,l,None
1525799264.1631,17.9,2.13321739,b,l,None
1525799369.0775,17.9665,27.925,b,m,None
1525799369.0877,18.0018,7.14,b,m,None
1525799369.0908,18.0024,130.26590421,b,m,None
1525799369.0936,18.023,134.66909579,b,m,None
1525799561.4265,17.902,4.18562699,s,m,None
1525799561.4305,17.9019,80.69419112,s,m,None
1525799561.4336,17.8792,9.0,s,m,None
1525799561.4364,17.8742,5.92058107,s,m,None
1525799561.4387,17.8742,1e-08,s,m,None
1525799561.5214,18.0,99.80039919,s,l,None
1525799690.6169,17.9001,99.6011968,s,m,None
1525800165.4971,18.0741,8.32,b,m,None
1525800165.5266,18.0743,21.68,b,m,None
1525800514.7825,18.0,27.13793333,s,l,None
1525800539.2084,18.0,416.11,b,l,None
1525800542.024,18.0,4.0,b,l,None
1525800652.3707,18.0,140.0,b,l,None
1525800759.6236,18.0,416.11,b,l,None
1525800764.2902,18.0,416.11,b,l,None
1525800799.4194,18.0,991.845,b,l,None
1525800809.2034,18.0,30.93753754,b,l,None
1525800812.6518,18.0,65.47261431,b,l,None
1525800814.2875,18.0,991.845,b,l,None
1525800816.9412,18.0,409.22,b,l,None
1525800820.1831,18.0,63.12532533,b,l,None
1525800820.4143,18.0,77.74874875,b,l,None
1525800824.0485,18.0,4.16666666,b,l,None
1525800832.8228,18.0,35.55764912,b,l,None
1525800832.825,18.0,0.03552213,b,l,None
1525800832.8269,18.0,3.283e-05,b,l,None
1525800832.8301,18.0,27.55954867,b,l,None
1525800861.428,18.0,132.02313999,b,l,None
1525800861.4349,18.0,0.21089958,b,l,None
1525800861.4368,18.0,0.00033176,b,l,None
1525801149.8175,18.08,70.0,b,m,None
1525801251.296,18.08,16.6373,b,l,None
1525801833.6651,18.08,3.98230088,b,l,None
1525802004.5307,17.9904,6.92,s,m,None
1525802004.5353,17.9894,4.17128451,s,m,None
1525802004.5384,17.968,3.90871549,s,m,None
1525802432.1196,17.99,29.3,b,l,None
1525802671.8377,18.0884,4.14602865,b,l,None
1525802729.685,18.05,44.0,s,l,None
1525803107.3608,18.04,173.0,s,l,None
1525803135.6598,18.0493,3.98900806,b,l,None
1525803260.7554,17.99,46.45085603,s,l,None
1525803274.2808,17.9636,3.27648782,s,l,None
1525803295.4256,17.94,10.0,s,m,None
1525803339.971,18.0064,78.62148839,b,l,None
1525803339.9744,18.0064,0.12551161,b,l,None
1525803368.7421,18.0482,10.0,b,l,None
1525803368.7476,18.0482,31.11232411,b,l,None
1525803368.75,18.0482,0.04967589,b,l,None
1525803368.7529998,18.0483,374.948,b,l,None
1525803397.9053,18.0365,10.00099983,s,l,None
1525803466.1724,18.0483,5.05165165,b,l,None
1525803524.8663,18.0483,198.87500218,b,l,None
1525803524.871,18.0483,0.27803575,b,l,None
1525803524.8737,18.0483,0.00031042,b,l,None
1525803524.877,18.0483,22.30877803,b,l,None
1525803524.879,18.0483,0.03522197,b,l,None
1525803579.7477,18.05,230.0,b,l,None
1525803662.631,18.12,5.0,b,m,None
1525803687.772,18.12,13.25,b,m,None
1525803687.7781,18.1745,6.75,b,m,None
1525803932.9752,18.13,6.53993409,s,l,None
1525804070.5305,18.13,10.0,s,m,None
1525804171.7554,18.1398,16.69913574,b,l,None
1525804171.7612,18.14,27.96085488,b,l,None
1525804171.7634,18.14,0.03909047,b,l,None
1525804171.7658,18.14,5.465e-05,b,l,None
1525804268.0224,18.14,416.11,s,l,None
1525804404.7018,18.1752,3.28872657,b,l,None
1525804404.7096,18.1752,0.00262888,b,l,None
1525804404.7115,18.1752,2.1e-06,b,l,None
1525804404.7146,18.1752,0.67004082,b,l,None
1525804559.7869,18.1746,92.25575804,b,m,None
1525804560.8491,18.1746,104.41599307,b,l,None
1525804607.6887,18.2,4.12087911,b,l,None
1525804665.6118,18.18,416.11,s,l,None
1525804670.7216,18.18,5.6,s,l,None
1525804691.9179,18.18,78.29,s,l,None
1525805115.6503,18.1889,109.89220349,b,l,None
1525805180.0269,18.1026,8.32,s,m,None
1525805180.0311,18.1024,86.68,s,m,None
1525805697.3438,18.1781,3.28140399,b,l,None
1525805697.3608,18.1781,0.00262302,b,l,None
1525805697.3633,18.1781,2.1e-06,b,l,None
