time,price,volume,buy_or_sell,market_or_limit,misc
1525776384.5657,18.100000,5.10000000,b,l,
1525776384.5402,18.100000,20.02002002,b,l,
1525762976.3218,18.156700,10.84437363,s,m,
1525776387.175,18.100000,222.46646647,b,l,
1525776390.8882,18.100000,111.21521522,b,l,
1525792775.7779,18.108000,3.97614314,b,l,
1525776392.6125,18.100000,119.40240240,b,l,
1525760009.2586,18.377200,3.26955521,b,l,
1525776396.2834,18.100000,115.56495005,b,l,
1525776399.4358,18.100000,29.17897898,b,l,
1525912509.1017,18.100000,0.00004713,b,m,
1525833355.9501,17.501400,0.00021208,s,l,
1525874484.546,17.750000,90.75323553,s,l,
1525961015.473,18.600000,0.00023248,b,l,
1525912509.1706,18.100000,0.25408806,b,m,
1525746822.4098,18.250000,5.00000000,b,m,
1525776419.3847,18.100000,0.09993202,b,l,
1525776421.7185,18.100000,4.36218200,b,l,
1525890965.9577,17.718600,4.56642900,s,l,
1525776426.0414,18.100000,3.27054500,b,l,
1525841963.1004,17.249500,41.68000000,s,l,
1525842057.1763,17.246500,151.38285322,s,m,
1525795506.9751,18.155000,158.35700006,s,l,
1525760046.9541,18.377300,7.70889729,b,m,
1525776288.0561,18.100000,163.48008008,b,l,
1525874740.3345,17.700000,17.98200000,s,l,
1525773288.7354,18.155100,55.63600000,s,l,
1525809206.594,18.259100,4.06853216,b,l,
1525760009.2729,18.377200,0.00000469,b,l,
1525972445.1945,18.000000,12.91750000,s,l,
1525776442.6659,18.100000,6.07957958,b,l,
1525809213.9832,18.330000,22.23188986,b,l,
1525841982.5302,17.366800,18.99585640,b,m,
1525776447.4208,18.100000,20.00000000,b,l,
1525797830.4372,18.020100,0.00000038,s,m,
1525776456.6092,18.100000,77.60300000,b,l,
1525920862.7789,17.700000,49.95000000,s,l,
1525776459.5747,18.100000,33.29189189,b,l,
1525765474.4493,18.340000,3232.54829335,s,l,
1525776462.1784,18.100000,104.74640000,b,l,
1525975902.721,17.241900,3.99508175,s,m,
1525874775.315,17.700000,0.11324032,s,l,
1525850812.9904,17.450000,110.71827700,s,l,
1525858394.7998,17.572300,51.79515283,s,l,
1525776399.4117,18.100000,991.84500000,b,l,
1525842012.8761,17.369400,5.39666229,b,l,
1525842298.7839,17.300000,10.00000000,s,l,
1525773669.1991,18.220000,0.06032330,b,l,
1525776482.2958,18.100000,54.00000000,b,m,
1525912519.1918,18.500000,4.40000000,b,m,
1525790054.6555,18.060700,11.89419919,b,l,
1525973094.8734,17.879100,46.83619000,s,l,
1525776487.0344,18.100000,53.08020000,b,l,
1525758394.9767,18.295000,6.92000000,b,m,
1525777816.4786,18.150000,0.00014702,s,m,
1525776493.4133,18.100000,95.00000000,b,l,
1525809263.5816,18.300000,51.00000000,s,l,
1525776499.9856,18.100000,28.76190000,b,l,
1525776500.1617,18.100000,51.34480000,b,l,
1525874805.917,17.700000,47.91891000,s,l,
1525768102.5689,18.658800,20.00000000,b,m,
1525776509.1789,18.100000,104.74640000,b,l,
1525776511.3169,18.100000,104.74640000,b,l,
1525776512.5603,18.100000,15.32432432,b,l,
1525776513.1752,18.100000,104.74640000,b,l,
1525776515.9013,18.100000,133.38218218,b,l,
1525776317.1531,18.100000,130.39630051,b,l,
1525897185.6007,17.650000,229.25306718,b,l,
1525770945.3324,18.370500,10.00000000,s,l,
1525842057.1965,17.213200,0.83876236,s,m,
1525912509.0692,18.080000,0.08715223,b,m,
1525973134.1472,17.792400,5.00000000,s,m,
1525764284.2516,18.230700,31.97521010,s,l,
1525746826.2959,18.276800,0.00000076,b,l,
1525773670.8425,18.250000,86.22478890,s,l,
1525776543.455,18.100000,17.45590000,b,l,
1525776549.8042,18.100000,4.52072072,b,l,
1525776551.2548,18.100000,104.74640000,b,l,
1525776552.5261,18.100000,104.74640000,b,l,
1525776553.1735,18.100000,122.03499494,b,l,
1525776556.915,18.100000,23.59650233,b,l,
1525760175.1352,18.410000,250.00000000,b,l,
1525773683.0568,18.250000,9.13524833,s,l,
1525809333.1419,18.280000,38.47348800,s,l,
1525773685.2413,18.250000,61.43640210,s,l,
1525776576.0254,18.120000,7.40100100,b,l,
1525891265.5276,17.798900,28.08436543,b,l,
1525844683.7572,17.290000,0.00000058,s,l,
1525809348.9743,18.280000,36.88940956,s,l,
1525807881.369,18.241200,130.26590421,b,m,
1525920863.9944,17.700000,279.83750001,s,l,
1525962103.3276,18.488100,0.68612890,s,m,
1525874894.0446,17.700000,0.00032196,s,m,
1525809361.2154,18.280000,86.83540481,s,l,
1525776419.3902,18.100000,0.00000026,b,l,
1525760219.6635,18.409800,3.90600000,s,l,
1525760220.0443,18.409800,0.00496046,s,l,
1525743837.0277,17.880000,3.00000000,b,m,
1525902860.2651,17.518600,1.99560965,s,m,
1525776421.3289,18.100000,5.40480480,b,l,
1525743843.0529,17.916000,121.68262249,b,m,
1525809380.1269,18.291900,500.00000000,b,m,
1525816661.7558,17.900000,0.00171506,s,l,
1525833355.9462,17.501400,53.35324442,s,l,
1525755558.4435,18.234400,31.02328225,s,l,
1525874928.1776,17.700000,7.36702560,s,l,
1525760242.617,18.362400,13.66416462,b,l,
1525755558.427,18.315000,85.64404586,s,l,
1525841963.0955,17.249600,8.32000000,s,l,
1525958509.1878,18.424900,39.90422985,s,l,
1525924106.0118,17.850100,528.08698351,s,m,
1525776651.4373,18.120000,16.03113113,b,l,
1525891341.603,17.713000,28.22700000,s,l,
1525912519.0677,18.300000,0.00751784,b,m,
1525776657.573,18.120000,15.61931932,b,l,
1525770835.8868,18.390600,10.00000000,s,m,
1525770945.341,18.350600,42.54061702,s,l,
1525760046.9589,18.399900,11.07731160,b,m,
1525776664.4967,18.120000,52.21800000,b,l,
1525776666.1573,18.120000,20.00000000,b,l,
1525940507.5607,18.000000,210.00000000,s,m,
1525753063.5178,18.317100,20.00000000,s,m,
1525776671.6711,18.120000,52.21800000,b,l,
1525975968.0655,17.717600,111.68102277,s,m,
1525973284.3506,17.958700,115.04958648,b,m,
1525973285.4667,17.836300,113.60810487,s,l,
1525776679.7367,18.120000,52.21800000,b,l,
1525776680.9155,18.120000,20.00000000,b,l,
1525866310.4856,17.940600,35.54500000,b,m,
1525761016.1429,18.410000,132.94103367,b,l,
1525773288.7499,18.120000,250.00000000,s,l,
1525776292.8893,18.100000,22.25795796,b,l,
1525776702.0855,18.120000,52.21800000,b,l,
1525776705.6171,18.120000,20.00000000,b,l,
1525838605.5928,17.110000,214.80117475,s,m,
1525809206.628,18.330000,33.76811014,b,m,
1525867073.9338,17.815200,3.34432501,b,l,
1525776714.9623,18.120000,18.47517518,b,l,
1525732164.5233,17.786000,3.00000000,s,l,
1525835421.0907,17.140100,0.00000071,s,m,
1525776293.1835,18.100000,115.50620010,b,l,
1525975922.2582,17.638700,991.84500000,s,l,
1525733345.7059,17.700000,0.03879799,s,l,
1525835538.9199,17.169900,9.00000000,s,m,
1525874746.7078,17.700000,7.12493707,s,l,
1525776734.8935,18.120000,1000.00000000,b,l,
1525940575.806,18.000000,381.56471497,s,l,
1525776737.4537,18.120000,1000.00000000,b,l,
1525940581.6276,18.064500,70.05000000,b,m,
1525776744.6089,18.120000,249.01904525,b,l,
1525776750.9545,18.120000,1000.00000000,b,l,
1525776751.0389,18.120000,54.92337196,b,l,
1525746408.8246,18.170000,20.00000000,b,l,
1525841982.5387,17.366800,0.00000683,b,m,
1525776758.927,18.120000,20.00000000,b,l,
1525842295.79,17.370000,96.09609610,b,l,
1525776761.1014,18.120000,1000.00000000,b,l,
1525842298.7939,17.275200,26.10763584,s,l,
1525864453.9809,17.980000,200.00000000,b,m,
1525776776.376,18.120000,36.19860300,b,l,
1525924236.5028,17.899900,5.63824651,b,m,
1525858703.5462,17.652700,8.32000000,b,m,
1525732209.7878,17.780000,0.00018450,b,m,
1525962449.5816,18.316400,0.00002007,s,m,
1525747019.8094,18.404300,4.04258186,b,l,
1525974881.1893,17.964400,0.00267360,b,m,
1525858720.8342,17.652800,110.24300000,b,m,
1525809571.7281,18.316400,3.93066739,b,l,
1525744043.7125,17.890500,4.19193471,b,l,
1525959410.7284,18.500100,128.86600000,s,l,
1525764839.8242,18.350000,52.40900000,s,l,
1525810121.2437,18.167300,0.00995815,s,m,
1525746419.3723,18.167800,0.10718430,s,m,
1525770835.8925,18.378700,103.15800000,s,m,
1525757747.4064,18.349400,7.14000000,b,m,
1525957052.6017,18.036000,2.37887301,b,l,
1525776833.4865,18.120000,500.00000000,b,l,
1525853085.3195,17.301200,9.00000000,s,m,
1525975877.5017,17.500000,1000.00000000,s,m,
1525776847.1839,18.120000,8.22842843,b,l,
1525776849.1847,18.120000,105.72952953,b,l,
1525826007.993,17.886100,7.46407240,b,l,
1525744088.1534,17.903300,58.00000000,b,m,
1525860048.7427,17.679100,130.26590421,b,m,
1525776863.2901,18.120000,1300.00000000,b,l,
1525776865.4882,18.120000,1300.00000000,b,l,
1525776866.7341,18.120000,2973.41162804,b,m,
1525776868.5579,18.120000,352.88651214,b,l,
1525749158.3683,18.339100,4.32897770,b,m,
1525740836.2378,17.963300,4.00785985,b,l,
1525891560.2,17.700000,5.15128000,s,l,
1525842410.7018,17.300000,50.00000000,s,m,
1525779237.2971,17.815600,9.14237862,s,m,
1525747383.5754,18.500000,1300.00000000,b,l,
1525875184.4568,17.700000,28.93056672,s,m,
1525967674.4015,18.548000,3.21503797,b,l,
1525924343.2177,17.850000,426.49800000,s,l,
1525796385.9475,18.050000,199.48134849,s,m,
1525907968.0932,17.740000,16.80135094,b,m,
1525778220.8356,18.000000,26.97103333,s,l,
1525835421.0695,17.140100,0.33533218,s,m,
1525772254.6012,18.403000,155.00000000,b,m,
1525973511.0424,17.792400,16.34355680,s,l,
1525874775.3122,17.700000,45.10675968,s,l,
1525780001.2197,17.763900,10.00000000,s,l,
1525793295.8831,18.108000,4.14181577,b,l,
1525885699.2926,17.999900,27.87200000,b,l,
1525749166.2946,18.339000,9.00000000,b,l,
1525864454.0006,18.000000,0.03059145,b,m,
1525842470.8581,17.300000,49.78048294,s,m,
1525822897.6739,17.940000,1.83370000,b,l,
1525749668.9626,18.326600,0.00000209,b,l,
1525891630.9931,17.700100,20.00000000,b,l,
1525770299.3484,18.521800,200.00000000,s,l,
1525973556.7924,17.779600,30.00000000,b,l,
1525974886.5935,17.964100,9.20772245,b,l,
1525891641.5265,17.765000,1.65301095,b,m,
1525770945.3352,18.351000,6.92000000,s,l,
1525767794.0988,18.601000,49.06757372,b,l,
1525747386.7002,18.500000,7.98722045,b,l,
1525773751.5443,18.250000,499.10161709,s,m,
1525973584.2351,17.790300,0.00376207,b,l,
1525814712.684,17.950000,16.53085910,s,l,
1525760594.3422,18.405900,82.45416415,b,l,
1525809749.7135,18.275400,204.00000000,b,l,
1525817444.9982,17.970000,5.62948134,b,l,
1525761016.1454,18.410000,0.13280822,b,l,
1525976524.3355,17.740000,0.15857579,b,l,
1525975902.672,17.300000,10.00000000,s,m,
1525903817.4847,17.510400,70.00000000,s,l,
1525912519.3607,18.870000,5.58035000,b,m,
1525973094.8687,17.879500,6.92000000,s,l,
1525791284.9307,18.070800,130.26590421,b,m,
1525927718.6658,18.069900,134.18123720,b,m,
1525772891.7587,18.141300,55.12284100,s,l,
1525836151.2827,17.405000,43.93709579,b,m,
1525940863.1584,18.110100,115.04958648,b,m,
1525781952.5936,17.794200,390.28129365,s,m,
1525776292.5995,18.100000,18.23913914,b,l,
1525768301.3063,18.663900,3.98040754,b,l,
1525839299.9326,17.160000,5.98563448,s,l,
1525768302.5771,18.700000,319.21890421,b,m,
1525858971.6449,17.652000,51.79303195,b,l,
1525885722.1974,18.000000,5386.96474444,b,l,
1525780984.6073,17.600100,107.72160000,s,m,
1525753028.245,18.420600,0.00259014,b,m,
1525776304.3886,18.100000,204.87357357,b,l,
1525887805.2576,17.701300,43.91000000,s,m,
1525962183.3543,18.488100,9.51005740,s,l,
1525974890.2749,18.000000,385.14000000,s,l,
1525764302.7858,18.231200,0.06440318,s,l,
1525973107.2165,17.879300,8.31999340,s,l,
1525962185.0504,18.488100,115.58910321,s,l,
1525866310.4809,17.890000,0.00009970,b,m,
1525948099.6972,18.039600,3.30192008,b,l,
1525842623.7867,17.290000,5.16637439,s,l,
1525776305.6941,18.100000,24.00880881,b,l,
1525842627.1432,17.346600,3.00000000,b,m,
1525869345.185,17.865300,0.01551920,s,m,
1525842633.0004,17.290000,85.25691282,s,l,
1525965071.3408,18.487700,64.84879431,b,m,
1525842641.1742,17.290000,237.47612168,s,l,
1525842642.4565,17.290000,18.12613433,s,l,
1525842645.1931,17.344400,3.00000000,b,l,
1525842648.4046,17.290000,34.95659092,s,l,
1525842649.4693,17.290000,124.75057700,s,l,
1525842652.1265,17.290000,416.11000000,s,l,
1525965617.1057,18.535100,106.63041352,b,m,
1525779237.2787,17.850000,100.00000000,s,m,
1525960819.294,18.677400,0.05590650,s,m,
1525746826.2868,18.260000,0.00000106,b,l,
1525732817.3128,17.800600,0.89942387,s,l,
1525973737.7602,17.892300,4.00000000,b,m,
1525930479.6642,18.027200,30.35463150,b,l,
1525776509.0287,18.100000,9.82740000,b,l,
1525878873.3249,17.800000,0.00056959,s,l,
1525912593.8167,18.030700,114.69483717,b,m,
1525765588.0328,18.340000,0.00003377,b,l,
1525780984.59,17.600500,5.22601736,s,l,
1525792895.0476,18.003200,9.00000000,s,m,
1525932702.0762,18.030200,357.26047409,b,m,
1525854323.3584,17.368900,14.46817003,s,m,
1525798358.1544,18.108400,130.26590421,b,m,
1525890876.4231,17.730500,8.32000000,s,l,
1525842700.9755,17.346600,4.46000000,b,m,
1525885741.9837,18.000000,500.00000000,b,m,
1525770852.3201,18.379000,54.40992400,s,l,
1525908880.8533,17.579400,39.01018742,s,m,
1525805818.8725,18.170000,53.75391855,s,m,
1525839321.5611,17.231500,7.33188585,b,l,
1525765992.8611,18.310700,3.27677260,s,m,
1525751961.9064,18.500000,29.17524309,b,l,
1525908258.3542,17.696300,3.00000000,b,l,
1525887805.2634,17.700300,991.84500000,s,m,
1525780001.2281,17.750000,1000.00000000,s,l,
1525842057.1945,17.213200,323.43966821,s,m,
1525891885.4173,17.760900,17.49664713,b,m,
1525926339.7432,18.176900,134.18123720,b,l,
1525977042.9307,17.666600,10.00000000,s,m,
1525975877.4593,17.546000,97.99000000,s,m,
1525779251.3152,17.879800,0.00000268,b,m,
1525842057.1891,17.221800,48.84401037,s,m,
1525973818.551,17.890600,15.15115115,b,l,
1525975877.462,17.511000,453.14831390,s,m,
1525888788.7573,17.799600,3.31317523,b,l,
1525750122.8067,18.328700,11.89004741,b,l,
1525874511.1266,17.750000,21.02195700,s,l,
1525777220.9495,18.159800,3.96480137,s,l,
1525833396.7559,17.500000,0.45144573,s,m,
1525830413.1271,17.797200,57.93866849,s,l,
1525875532.885,17.700000,9.70302275,s,l,
1525970402.4462,18.362500,25.18524166,b,m,
1525732119.8543,17.800000,90.27700000,s,l,
1525777235.8986,18.151200,6.99159159,b,l,
1525961802.3802,18.560300,30.75000000,s,l,
1525973845.5844,17.890000,50.05005005,b,l,
1525975865.489,17.823300,35.84999350,b,l,
1525886212.0051,18.050000,116.75050641,b,l,
1525760858.0703,18.366900,4.12300000,s,l,
1525973851.2908,17.889900,0.00267967,b,l,
1525967674.4086,18.548000,0.00256997,b,l,
1525790181.4628,18.109300,80.35401441,b,l,
1525863256.1184,17.800000,360.20514964,b,l,
1525850257.0195,17.418600,5.18627550,b,l,
1525800861.4349,18.000000,0.21089958,b,l,
1525926341.3554,18.200000,12.26633918,s,l,
1525762877.0466,18.300000,49.13654436,s,l,
1525832050.683,17.574500,0.26632771,s,m,
1525833489.9808,17.400000,810.33834904,s,m,
1525760910.1117,18.410000,34.27537538,b,l,
1525760913.5436,18.410000,4.07387288,b,l,
1525866310.4831,17.890000,0.00000010,b,m,
1525926723.4264,18.091200,100.00000000,b,m,
1525751961.9011,18.499800,0.01046928,b,l,
1525832814.9072,17.565000,179.00000000,b,l,
1525782859.1781,17.997000,9.00000000,b,m,
1525744539.1891,17.970000,40.00000000,b,l,
1525975877.1066,17.758600,9.00000000,s,m,
1525962224.7225,18.482600,109.79863223,s,l,
1525921265.07,17.799000,355.81876280,b,l,
1525885767.9829,18.000000,0.03162643,b,l,
1525962226.3942,18.480000,162.33766000,s,l,
1525776313.1695,18.100000,105.73083083,b,l,
1525776294.4314,18.100000,35.91131131,b,l,
1525964958.4216,18.410000,0.00000001,s,l,
1525977042.9419,17.641600,0.68518759,s,m,
1525950349.9297,17.999900,3.50000000,s,m,
1525810121.2344,18.167300,3.84001601,s,m,
1525953469.9337,17.968000,78.43875157,s,m,
1525833890.6757,17.400400,9.00000000,s,m,
1525780004.2432,17.750000,123.58170175,b,l,
1525973969.6336,17.783400,991.84500000,s,m,
1525961847.7856,18.554300,9.00000000,s,m,
1525973971.6465,17.841200,6.92000000,s,l,
1525777366.0544,18.144900,20.00000000,b,l,
1525959712.0743,18.500100,0.56291668,s,m,
1525975887.9017,17.747300,26.95359057,b,l,
1525973982.6365,17.830400,8.36136587,b,l,
1525746854.8652,18.300000,1300.00000000,b,l,
1525820240.7239,17.900000,27.02056429,b,l,
1525931801.6548,17.871800,207.95015756,s,m,
1525776553.9827,18.100000,36.95410000,b,l,
1525761016.1377,18.409900,52.43351400,b,l,
1525761017.2088,18.412000,52.43351400,s,l,
1525777405.122,18.150000,20.00000000,s,l,
1525763222.8021,18.219200,4.10760351,b,l,
1525959145.9001,18.600000,11.89453226,b,m,
1525962240.2511,18.440400,3.18295458,s,l,
1525975968.0791,17.717600,0.00058452,s,m,
1525789955.1029,18.044400,0.00004811,b,l,
1525776556.3087,18.100000,36.99109109,b,l,
1525912509.1764,18.100000,0.00000049,b,m,
1525761043.9684,18.412000,10.00000000,s,l,
1525751982.8521,18.499100,0.00257318,b,l,
1525744663.8466,17.973600,5.56372000,b,l,
1525972734.7427,17.800000,7.90000000,s,l,
1525762906.3715,18.292700,130.26590421,b,m,
1525777438.8247,18.156900,9.04400000,b,l,
1525762908.9965,18.250000,12.70495630,s,l,
1525782023.3471,17.899800,28.99931249,b,m,
1525746311.1094,18.219500,3.95180987,s,l,
1525826605.8211,17.850000,28.01120000,s,l,
1525975902.6014,17.346700,9918.45001000,s,m,
1525773833.6688,18.250000,185.57662144,s,l,
1525918559.2526,17.600100,0.49800600,s,l,
1525842057.167,17.291300,393.52000000,s,m,
1525747727.6028,18.410900,44.98015243,s,l,
1525941317.2079,17.993600,74.35249249,s,m,
1525776295.1595,18.100000,93.26766767,b,l,
1525938351.8071,18.093200,7.00500000,b,m,
1525788906.1438,17.927600,0.00009227,b,l,
1525943807.317,18.109800,478.03041352,b,m,
1525866020.5494,17.860000,5.00000000,s,m,
1525773914.3462,18.230200,3.40124157,b,l,
1525875806.7144,17.720000,56.43340000,b,l,
1525959525.4958,18.500600,7.14000000,s,l,
1525912519.3122,18.700000,3000.00000000,b,m,
1525875816.8275,17.751900,10.57789454,b,l,
1525789450.0755,18.069200,51.78366016,b,l,
1525957749.8569,18.012300,142.16600000,s,l,
1525761135.3472,18.412000,2.05900520,s,l,
1525944899.503,18.065400,7.14000000,b,m,
1525744755.6746,17.935400,30.00000000,s,l,
1525957749.8597,18.012200,53.34786210,s,l,
1525791050.9674,18.027100,10.89420036,b,l,
1525973284.3532,17.958800,9.00000000,b,m,
1525975902.5487,17.667800,39.34400000,s,m,
1525744771.9454,18.000000,4.00000000,b,l,
1525839060.9805,17.039600,0.00095682,s,m,
1525749271.589,18.342800,7.00000000,b,m,
1525967725.6789,18.548500,0.00859022,s,l,
1525976195.8953,17.641100,116.37100000,s,m,
1525762927.636,18.291900,130.26590421,b,m,
1525759408.9073,18.250400,9.00000000,s,l,
1525784217.851,17.999800,8.32000000,b,l,
1525921524.7912,17.797700,0.00000214,b,l,
1525941401.5746,18.031000,178.53580690,s,m,
1525875866.371,17.752000,7.46653979,b,l,
1525762927.6214,18.290600,6.56505892,b,m,
1525761193.9637,18.412000,27.30300000,s,l,
1525761194.6385,18.412000,489.72530000,s,l,
1525761195.6642,18.412000,991.84500000,s,l,
1525761196.25,18.412000,1300.00000000,s,l,
1525761197.5665,18.412000,20.00000000,s,l,
1525875886.8144,17.756000,37.97477478,b,l,
1525761199.6747,18.412000,482.08403215,s,l,
1525875889.7044,17.756000,121.82872925,b,l,
1525975923.7309,17.638700,0.00000012,s,m,
1525853044.5188,17.300000,0.05912814,s,m,
1525739020.9624,17.743400,216.34797319,s,m,
1525958186.401,18.170000,0.13228980,b,l,
1525974210.7352,17.830400,19.95505506,b,l,
1525799021.5793,17.901300,7.14000000,s,m,
1525941448.4608,18.032000,0.01101283,s,l,
1525890891.045,17.706000,6.92000000,s,m,
1525975928.1461,17.638800,874.99646785,s,l,
1525863971.2819,17.900000,0.04316148,b,m,
1525858703.5379,17.652600,17.92305900,b,m,
1525874894.0316,17.700000,47.87552381,s,m,
1525779349.2401,17.800200,192.20965834,s,l,
1525747408.9414,18.500000,1296.65585393,b,l,
1525833936.3362,17.401000,0.00000103,s,m,
1525975931.2184,17.638800,112.84057660,b,l,
1525843174.1136,17.300000,39.00000000,b,l,
1525767753.874,18.590000,3.45000000,b,m,
1525974248.1043,17.830400,22.00490490,b,l,
1525975932.3843,17.638800,13.39900013,b,l,
1525975933.6002,17.638800,787.56345204,b,l,
1525835249.9606,17.302200,101.37802816,s,m,
1525770868.8218,18.370000,28.04374374,b,l,
1525894683.9591,17.635500,14.21008988,b,l,
1525975934.8247,17.638800,892.61702032,b,l,
1525975935.8473,17.638800,26.09756765,b,l,
1525823018.9847,17.950000,115.47390000,b,l,
1525974272.7498,17.830000,11.47640535,s,l,
1525975937.9675,17.638400,56.69448400,s,l,
1525970477.8146,18.303400,10.00000000,b,l,
1525978045.1035,17.924700,0.26982320,b,m,
1525962286.5576,18.412000,156.00000000,s,m,
1525794072.4472,18.075200,3.98333637,b,l,
1525975940.2776,17.638700,784.68845525,b,l,
1525770750.9502,18.446800,303.02999999,s,l,
1525771361.3723,18.304300,95.15955309,s,l,
1525780001.1871,17.811700,6.92000000,s,l,
1525975943.2556,17.638300,844.92025562,b,l,
1525858525.5354,17.651900,130.26590421,b,m,
1525972734.7033,17.850000,30.00000000,s,l,
1525757231.5117,18.250000,0.52800809,s,m,
1525881620.6177,17.920000,2.99268103,s,m,
1525974329.1202,17.830000,94.05540000,s,l,
1525975877.4788,17.500000,475.43176145,s,m,
1525974881.1951,17.964400,19.65265244,b,m,
1525883257.2254,17.971700,9.77590275,b,m,
1525958545.4256,18.404000,7.14000000,s,m,
1525747957.986,18.385600,0.53585603,s,l,
1525808281.5574,18.268400,34.22911068,b,m,
1525779850.4647,17.812800,38.36100000,s,l,
1525859656.8745,17.761100,30.53574384,b,m,
1525798358.17,18.141100,1300.00000000,b,m,
1525743843.0557,17.920300,33.56200000,b,m,
1525975877.397,17.651800,221.64515045,s,m,
1525974361.9151,17.830000,3.97520000,s,l,
1525975951.5473,17.676500,116.13790000,s,m,
1525976004.5435,17.730400,203.08886037,s,l,
1525748255.8877,18.300000,348.29070025,s,l,
1525767812.1947,18.791100,114.11106467,b,m,
1525777763.6022,18.150000,52.21800000,s,l,
1525746867.4353,18.330000,117.81742879,b,l,
1525777766.4111,18.160500,17.75365365,b,l,
1525975953.8838,17.710000,15.82181391,b,l,
1525964002.1165,18.527400,0.00000206,b,m,
1525957997.6572,18.050000,102.01930447,b,l,
1525958001.6289,18.051100,5.95251323,b,l,
1525777779.5607,18.150000,52.21800000,s,l,
1525808281.5463,18.246400,17.63500000,b,m,
1525743843.0479,17.880000,0.03533494,b,m,
1525975956.4085,17.675900,951.27458412,s,l,
1525779349.2329,17.800400,148.43541356,s,l,
1525746868.0775,18.330000,0.00000033,b,l,
1525843334.8867,17.300000,40.12191000,b,l,
1525745031.7203,18.000000,52.21800000,b,l,
1525751961.9032,18.499800,0.00001672,b,l,
1525826953.54,17.800000,67.99587386,s,l,
1525843338.9126,17.290100,10.00000000,s,l,
1525843339.5831,17.300000,0.00000001,b,l,
1525908880.8553,17.579400,0.10081258,s,m,
1525777816.4704,18.150000,21.86097005,s,m,
1525799243.0644,17.961600,4.00373682,b,l,
1525975923.7287,17.638700,0.00004506,s,m,
1525885988.9798,18.000000,8.00000000,b,l,
1525777828.576,18.150000,20.00000000,s,l,
1525778199.1664,18.000000,6.26736751,s,m,
1525970753.5463,18.350000,110.71557493,s,l,
1525853085.3294,17.300900,0.14225929,s,m,
1525745074.2183,18.030000,0.03151586,b,l,
1525958067.298,18.051100,35.96315377,b,l,
1525753766.8507,18.285600,29.07739950,s,m,
1525773897.9738,18.250000,13.79309310,s,l,
1525753063.5311,18.307200,0.00000053,s,m,
1525912509.0417,18.036600,121.91319582,b,m,
1525975968.0767,17.717600,0.26739271,s,m,
1525958717.8172,18.498300,6.92000000,s,m,
1525742043.1181,17.709300,0.02586534,s,m,
1525773900.633,18.250000,29.97000000,s,l,
1525958090.9494,18.051100,16.67098909,b,l,
1525827022.1927,17.849900,0.00265825,b,m,
1525974491.7922,17.830000,837.43301344,s,l,
1525752058.2846,18.406100,9.00000000,s,l,
1525972735.7009,17.800000,433.07407407,b,l,
1525910927.5592,17.876700,201.40349094,b,m,
1525945936.0669,18.051100,1016.68000000,b,m,
1525876196.9965,17.775200,32.33396645,b,l,
1525747383.8759,18.500000,0.03828862,b,l,
1525975877.1137,17.750000,28.16901000,s,m,
1525745419.3894,18.114000,0.00000092,s,m,
1525762877.044,18.300000,49.16941273,s,l,
1525854204.3137,17.403900,35.87828963,b,l,
1525892594.7646,17.700000,98.43553906,s,l,
1525958131.4589,18.100000,3.00000000,b,l,
1525892600.9201,17.748500,21.91747896,b,l,
1525892601.7841,17.700000,114.36025681,s,l,
1525869698.6623,17.821700,50.13494494,s,l,
1525746872.9305,18.367900,0.00600030,b,l,
1525925372.036,17.852900,0.08842248,s,l,
1525972736.2813,17.800000,433.07407407,b,l,
1525745152.9556,18.090000,22.66562832,b,m,
1525912509.1048,18.100000,181.74555623,b,m,
1525835421.0369,17.210100,95.00000000,s,m,
1525965826.4673,18.499900,0.00258084,b,m,
1525889993.3772,17.839400,7.14000000,b,l,
1525892619.3978,17.700000,17.20808045,s,l,
1525777933.3041,18.150000,20.00000000,s,l,
1525827086.7863,17.956800,63.40019380,b,m,
1525747313.2841,18.423000,43.45613643,s,l,
1525771183.9574,18.499900,18.08000000,b,m,
1525972737.4732,17.800000,48.77602913,b,l,
1525773914.355,18.230200,0.00000218,b,l,
1525927032.1775,17.988900,10.00000000,s,m,
1525959111.927,18.596900,300.00000000,b,m,
1525958186.4043,18.175000,277.00000000,b,l,
1525883143.5937,17.923900,40.13866072,b,l,
1525958189.9472,18.197700,115.15722209,s,l,
1525958193.8792,18.200000,174.75534299,b,l,
1525958195.9316,18.223800,113.28840000,s,l,
1525749784.3343,18.340000,0.00028378,b,l,
1525958198.9195,18.223800,113.12620000,s,l,
1525843513.9186,17.370000,34.18572251,b,l,
1525958202.5689,18.279900,15.28555648,b,m,
1525924106.0207,17.850100,1.36946555,s,m,
1525958208.3677,18.279700,12.42987210,b,l,
1525958210.5002,18.279600,115.04958648,b,l,
1525953448.1192,17.972200,55.64149000,s,m,
1525958214.0918,18.293500,9.82312990,b,m,
1525973284.3406,17.899900,70.83479006,b,m,
1525958216.46,18.293600,677.20591074,s,l,
1525958217.29,18.293600,88.33120575,s,l,
1525777996.7201,18.216100,4.11719174,b,l,
1525958221.8884,18.293600,364.75693007,b,l,
1525856373.7934,17.565500,53.25773700,b,m,
1525958224.4742,18.293600,32.25025083,b,l,
1525958226.4626,18.349900,86.04886500,b,m,
1525856486.5673,17.581100,138.70400000,b,m,
1525958228.6656,18.366100,29.00072148,b,m,
1525866020.5793,17.784600,187.14990425,s,m,
1525965071.3366,18.487300,6.92000000,b,m,
1525943748.2829,18.090900,115.04958648,b,m,
1525912519.3029,18.690000,2.80853992,b,m,
1525974629.2826,17.830000,37.00000000,s,l,
1525941862.4962,18.032000,23.40067658,s,l,
1525780001.1986,17.787800,991.84500000,s,l,
1525958251.1868,18.316200,0.10899521,s,l,
1525958252.0799,18.399500,7.35647576,b,l,
1525958253.3518,18.399900,6.45595152,b,l,
1525958255.9743,18.399500,7.35647576,b,l,
1525958259.5984,18.399900,7.35614879,b,l,
1525974644.7793,17.830400,0.99631841,b,l,
1525972740.175,17.800000,4.40540540,b,l,
1525958263.7439,18.399300,7.35614879,b,l,
1525843576.7977,17.370000,20.03343530,b,l,
1525963099.8465,18.486200,14.74416562,b,m,
1525767408.2209,18.350800,1231.25632932,s,m,
1525871352.513,17.840100,138.70400000,s,l,
1525835258.9544,17.236400,467.17564877,s,m,
1525976004.5464,17.730400,6.92000000,s,l,
1525860048.6865,17.679100,8.32000000,b,m,
1525974691.518,17.889000,249.95075155,b,l,
1525812606.0782,18.030000,69.26324627,s,m,
1525958311.8954,18.399000,200.00000000,s,l,
1525958315.0308,18.390900,200.00000000,b,m,
1525912519.4383,17.911700,310.03932321,s,m,
1525925553.4216,17.930600,27.85515000,b,l,
1525972742.2221,17.773800,0.00058021,s,m,
1525964013.1864,18.500000,0.00015817,s,l,
1525839476.7538,17.149900,0.00000222,b,l,
1525752095.8148,18.400000,89.91743128,b,l,
1525958335.7627,18.390000,75.22188006,b,l,
1525958336.4506,18.390000,75.22188006,b,l,
1525809073.3583,18.264700,8.32000000,b,l,
1525823094.4858,17.950000,115.45010000,b,l,
1525778120.1685,18.150000,85.42819143,s,l,
1525773066.2818,18.053700,0.36980559,s,l,
1525835421.0472,17.200000,215.11627906,s,m,
1525976013.8229,17.730000,352.91916526,s,l,
1525860048.7579,17.756700,850.17664054,b,m,
1525778133.0357,18.130000,300.00000000,s,l,
1525973284.3356,17.899800,72.02989800,b,m,
1525863256.1265,17.800000,0.43172811,b,l,
1525860067.7722,17.571900,0.00069322,s,m,
1525778149.3187,18.125000,3.00000000,s,l,
1525778150.0537,18.113600,72.30832849,s,l,
1525958375.911,18.390000,0.31943400,b,l,
1525778155.1508,18.113500,65.38238238,b,l,
1525745388.3163,18.112200,0.00000003,s,l,
1525902106.2941,17.583300,0.00000216,b,l,
1525778160.3044,18.108000,52.40900000,s,l,
1525778161.1153,18.108000,0.00000070,s,l,
1525958387.8071,18.399900,115.04958648,b,l,
1525958388.2015,18.399900,115.04958648,s,l,
1525958389.5864,18.400000,0.11164246,b,l,
1525958390.7187,18.419700,8.67231900,s,l,
1525877873.1479,17.900000,27.70447617,b,m,
1525959651.4127,18.511000,0.48086380,s,m,
1525975877.145,17.700000,690.00000000,s,m,
1525958404.8139,18.489800,2.46515481,s,l,
1525778184.248,18.042300,3.29655951,b,l,
1525778185.0538,18.100000,54.09285300,s,l,
1525778186.9299,18.100000,751.76874982,s,l,
1525745419.3802,18.114600,7.14000000,s,m,
1525827340.7888,17.900900,13.09550451,s,l,
1525778191.9306,18.030000,52.21800000,s,l,
1525794576.0691,18.055700,18.03311390,s,m,
1525745425.8568,18.150000,27.96085480,b,l,
1525892882.8652,17.700000,111.61766040,s,l,
1525778196.2788,18.030000,52.21800000,s,l,
1525892885.0864,17.700000,111.61766059,s,l,
1525892886.413,17.700000,111.57618627,s,l,
1525778199.1566,18.000000,0.42560874,s,l,
1525970402.4381,18.297000,30.00000000,b,m,
1525747616.8694,18.560000,12.47121197,b,m,
1525803687.7781,18.174500,6.75000000,b,m,
1525972445.2734,18.000000,60.00000000,s,l,
1525745440.6595,18.209600,6.88183115,b,m,
1525972822.3998,17.830700,173.69802436,s,l,
1525746882.0897,18.390000,0.00008057,b,l,
1525976028.9414,17.639600,65.22123058,s,m,
1525778218.06,18.000000,12.08999999,s,l,
1525778220.8323,18.000000,26.77777000,s,l,
1525778225.6912,17.999900,100.00000000,b,m,
1525839476.7515,17.149900,0.00277257,b,l,
1525745461.3305,18.210000,100.00000000,b,m,
1525872908.1952,17.800000,0.16915923,s,m,
1525839497.303,17.150000,260.14235569,b,l,
1525975877.5348,17.346600,8375.39188229,s,m,
1525958460.7259,18.490000,125.00000000,b,l,
1525832050.6806,17.574500,133.43018508,s,m,
1525899573.3943,17.550000,10.00000000,s,l,
1525794625.9831,18.108000,5.85818423,b,l,
1525745474.3216,18.210000,39.11736100,b,l,
1525838538.4231,17.132800,51.46325000,s,l,
1525778250.6029,17.911100,100.00000000,s,m,
1525942092.8632,18.032000,25.00000000,s,l,
1525974861.5283,17.920000,3.42037620,s,l,
1525782345.8375,17.921500,3.60307700,s,m,
1525778255.5769,17.911000,0.22299318,s,m,
1525770299.3552,18.510000,500.00000000,s,l,
1525971659.3339,18.270100,683.25060468,s,m,
1525959651.4148,18.511000,0.00114751,s,m,
1525763222.8071,18.219200,0.00000263,b,l,
1525733790.9814,17.862800,10.00000000,b,l,
1525776082.6011,18.127300,10.00000000,s,l,
1525958490.3869,18.500000,30.92243675,b,l,
1525778267.3404,17.918200,12.82660000,b,l,
1525799258.4189,17.900000,0.00035072,s,m,
1525778271.241,17.900100,710.68845525,s,l,
1525773669.1694,18.200500,3.00000000,b,l,
1525974881.192,17.964400,0.00000214,b,m,
1525745506.5724,18.200000,0.24151673,b,l,
1525942116.0272,18.000000,5.42578836,b,l,
1525974886.5891,17.964000,25.40996180,b,l,
1525974888.1756,18.000000,241.61114700,s,l,
1525974890.2197,18.000000,10.77211290,s,l,
1525958509.1942,18.424900,0.00022875,s,l,
1525739792.1879,17.949800,7.14000000,b,l,
1525864454.0057,18.099500,12.48003198,b,m,
1525958514.7479,18.424900,20.00000000,s,m,
1525974900.3665,17.920000,22.29518859,s,l,
1525786430.1358,17.862200,11.60962170,s,m,
1525778295.8441,17.880000,18.00000000,s,m,
1525767408.2229,18.350800,1.23002630,s,m,
1525958631.1561,18.550000,0.00006801,b,m,
1525792501.0712,18.093300,991.84500000,b,m,
1525835258.9565,17.236400,0.93248633,s,m,
1525958529.0869,18.424900,22.12907997,s,l,
1525746885.2737,18.400000,0.48435058,b,l,
1525960966.753,18.600000,100.00000000,s,m,
1525839510.0202,17.150000,70.27575493,b,l,
1525846678.7524,17.371200,2.99222028,s,m,
1525808750.9954,18.150000,100.00000000,s,l,
1525958545.4359,18.403600,0.00686784,s,m,
1525778328.1596,17.880000,52.21800000,s,l,
1525958565.3831,18.424900,23.45505316,b,l,
1525958555.2206,18.424800,3.24154784,b,l,
1525961293.6509,18.651000,3.00000000,b,m,
1525864454.0032,18.017500,404.93000000,b,m,
1525958565.3777,18.424900,23.36907150,b,l,
1525971659.328,18.300000,27.32240000,s,m,
1525747386.7091,18.500000,246.95483653,b,l,
1525958568.1933,18.439900,23.34546500,s,l,
1525958570.727,18.440000,23.43638157,s,l,
1525958573.5901,18.440100,23.46521677,s,l,
1525804171.7554,18.139800,16.69913574,b,l,
1525811138.3759,18.170000,0.04274628,s,l,
1525958599.0849,18.533500,115.04958648,b,l,
1525958601.8361,18.550000,192.31417220,s,l,
1525797687.3172,18.020400,0.00004489,s,m,
1525958603.4586,18.550000,88.87636157,s,l,
1525958604.4309,18.550000,22.46950800,s,l,
1525960749.6619,18.600000,4.97678070,b,l,
1525889826.8962,17.700000,1.56706170,s,m,
1525745629.8706,18.200000,30.78578579,b,l,
1525958622.6997,18.502300,0.00080297,s,l,
1525912519.3414,18.790000,0.00023889,b,m,
1525762017.6578,18.300000,0.01035406,s,l,
1525832814.9174,17.583000,172.00000000,b,l,
1525975013.0165,17.920000,78.00230000,s,l,
1525958631.1583,18.550000,0.00000011,b,m,
1525958633.831,18.590000,43.58760000,b,l,
1525960750.4021,18.778200,400.84000000,b,m,
1525975031.0607,17.920000,0.00000015,s,l,
1525919833.516,17.690000,426.49800000,s,l,
1525975031.0198,17.920600,7.14000000,s,l,
1525976195.8924,17.641200,10.00000000,s,m,
1525959679.5812,18.500500,6.92000000,s,l,
1525745665.286,18.200000,186.00729535,b,l,
1525778941.7651,17.880000,0.00006708,s,m,
1525762062.0632,18.300000,2.10174935,s,l,
1525958672.7361,18.598900,3.22214689,b,l,
1525811217.4818,18.170100,689.09889874,s,l,
1525958685.3584,18.550000,0.00000001,s,m,
1525893151.4293,17.700000,29.40608378,s,l,
1525939024.902,18.151000,7.14000000,b,m,
1525958694.7341,18.550000,15.65237996,s,l,
1525932019.3582,17.869800,0.00032858,s,l,
1525762088.4815,18.300000,103.72216027,s,l,
1525974886.6025,17.971900,0.01080413,b,l,
1525762092.1317,18.300000,103.72129405,s,l,
1525741234.2122,17.886600,5.59078000,s,l,
1525958702.9076,18.550000,50.00000000,s,l,
1525745712.1761,18.276800,50.00000000,b,l,
1525778482.807,17.961000,4.00008889,b,l,
1525779851.7719,17.800000,23.20140030,b,l,
1525773683.3398,18.291500,10.00000000,b,l,
1525733857.1446,17.879000,12.01557240,b,l,
1525958713.6452,18.600000,54.73034239,b,l,
1525795992.0035,18.100000,21.01629024,s,m,
1525958717.8326,18.486800,0.00076997,s,m,
1525971831.9881,18.301900,3.50362410,b,l,
1525772533.4966,18.242000,10.00000000,s,l,
1525778501.0857,17.961000,57.84984985,b,l,
1525958726.1032,18.498000,5.50726110,s,l,
1525778505.0965,17.961000,22.34360000,b,l,
1525778506.9252,17.961000,20.80646126,b,l,
1525959693.0287,18.550000,53.90835000,b,m,
1525838605.5858,17.110500,63.41727464,s,m,
1525893203.1097,17.700000,79.00000000,s,l,
1525816237.6891,17.970000,0.01714871,s,m,
1525893208.2242,17.700000,241.42393599,s,l,
1525960750.3961,18.750000,27.00750000,b,m,
1525864453.96,17.949600,6.92000000,b,m,
1525940581.6175,18.064400,49.95000000,b,m,
1525776294.1487,18.100000,298.95195195,b,l,
1525912519.4438,17.860800,483.80980827,s,m,
1525925988.5395,17.940900,60.74201402,b,l,
1525768550.7159,18.711400,17.82140000,s,l,
1525778536.3447,18.000000,490.00000000,b,m,
1525745771.4118,18.250000,26.00000000,b,l,
1525912518.9871,18.137100,43.91000000,b,m,
1525926003.6072,17.950000,27.85515000,b,l,
1525806127.5344,18.243700,21.63063414,b,m,
1525762170.0788,18.300000,15.30400000,s,l,
1525972734.7149,17.800300,43.91000000,s,l,
1525893245.2916,17.700000,26.13683700,s,l,
1525958460.7349,18.500000,38.00000000,b,l,
1525778567.5194,18.000000,430.00000000,b,m,
1525958573.1155,18.440100,15.06300907,s,l,
1525903471.8539,17.650000,24.56788639,s,l,
1525745804.5503,18.230100,5.09253896,s,l,
1525746894.9312,18.400000,280.65242250,b,l,
1525958802.1858,18.599900,40.00000000,b,m,
1525798595.4985,17.961600,41.68000000,s,m,
1525976089.277,17.700000,0.50259176,b,l,
1525732164.5471,17.730000,20.00000000,s,l,
1525961847.8004,18.482000,0.00011634,s,m,
1525767626.5832,18.490000,125.00000000,b,l,
1525778596.8081,17.985700,16.85243657,s,l,
1525903472.0637,17.650000,6.61720000,s,l,
1525975219.1048,17.997700,113.79389705,b,m,
1525732165.0553,17.664000,10.00000000,s,m,
1525926073.0923,18.000000,7.00000000,b,l,
1525745850.032,18.199000,52.21800000,s,l,
1525975228.7787,17.997600,0.00266090,b,m,
1525960757.9031,18.799700,6.71810702,b,m,
1525975232.9103,18.020500,67.00000000,b,m,
1525959712.0678,18.500600,85.27470000,s,m,
1525745858.0459,18.242400,4.11071526,b,l,
1525745860.3196,18.198900,18.80118502,s,l,
1525903473.3706,17.650000,991.84500000,s,l,
1525973851.2888,17.889900,3.35225733,b,l,
1525745868.9692,18.199000,49.86400000,s,l,
1525761193.9533,18.412000,5.08761434,s,l,
1525893327.2277,17.700000,52.46620985,s,l,
1525883257.2308,17.975900,669.72811932,b,m,
1525885988.9712,17.999900,3.30146187,b,l,
1525762267.1031,18.300000,39.01227994,s,l,
1525842298.7908,17.300000,13.89236416,s,l,
1525778656.1351,17.985700,52.21800000,s,l,
1525762276.6207,18.300000,259.37749401,s,l,
1525943334.4273,18.000800,6.92000000,s,m,
1525747988.4668,18.470000,1300.00000000,b,l,
1525962449.5667,18.400100,14.97800000,s,m,
1525768572.1633,18.711800,22.40190600,s,l,
1525888744.0625,17.784800,79.79254001,s,l,
1525780004.4865,17.750000,16.11935240,b,l,
1525856373.8494,17.700000,79.09604000,b,m,
1525958897.4665,18.547400,385.41000000,b,m,
1525958900.4707,18.512500,3.57407878,s,l,
1525781268.4645,17.662600,0.14832193,s,m,
1525788906.1394,17.927600,36.86166942,b,l,
1525811454.6215,18.130000,131.53098197,b,l,
1525926145.4407,18.000200,0.00057471,s,m,
1525972740.9615,17.800000,113.90538238,b,l,
1525888728.0293,17.799700,18.51067793,b,l,
1525815094.0674,17.969300,46.22421018,b,m,
1525782233.5341,17.992400,97.17856080,b,l,
1525959712.0786,18.500100,0.00000225,s,m,
1525893407.5585,17.700000,200.00000000,s,l,
1525976112.5946,17.640300,10.00000000,s,l,
1525774483.6241,18.299600,42.86100000,b,m,
1525958948.8443,18.547400,0.00001529,b,l,
1525780984.5859,17.652000,25.00000000,s,l,
1525958490.3898,18.500000,0.02457288,b,l,
1525778738.6793,17.961000,5.00000000,s,l,
1525850718.8196,17.449800,0.00731926,b,l,
1525768585.963,18.711700,133.26719854,s,l,
1525962449.5105,18.368900,164.26868058,s,m,
1525975877.5311,17.350000,500.00000000,s,m,
1525762365.4723,18.300000,0.00025728,s,l,
1525958975.4525,18.600000,71.75254701,b,l,
1525975362.5408,17.933000,15.90000000,s,l,
1525975363.8248,17.933000,121.10000000,s,l,
1525924236.5214,17.933500,11.62454698,b,m,
1525795147.7896,18.150000,60.00000000,b,l,
1525811536.4501,18.100000,250.00000000,s,l,
1525976120.8699,17.640100,875.46870000,b,l,
1525926226.5192,18.099000,25.44900000,b,l,
1525776361.2821,18.100000,105.73103103,b,l,
1525975382.895,17.931300,56.00000000,b,l,
1525858703.5518,17.686000,130.26590421,b,m,
1525762397.9362,18.300000,3.50000000,s,l,
1525866310.4701,17.890000,99.90009990,b,m,
1525760046.9622,18.400000,12.00000000,b,m,
1525790439.2475,18.021200,38.21800000,s,m,
1525975406.9972,17.900000,14.00000000,s,l,
1525888744.0682,17.784800,0.00053660,s,l,
1525746037.3162,18.219600,9.00000000,b,m,
1525975877.509,17.450100,789.41698942,s,m,
1525833355.9436,17.501800,57.13698000,s,l,
1525802004.5353,17.989400,4.17128451,s,m,
1525753063.5095,18.328000,78.70819511,s,m,
1525820481.432,17.900000,0.00000992,b,l,
1525975435.5957,17.900000,1385.00000000,b,m,
1525926284.7054,18.132900,142.16600000,b,l,
1525795213.7046,18.199900,4.01637960,s,l,
1525926286.0371,18.150000,4.04205940,s,l,
1525926287.6513,18.150000,22.01766030,s,l,
1525926288.5463,18.150000,22.24573200,s,l,
1525926293.7596,18.150000,5.12357130,s,l,
1525926294.4657,18.150000,115.60567910,s,l,
1525827993.4844,17.817600,56.12428100,s,m,
1525747994.629,18.380000,6.34914915,b,l,
1525795227.3049,18.199900,0.10452216,s,l,
1525926300.3091,18.150000,21.06680000,s,l,
1525795231.8187,18.155000,3.44300000,s,l,
1525754541.0535,18.297000,0.03409361,s,m,
1525926309.2986,18.150000,426.49800000,s,l,
1525975462.8784,17.830200,8.32000000,s,m,
1525844683.7553,17.290000,0.00099459,s,l,
1525746855.2246,18.300000,29.52106216,b,l,
1525976135.6114,17.753900,10.00000000,s,l,
1525942701.7439,18.093900,5.00000000,b,m,
1525905663.4737,17.732600,5.80530000,s,l,
1525809206.6112,18.310000,6.36242819,b,m,
1525926322.6635,18.150000,5.72096745,s,l,
1525975228.7862,18.000300,229.25203211,b,m,
1525742043.1071,17.709300,92.41445556,s,m,
1525828025.7898,17.818300,0.00000011,s,l,
1525975482.9581,17.830000,8.86671792,s,l,
1525842057.1705,17.256400,4.78096210,s,m,
1525921525.8366,17.798900,139.04990000,s,l,
1525743501.5256,17.800000,17.90129223,b,l,
1525926339.7382,18.176800,0.00261903,b,l,
1525926341.3581,18.200000,0.01691782,s,l,
1525926342.2686,18.200000,182.20001000,s,l,
1525926343.5002,18.150000,1421.65900000,s,l,
1525778890.0901,17.902700,52.21800000,s,l,
1525776365.5219,18.100000,31.52622623,b,l,
1525926348.2332,18.150000,426.49800000,s,l,
1525746126.0689,18.220000,52.21800000,b,l,
1525778896.9348,17.902700,22.15954992,s,l,
1525855992.3332,17.510000,0.00007991,b,l,
1525926364.9057,18.150000,51.00000000,s,l,
1525960750.4286,18.829300,991.84500000,b,m,
1525768613.6215,18.663300,0.00000002,s,m,
1525912519.2938,18.640000,99.86020361,b,m,
1525778916.9414,17.892300,52.21800000,s,l,
1525771345.1679,18.325400,5.00000000,s,m,
1525926376.0115,18.150000,15.65000000,s,l,
1525959145.8831,18.599400,7.14000000,b,m,
1525762538.3874,18.300000,7.65770000,s,l,
1525926383.586,18.150000,89.80000000,s,l,
1525762544.6231,18.300000,62.37470000,s,l,
1525746161.7466,18.220000,0.03816452,b,l,
1525887381.7933,17.960900,0.00265245,b,l,
1525762550.907,18.300000,29.94630000,s,l,
1525972770.5366,17.816100,95.65030000,s,l,
1525778941.7626,17.880000,0.02586533,s,m,
1525762559.9147,18.300000,67.23480000,s,l,
1525795328.2359,18.155000,3.19999994,s,l,
1525767794.0909,18.601000,0.07079329,b,l,
1525762562.5475,18.300000,27.54380000,s,l,
1525911667.1757,17.786700,23.91015674,s,l,
1525771350.8004,18.320500,96.25300000,s,l,
1525778952.1361,17.880000,52.21800000,s,l,
1525912519.3452,18.791100,151.02953632,b,m,
1525926417.6276,18.150000,9.74025000,s,l,
1525926418.3104,18.150000,3.24675000,s,l,
1525926420.4015,18.150000,3.24675000,s,l,
1525746197.6614,18.230000,16.01272990,b,l,
1525958186.3988,18.170000,111.82371020,b,l,
1525975577.7519,17.830000,35.51564839,s,l,
1525893661.4309,17.650000,127.07820660,s,l,
1525779251.313,17.879800,0.00335175,b,m,
1525926433.6009,18.150000,29.17000000,s,l,
1525746908.5623,18.450000,1.96316222,b,m,
1525776305.9478,18.100000,12.45555556,b,l,
1525795368.1291,18.195000,3.95713107,b,l,
1525926446.1932,18.150000,24.09319174,s,l,
1525926447.651,18.150000,81.34666314,s,l,
1525912519.0253,18.199900,991.84500000,b,m,
1525762609.3152,18.300000,8.74780000,s,l,
1525803524.8663,18.048300,198.87500218,b,l,
1525959145.8947,18.600000,0.06717239,b,m,
1525746908.5471,18.440000,53.91407890,b,l,
1525904403.6921,17.728700,104.43808000,b,l,
1525762626.9093,18.300000,1300.00000000,s,l,
1525923126.8859,17.898300,61.68000000,b,l,
1525762630.1768,18.300000,1300.00000000,s,l,
1525959679.5941,18.500100,0.04782205,s,l,
1525975629.698,17.830600,7.14000000,s,m,
1525740484.9861,17.983600,39.48000000,b,m,
1525755638.5998,18.255100,0.09184915,b,l,
1525959250.1442,18.598600,100.00000000,b,l,
1525779037.1993,17.880000,21.68153244,s,l,
1525815105.7521,17.969000,0.00262722,b,l,
1525747784.8713,18.399300,88.78570000,s,l,
1525957052.6055,18.050000,197.62112699,b,l,
1525958509.1966,18.424900,0.00000055,s,l,
1525893739.5834,17.650000,29.59222340,s,l,
1525838887.5586,17.030700,29.93000000,s,m,
1525972616.1395,17.881000,991.84500000,s,l,
1525795444.7754,18.189000,9.40076000,b,l,
1525746293.9921,18.230000,3.74801324,b,l,
1525975671.9304,17.830300,9.00000000,s,l,
1525888788.7637,17.799600,0.00000212,b,l,
1525975676.1052,17.830000,36.96207400,s,l,
1525975677.8799,17.830000,114.50777200,s,l,
1525875816.835,17.752000,81.41042786,b,l,
1525975682.6146,17.830600,7.14000000,s,l,
1525974890.9384,18.000000,241.26284444,s,l,
1525746308.4425,18.230000,500.00000000,b,l,
1525926533.157,18.150000,19.66942149,s,l,
1525975686.8157,17.830000,115.24087200,s,l,
1525746311.1026,18.219600,20.00000000,s,l,
1525975689.8178,17.830000,52.18743200,s,l,
1525746314.7644,18.219500,7.84421489,b,l,
1525913367.4772,17.940100,334.24045525,s,l,
1525975693.2357,17.830000,5.49500000,s,l,
1525975694.0448,17.830000,115.30668455,s,l,
1525975695.6159,17.830000,69.75867100,s,l,
1525975697.291,17.830000,115.30257449,s,l,
1525838605.6018,17.088600,134.68032366,s,m,
1525837475.3928,17.445700,191.68000000,b,m,
1525975702.0226,17.830000,9.52740000,s,l,
1525975704.3339,17.830000,81.24762684,s,l,
1525975706.056,17.830000,5.98860000,s,l,
1525975707.3404,17.830000,62.81850000,s,l,
1525975709.5164,17.830000,3.70710000,s,l,
1525767643.8757,18.500000,52.21800000,b,l,
1525975711.8382,17.830000,116.11761663,s,l,
1525975712.3409,17.830000,509.20217611,s,l,
1525762723.6449,18.300000,27.41758241,s,m,
1525762725.1074,18.300000,44.80000000,s,l,
1525877873.1574,17.931300,7.14000000,b,m,
1525857116.7488,17.509100,3.10370988,s,m,
1525838609.0595,17.088600,276.12829514,s,m,
1525795505.895,18.155000,25.00000000,s,l,
1525795506.9798,18.155000,250.00000000,s,l,
1525959349.1672,18.510500,200.00000000,s,l,
1525776082.5761,18.150000,102.27505452,s,l,
1525776306.1639,18.100000,313.00000000,b,l,
1525747784.9021,18.303100,1300.00000000,s,l,
1525746805.009,18.230000,0.00078272,b,l,
1525838838.9474,17.028400,115.93387093,s,m,
1525778161.1113,18.108000,0.14432338,s,l,
1525844683.7532,17.290000,0.49828957,s,l,
1525838605.5758,17.115000,82.58368682,s,m,
1525927032.1857,17.958500,80.76000000,s,m,
1525893846.8435,17.648800,20.00000000,b,m,
1525747459.9279,18.500000,0.53130044,b,l,
1525746395.4014,18.181900,3.40322580,s,l,
1525959389.5925,18.504100,3.23852161,s,l,
1525746400.7613,18.170000,52.21800000,b,l,
1525747787.9022,18.300000,64.03088595,b,l,
1525779176.4903,17.851800,333.81437130,s,m,
1525926633.9624,18.158300,55.13030755,b,l,
1525943021.1716,18.000000,91.86818325,s,l,
1525958633.827,18.590000,58.50009683,b,l,
1525959410.7324,18.500000,250.00000000,s,l,
1525746419.3675,18.167800,48.82732281,s,m,
1525740266.4505,17.932500,3.67110735,b,l,
1525927038.4296,17.997400,15.60249629,b,l,
1525975799.3742,17.760000,11.53674995,s,l,
1525940084.4925,18.030000,55.18580144,s,l,
1525762817.7003,18.300000,27.41758241,s,m,
1525746438.7458,18.170000,8.00000000,b,l,
1525746441.331,18.170000,20.00000000,b,l,
1525976598.9577,17.801900,4.81350937,b,l,
1525775793.8079,18.150100,6.71100000,s,l,
1525869698.6652,17.821700,0.05438485,s,l,
1525809624.1964,18.213700,0.05387119,s,l,
1525811986.116,18.141200,52.66000000,b,l,
1525762835.4475,18.307300,4.09484758,b,l,
1525760009.2685,18.377200,3.26523077,b,l,
1525926678.862,18.155400,5.00000000,b,m,
1525778199.1545,18.000000,177.76258336,s,l,
1525746457.1848,18.170000,52.21800000,b,l,
1525739285.9504,17.949800,22.37760000,b,m,
1525762843.0762,18.307000,3.93105368,b,l,
1525866020.565,17.812800,6.92000000,s,m,
1525779237.2928,17.839700,5.60548000,s,m,
1525780001.2105,17.783200,132.94523023,s,l,
1525746474.1199,18.170000,52.21800000,b,l,
1525746475.689,18.170000,20.00000000,b,l,
1525962960.4546,18.494700,9.00000000,b,m,
1525746824.1069,18.250000,0.00003110,b,l,
1525779251.3196,17.880000,553.35849553,b,m,
1525975902.7532,17.177300,299.64214399,s,m,
1525975865.4916,17.823400,0.27507723,b,l,
1525975877.5554,17.346600,10.00000000,s,m,
1525762876.9689,18.300000,27.43265530,s,m,
1525844797.6684,17.348500,60.00000000,b,m,
1525804171.7634,18.140000,0.03909047,b,l,
1525975877.414,17.616100,285.77966670,s,m,
1525975880.0249,17.822700,26.00000000,b,m,
1525877577.8521,17.842300,11.20934000,b,l,
1525778271.2445,17.900000,101.90511732,s,l,
1525975887.8991,17.747200,0.00000197,b,l,
1525877591.2702,17.800300,10.00000000,s,m,
1525852031.2451,17.449000,398.90000000,s,l,
1525762906.3793,18.305900,245.66135508,b,m,
1525975899.7515,17.718400,393.88000000,s,l,
1525762908.7992,18.250000,9.78201320,s,l,
1525815098.3426,17.950000,57.48090000,s,l,
1525975902.6044,17.330000,383.19847663,s,m,
1525762912.8523,18.250000,115.17600870,s,l,
1525763285.2597,18.234600,8.41499999,b,l,
1525762917.9167,18.250000,105.26734247,s,l,
1525831484.1884,17.755100,0.00002559,s,m,
1525779307.8523,17.880000,30.03003003,b,l,
1525762927.6333,18.290600,0.00000420,b,m,
1525975922.8319,17.717700,10.00000000,b,l,
1525975923.7229,17.638700,6.70068524,s,m,
1525975928.1428,17.638800,116.84853215,s,l,
1525975929.9395,17.638900,116.38547178,s,l,
1525975930.6104,17.638800,116.38550000,b,l,
1525975931.7564,17.638800,865.11108727,b,l,
1525975932.7891,17.638800,102.72566766,b,l,
1525975933.5722,17.638800,1300.00000000,b,l,
1525975934.7988,17.638800,116.42830700,b,l,
1525975935.89,17.638800,11.70848858,b,l,
1525975936.7925,17.638800,946.90441142,b,l,
1525975937.9647,17.638500,56.69416300,s,l,
1525975940.2718,17.638400,424.06449247,b,l,
1525975941.8282,17.682100,10.00000000,b,l,
1525975943.0888,17.710100,100.17776501,s,l,
1525966381.4832,18.498900,45.95400000,b,m,
1525795726.9004,18.155000,100.00000000,s,l,
1525975951.5504,17.676400,7.14000000,s,m,
1525795992.0063,18.100000,0.05450065,s,m,
1525878873.3105,17.800000,85.61140798,s,l,
1525975956.403,17.676000,40.57041588,s,l,
1525779349.2297,17.815600,10.00000000,s,l,
1525778150.0432,18.118000,185.00000000,s,l,
1525975961.28,17.742700,6.35144220,s,l,
1525856486.6047,17.651200,0.01116425,b,m,
1525762976.304,18.200000,187.10173649,s,m,
1525875184.4727,17.700000,0.00016584,s,m,
1525738882.982,17.686800,407.34872311,s,m,
1525959145.8713,18.584800,51.83272966,b,m,
1525975972.0003,17.717600,30.21700000,s,l,
1525798726.6322,18.035300,3.29963308,b,m,
1525975975.6246,17.694100,991.84500000,s,l,
1525779370.4493,17.880000,22.42163163,b,l,
1525779371.4373,17.880000,45.20700000,b,l,
1525770852.3233,18.379000,6.92000000,s,l,
1525840758.8494,17.299600,9.00000000,b,m,
1525975991.1077,17.730000,991.84500000,s,l,
1525746847.5624,18.300000,903.37040262,b,l,
1525854323.3615,17.368900,0.03176010,s,m,
1525773669.2103,18.244000,191.00000000,b,l,
1525976004.5379,17.731000,7.14000000,s,l,
1525823846.4751,17.902000,50.00000000,b,l,
1525775544.5818,18.150000,0.34782300,s,m,
1525831484.1755,17.755100,4.30363398,s,m,
1525976013.8273,17.730000,0.28208403,s,l,
1525780345.5212,17.808000,0.39426334,s,m,
1525746641.5895,18.230000,48.00000000,b,m,
1525835490.732,17.141700,0.59698100,s,m,
1525745152.9518,18.089400,7.14000000,b,m,
1525976028.9435,17.639600,0.16344942,s,m,
1525894112.0292,17.644200,23.84595783,b,l,
1525959651.4059,18.511400,6.92000000,s,m,
1525795813.609,18.100000,0.01120484,s,m,
1525746855.2351,18.300000,24.96006401,b,l,
1525732554.7959,17.806100,3.36603460,b,l,
1525752967.6106,18.322500,0.19704207,s,m,
1525806935.4528,18.117600,27.59700000,s,m,
1525782355.9535,18.000000,91.68000000,b,m,
1525739285.9473,17.922200,20.00000000,b,m,
1525832803.0401,17.547000,176.00000000,b,l,
1525803662.631,18.120000,5.00000000,b,m,
1525959679.5888,18.500300,3.05838764,s,l,
1525803368.75,18.048200,0.04967589,b,l,
1525907968.1104,17.767800,5.19864906,b,m,
1525957749.8619,18.012200,0.00000001,s,l,
1525806935.4888,18.078400,0.00058721,s,m,
1525959693.0427,18.600000,46.09165000,b,m,
1525958603.5641,18.550000,47.98886310,s,l,
1525779475.5009,17.880000,13.43613614,b,l,
1525903817.494,17.510000,123.71366145,s,l,
1525976089.2739,17.700000,359.49670761,b,l,
1525912509.0913,18.100000,1000.00000000,b,m,
1525796385.9613,18.050000,0.00134151,s,m,
1525959712.0708,18.500100,282.02125749,s,m,
1525815105.744,17.968900,30.00000000,b,l,
1525943334.4308,18.000400,93.08000000,s,m,
1525871859.4221,17.773600,0.27155431,s,l,
1525888860.2666,17.784800,0.14743236,s,m,
1525748660.9174,18.400000,108.69565000,b,l,
1525886621.3605,17.947100,0.00006829,s,m,
1525765474.4752,18.340000,2.58396947,s,l,
1525773112.268,18.100800,9.00000000,s,m,
1525976112.5977,17.640200,10.00000000,s,l,
1525780750.8248,17.809700,8.32000000,s,m,
1525746867.2186,18.330000,225.00000000,b,m,
1525750744.5494,18.474300,121.99524364,b,m,
1525976117.9494,17.698000,426.49800000,s,l,
1525976120.8383,17.640300,116.37630000,s,l,
1525746868.0709,18.330000,265.04729962,b,l,
1525976123.8731,17.703800,424.53130000,s,l,
1525939977.8428,18.003700,114.48300000,s,l,
1525779518.9649,17.880000,100.74570000,b,l,
1525779519.9859,17.880000,104.40470616,b,l,
1525779525.7817,17.881000,15.00000000,b,m,
1525976135.1315,17.735400,37.06900000,b,l,
1525746871.4955,18.350000,122.11736100,b,l,
1525817444.9935,17.969300,0.00000212,b,l,
1525746872.9269,18.367900,3.75618498,b,l,
1525772891.7563,18.141400,55.12253700,s,l,
1525959765.2091,18.502900,12.86000000,s,l,
1525975877.4721,17.510000,19.00000000,s,m,
1525845083.103,17.300100,3.20000000,s,m,
1525976157.3764,17.755300,426.49800000,s,l,
1525786798.9342,17.880400,0.23392134,s,m,
1525916176.3721,17.900100,954.35750124,s,l,
1525912519.178,18.500000,100.00000000,b,m,
1525779558.1318,17.881000,485.00000000,b,l,
1525774205.9358,18.244000,13.55831356,b,l,
1525746876.2925,18.390000,27.22400000,b,m,
1525779562.447,17.888100,43.52652881,b,l,
1525894252.6608,17.600000,3.00000000,s,m,
1525889826.8794,17.740000,570.00000000,s,m,
1525976175.9095,17.703200,142.16600000,s,l,
1525779569.5022,17.888100,27.91780000,b,l,
1525832814.9231,17.600000,10.00000000,b,l,
1525976179.1114,17.703200,50.00000000,b,l,
1525746804.9879,18.230000,1225.06691403,b,l,
1525746805.006,18.230000,0.97927011,b,l,
1525888873.0324,17.831400,8.12667109,b,l,
1525927032.1932,17.949000,139.89630372,s,m,
1525973584.2264,17.790300,4.70634679,b,l,
1525924236.5165,17.901000,148.00000000,b,m,
1525927038.424,17.997400,3.28450371,b,l,
1525975902.6757,17.300000,69.94178035,s,m,
1525976195.8981,17.641000,650.47961963,s,m,
1525746822.4027,18.250000,118.58838761,b,l,
1525779591.1793,17.888100,85.71440000,b,l,
1525746824.1026,18.250000,31.38023241,b,l,
1525976201.8798,17.703200,426.49800000,b,l,
1525746826.2849,18.260000,0.00065986,b,l,
1525746882.08,18.390000,32.52499257,b,l,
1525864301.0934,17.874000,45.19494797,s,l,
1525784217.8447,17.999700,3.68031600,b,l,
1525763222.8046,18.219200,0.00328345,b,l,
1525795991.981,18.100000,45.36400000,s,m,
1525795992.0082,18.100000,0.00013911,s,m,
1525845147.0274,17.349900,14.00000000,b,l,
1525976221.0757,17.703200,373.18100000,b,l,
1525746885.2792,18.400000,32.61814003,b,l,
1525976224.89,17.703200,4.49312484,b,l,
1525746850.5721,18.300000,4.40000000,b,l,
1525746851.536,18.300000,1300.00000000,b,l,
1525746852.7958,18.300000,178.21981982,b,l,
1525976230.1066,17.684700,98.20467642,s,m,
1525746855.2395,18.300000,0.00006369,b,l,
1525891641.5217,17.737400,0.00267331,b,m,
1525763243.3181,18.234600,5.00500501,b,l,
1525735174.617,17.782900,10.39434425,b,l,
1525746867.2052,18.330000,85.74496379,b,l,
1525746868.0753,18.330000,0.00038075,b,l,
1525834270.2064,17.400300,8.32000000,s,l,
1525746871.7161,18.350000,0.03570816,b,l,
1525746872.9325,18.367900,0.00000958,b,l,
1525798358.1495,18.108300,991.84500000,b,m,
1525746876.2869,18.389900,27.77600000,b,m,
1525746878.9489,18.390000,52.21800000,b,l,
1525746882.0876,18.390000,0.05195686,b,l,
1525746885.2839,18.400000,570.38185997,b,l,
1525746886.3342,18.400000,100.00000000,b,l,
1525763271.6836,18.234600,4.11036206,b,l,
1525746893.9885,18.399200,4.02684563,s,l,
1525746894.9369,18.400000,0.00000003,b,l,
1525746893.6819,18.399200,4.04324018,b,l,
1525746896.6182,18.400000,20.00000000,b,l,
1525746897.2808,18.399200,4.03745863,s,l,
1525746899.5191,18.399200,60.00000000,s,l,
1525746900.1284,18.400000,10.01001001,b,l,
1525746901.3532,18.400000,7.77974254,b,l,
1525926339.7404,18.176800,0.00000210,b,l,
1525921524.7936,17.798900,134.18123720,b,l,
1525746908.5735,18.450000,18.78200000,b,m,
1525746910.7997,18.450000,500.00000000,b,m,
1525746912.8696,18.450000,25.54838247,b,l,
1525763298.8465,18.230400,6.92000000,s,l,
1525970811.5163,18.349300,8.17658093,b,l,
1525842470.8649,17.300000,0.00000001,s,m,
1525746918.7728,18.450000,91.40402710,b,m,
1525976297.4041,17.759500,19.50000000,b,m,
1525845227.1795,17.398000,226.49615473,b,l,
1525973284.3559,17.959200,31.16572546,b,m,
1525912591.1132,17.954700,0.25343169,s,m,
1525774205.925,18.243900,8.56819462,b,l,
1525763312.4252,18.234600,14.91118716,b,l,
1525828854.2029,17.798100,419.97000000,s,m,
1525763319.3562,18.230300,7.57810000,s,l,
1525976314.3703,17.709000,142.16600000,s,l,
1525766015.0369,18.350000,8.98910000,b,l,
1525959935.2551,18.504600,3.06681642,s,l,
1525959937.494,18.501900,54.04032400,b,l,
1525827993.4816,17.817800,9.00000000,s,m,
1525976326.8476,17.735200,426.49800000,s,l,
1525779720.3067,17.993500,4.00122259,b,l,
1525959945.0695,18.500200,54.05346900,s,l,
1525823857.5628,17.920000,0.99677285,b,m,
1525959953.7659,18.500200,23.24574389,s,l,
1525780984.6046,17.600500,1.69398264,s,m,
1525747019.8139,18.404300,4.03795679,b,l,
1525786021.7608,18.036400,3.29332252,b,m,
1525912519.2347,18.500000,0.00001887,b,m,
1525763364.4876,18.234600,26.88688689,b,l,
1525746908.5568,18.450000,4.00000000,b,m,
1525976365.8045,17.740800,426.49800000,s,l,
1525767794.0962,18.601000,48.58513474,b,l,
1525973556.799,17.780000,228.50471119,b,l,
1525975877.5237,17.350000,10.00000000,s,m,
1525976381.7984,17.730000,304.03793045,b,l,
1525775693.4432,18.150000,0.00000055,s,l,
1525779777.2804,17.950000,105.83691428,s,l,
1525861698.0743,17.690200,3.37326185,b,l,
1525779780.2774,17.950000,6.12855919,s,l,
1525796166.2706,18.100000,5.30670000,s,l,
1525746850.5973,18.300000,692.22959738,b,l,
1525747019.8198,18.404400,4.03961062,b,l,
1525796172.9707,18.100000,323.62237000,s,l,
1525763298.8561,18.230000,45.29800000,s,l,
1525749687.6119,18.333000,16.04615260,b,l,
1525763409.7976,18.234600,17.71596905,b,l,
1525913439.3053,17.854800,0.03654490,s,l,
1525940793.3628,18.116600,3.74579667,b,m,
1525912803.1708,18.046000,174.00000000,b,m,
1525747034.754,18.416400,4.02853544,b,l,
1525806127.5283,18.228900,415.77738221,b,m,
1525960028.0737,18.500000,54.84808108,s,l,
1525796787.7233,18.042600,0.34130695,s,l,
1525763422.4102,18.252600,10.00003095,b,l,
1525734164.01,17.712800,10.00000000,s,m,
1525779669.767,17.888100,0.02175455,b,l,
1525912519.3049,18.690000,0.00223839,b,m,
1525975877.4339,17.580300,3092.43565856,s,m,
1525796210.7197,18.100000,0.00523803,b,m,
1525829316.1497,17.867000,0.23832745,s,m,
1525960056.6062,18.451200,25.00000000,s,m,
1525962449.5763,18.316400,2.99222033,s,m,
1525812606.0805,18.030000,0.17961743,s,m,
1525977732.0805,17.700000,276.61398398,b,l,
1525800861.4368,18.000000,0.00033176,b,l,
1525845227.1735,17.397400,7.14000000,b,l,
1525960068.1834,18.451200,2.73169350,s,l,
1525796230.0532,18.070000,0.01551920,s,m,
1525773669.1885,18.206000,195.00000000,b,l,
1525779850.4735,17.800200,134.27923745,s,l,
1525779851.5156,17.800000,460.51751752,b,l,
1525779852.5133,17.800000,116.31190000,b,l,
1525910925.1116,17.854600,14.28000000,b,m,
1525829006.7463,17.915200,8.32000000,b,l,
1525910927.5527,17.855500,21.13100000,b,m,
1525927312.4151,18.070000,21.00000000,b,m,
1525747089.2161,18.450000,52.21800000,b,l,
1525960085.0418,18.450100,43.74603123,s,l,
1525779862.5002,17.800000,16.55280000,b,l,
1525779863.9647,17.800000,7.53031024,b,l,
1525856486.6066,17.651200,0.00001783,b,m,
1525747102.5143,18.450000,36.93551399,b,l,
1525758394.9714,18.294900,0.00261458,b,m,
1525976484.1858,17.739500,4.90610000,b,l,
1525779877.4191,17.797600,38.36100000,s,l,
1525877873.1544,17.931200,12.00900000,b,m,
1525763499.2382,18.230600,6.50049938,b,l,
1525958186.3767,18.170000,55.09765492,b,l,
1525932702.063,17.909900,0.00000212,b,m,
1525787891.7593,17.828500,36.71900000,s,m,
1525839821.9709,17.150000,41.15750564,b,l,
1525808281.5171,18.245900,130.26590421,b,m,
1525961802.3879,18.560200,7.14000000,s,l,
1525779908.0329,17.800000,12.94774775,b,l,
1525828854.1847,17.800900,6.92000000,s,m,
1525960750.3802,18.700000,24.96504967,b,m,
1525738882.9617,17.739200,6.92000000,s,m,
1525976524.3292,17.739900,68.68731869,b,l,
1525829072.9706,17.802700,7.14000000,s,m,
1525886200.1469,17.974800,151.60582486,s,l,
1525747157.8848,18.450000,94.00000000,b,m,
1525779928.0262,17.790600,3.00000000,s,l,
1525749668.9566,18.326600,3.27100566,b,l,
1525930479.6517,18.026900,84.57263039,b,l,
1525732209.7935,17.802500,297.89999999,b,m,
1525779936.7597,17.788700,11.90080079,b,l,
1525973584.2397,17.790400,10.00000000,b,l,
1525779938.0674,17.788700,130.39630051,b,l,
1525837051.8608,17.389800,7.14000000,b,m,
1525778199.1828,18.000000,59.84440455,s,m,
1525776271.6263,18.090800,0.25903870,s,m,
1525812712.5491,18.020000,0.00005645,s,m,
1525779948.2525,17.788700,11.90040040,b,l,
1525779949.9554,17.788700,52.46146146,b,l,
1525796334.8161,18.070000,104.68068000,s,l,
1525770945.3379,18.350700,103.31540000,s,l,
1525959935.2707,18.503500,332.70862329,s,l,
1525943807.2966,18.109300,1300.00000000,b,m,
1525746826.3028,18.300000,595.97358470,b,l,
1525835421.0846,17.140100,52.53391861,s,m,
1525779972.2329,17.800000,52.12053708,b,l,
1525926341.4327,18.200000,134.18123720,s,l,
1525779978.5579,17.800000,11.85920666,b,l,
1525779979.5079,17.800000,77.12750000,b,l,
1525912509.0161,18.000000,10.00000000,b,m,
1525886211.933,18.048100,4.92177716,b,l,
1525975902.5735,17.603000,43.91000000,s,m,
1525886212.1365,18.050000,21.04517777,b,l,
1525779994.5393,17.800000,1182.71945258,b,l,
1525894683.9524,17.635200,10.00000000,b,l,
1525773674.8181,18.250000,114.97181310,s,l,
1525747232.7427,18.450000,75.00000000,b,m,
1525780001.4982,17.750000,106.58430000,b,l,
1525780003.9329,17.750000,298.98000000,b,l,
1525780004.0274,17.750000,106.58430000,b,l,
1525763334.8779,18.230100,45.07800000,s,l,
1525959712.0766,18.500100,0.00112358,s,m,
1525741505.667,17.829200,0.00000219,b,l,
1525747244.8033,18.450000,46.35792358,b,l,
1525832050.667,17.610000,50.00000000,s,m,
1525850718.8168,17.449800,4.58185703,b,l,
1525959945.1147,18.500200,30.72610411,s,l,
1525747261.5105,18.450000,113.09070000,b,l,
1525780001.9181,17.750000,110.79616893,b,l,
1525747263.4816,18.450000,52.21800000,b,l,
1525880886.3351,17.970000,0.80972709,b,l,
1525958622.6974,18.502300,0.44838437,s,l,
1525749687.6178,18.333000,0.00003672,b,l,
1525976655.6309,17.810000,65.00000000,s,l,
1525943890.7157,18.102300,54.86000000,b,m,
1525817321.8437,17.894100,4.11503016,b,l,
1525921524.7888,17.797700,0.00268037,b,l,
1525866020.571,17.800000,80.00000000,s,m,
1525851927.5416,17.450000,67.00000000,s,l,
1525880762.8898,17.940000,22.98845846,b,l,
1525747294.5616,18.452200,4.02371755,b,l,
1525818866.0527,17.999300,31.86786603,b,l,
1525912519.0521,18.275000,276.10170000,b,m,
1525959953.7738,18.500100,54.05376100,s,l,
1525887787.4335,17.800500,6.92000000,s,m,
1525825230.2767,17.797900,0.00265649,b,l,
1525747313.2713,18.443100,27.11000000,s,l,
1525813847.0384,17.995400,61.88883370,s,m,
1525831933.3235,17.641500,0.00022661,s,m,
1525809139.5339,18.269900,0.00000022,b,l,
1525733312.5631,17.765100,96.76194336,s,l,
1525763716.8055,18.274500,20.00000000,b,l,
1525741505.6711,17.829300,13.56971086,b,l,
1525747344.284,18.499900,245.00000000,b,m,
1525887701.2218,17.880000,3.64140000,s,l,
1525763731.0168,18.274900,20.00000000,s,l,
1525932654.4816,17.899800,75.16511528,b,l,
1525968863.0374,18.498100,115.04958648,b,l,
1525747352.8033,18.499900,4.01800000,b,l,
1525853466.715,17.403900,177.88546259,b,l,
1525776271.6209,18.090800,104.79970000,s,m,
1525962240.2402,18.450000,100.00000000,s,l,
1525878438.8794,17.930300,79.25118933,b,m,
1525894683.9491,17.635100,33.78035012,b,l,
1525943986.1269,18.067900,9.00000000,b,m,
1525870244.0397,17.900000,25.00000000,b,l,
1525747381.0083,18.499900,154.70422222,b,l,
1525747383.8728,18.500000,23.96867237,b,l,
1525960376.0914,18.454100,350.00000000,s,m,
1525960808.5673,18.725800,3.00000000,b,m,
1525747386.7026,18.500000,0.01275914,b,l,
1525747387.2459,18.500000,50.05005005,b,l,
1525976764.4724,17.750100,90.24882973,s,l,
1525747389.4036,18.500000,112.74800000,b,l,
1525780158.5656,17.795200,77.93690883,s,m,
1525747391.8759,18.500000,26.93293293,b,l,
1525832833.1242,17.618400,10.00000000,b,l,
1525959679.5961,18.500100,0.00011450,s,l,
1525829316.1441,17.867000,91.90272992,s,m,
1525747397.2275,18.500000,52.21800000,b,l,
1525770852.314,18.379100,54.40962800,s,l,
1525834783.7211,17.400000,0.03156617,b,l,
1525809139.5313,18.269900,0.00022136,b,l,
1525812941.8801,18.050000,55.40166000,s,l,
1525839821.9749,17.150000,0.04111639,b,l,
1525944016.8349,18.065400,6.92000000,b,m,
1525747409.6944,18.500000,122.11736100,b,l,
1525976786.8722,17.740100,142.16600000,s,l,
1525812947.0197,18.036300,48.30252752,b,l,
1525747412.8224,18.500000,1300.00000000,b,l,
1525976794.1113,17.740000,250.00000000,s,l,
1525747419.5881,18.500000,200.00000000,b,m,
1525972445.2627,18.000000,33.93937902,s,l,
1525747425.9356,18.500000,52.21800000,b,l,
1525780195.1347,17.797300,44.43188100,s,m,
1525751388.3432,18.499600,0.03189785,b,m,
1525747432.1847,18.500000,1300.00000000,b,l,
1525747433.1591,18.500000,3.44400000,b,m,
1525972742.8873,17.800000,66.17365027,b,l,
1525757906.4579,18.349500,0.00000233,b,l,
1525894897.143,17.649700,3.85541489,b,l,
1525796595.2724,18.108200,5.00000000,b,m,
1525747445.2292,18.500000,27.57461463,b,l,
1525796600.571,18.108200,3.97609922,b,l,
1525747450.82,18.500000,35.00000000,b,m,
1525940863.1735,18.110100,32.95041352,b,m,
1525747452.5652,18.500000,64.51598919,b,l,
1525747453.3379,18.500000,52.21800000,b,l,
1525747457.8337,18.500000,1300.00000000,b,l,
1525747458.2852,18.500000,200.00000000,b,l,
1525747459.9236,18.500000,886.03203612,b,l,
1525927687.4503,18.069900,6.19811842,b,l,
1525903817.4981,17.510000,30.00000000,s,l,
1525796617.3374,18.050000,50.00000001,s,l,
1525915868.0951,17.976900,374.02870350,b,m,
1525797687.3153,18.020400,0.01731100,s,m,
1525748568.7952,18.326700,0.00002012,s,m,
1525960469.8754,18.500000,473.93838612,b,l,
1525850756.1843,17.449600,1300.00000000,b,l,
1525914777.9439,17.910500,28.07100000,b,l,
1525838605.5685,17.115300,8.32000000,s,m,
1525927718.6717,18.070000,6.67017000,b,m,
1525763881.7589,18.256200,20.00000000,b,l,
1525773683.3435,18.291500,130.26590421,b,l,
1525975228.781,17.997600,0.00000213,b,m,
1525733857.1506,17.895200,5.58810000,b,l,
1525962449.5131,18.354300,213.12542978,s,m,
1525975877.5144,17.400000,10.00000000,s,m,
1525748042.3735,18.380000,0.00001767,b,l,
1525834378.6443,17.400000,127.08067050,b,l,
1525796672.6985,18.075400,0.00000209,b,l,
1525745860.3153,18.199000,4.81761238,s,l,
1525871355.4047,17.798300,109.21431822,s,l,
1525912803.162,17.986800,0.00706914,b,m,
1525855992.3049,17.509900,0.00270484,b,l,
1525976089.279,17.700000,0.00070063,b,l,
1525959993.8305,18.500000,426.49800000,s,l,
1525949902.0906,18.000000,3.22915109,b,l,
1525960537.3824,18.550000,15.57298334,b,l,
1525841982.5412,17.367200,37.24800000,b,m,
1525773669.1807,18.201000,224.00000000,b,l,
1525760046.9649,18.409800,8.32000000,b,m,
1525976381.7862,17.729900,3.36673131,b,l,
1525878644.5997,17.810100,0.48134134,b,l,
1525869156.8181,17.993700,856.55433291,b,m,
1525780345.5233,17.808000,0.00086539,s,m,
1525742043.0958,17.789700,3.05904009,s,m,
1525833489.9649,17.450000,17.34609000,s,m,
1525912519.2979,18.640000,0.00018756,b,m,
1525895048.4098,17.647400,57.02787076,b,l,
1525766124.522,18.350000,0.06788489,b,l,
1525976970.176,17.709200,56.46782400,s,l,
1525861698.0781,17.690200,0.00269645,b,l,
1525976974.2069,17.798800,3.00000000,b,m,
1525912519.1612,18.500000,0.00000024,b,m,
1525958633.8386,18.600000,13.98748607,b,l,
1525861700.2228,17.696000,0.01922692,b,l,
1525878684.7201,17.802500,5.11900000,b,l,
1525960605.9548,18.550000,11.38118666,b,l,
1525960750.4173,18.800000,6.00000000,b,m,
1525747616.8814,18.588600,6.92000000,b,m,
1525808281.5595,18.268400,0.01288932,b,m,
1525855992.3014,17.509900,3.38374853,b,l,
1525809139.5292,18.269900,0.22158062,b,l,
1525895080.8867,17.650000,416.11000000,b,l,
1525850780.9185,17.450000,50.20674300,s,l,
1525878699.1143,17.826100,9.00000000,s,l,
1525831666.957,17.750900,14.00000000,s,m,
1525747631.5102,18.487200,65.20403537,s,l,
1525773914.3611,18.243500,31.39025744,b,l,
1525796787.7291,18.042600,0.00000087,s,l,
1525832448.6024,17.500000,5.00000000,s,l,
1525932702.0488,17.909900,49.11200940,b,m,
1525747646.2287,18.460300,52.21800000,s,l,
1525958423.578,18.489900,38.43535119,b,l,
1525747019.8293,18.404400,4.03402023,b,l,
1525747655.7864,18.447000,10.17000000,s,l,
1525968204.4963,18.500000,70.97927027,b,m,
1525776362.2052,18.100000,27.75275275,b,l,
1525977042.928,17.673000,190.20582841,s,m,
1525770750.9641,18.429100,1300.00000000,s,l,
1525767142.1229,18.435000,69.51084350,s,l,
1525889826.8761,17.740100,138.70400000,s,m,
1525958090.9528,18.051100,0.01998121,b,l,
1525869156.8061,17.986400,6.94028028,b,m,
1525878758.3774,17.826100,9.00000000,b,l,
1525828854.2136,17.761300,334.01840895,s,m,
1525783298.3229,17.807600,10.00000000,s,l,
1525747693.7573,18.447000,52.21800000,s,l,
1525878438.8753,17.930100,8.32000000,b,m,
1525972734.7284,17.800000,385.00000000,s,l,
1525937692.3292,17.983300,130.16636925,b,l,
1525916330.1546,17.970000,0.01453099,s,l,
1525841982.5513,17.370000,29.68474609,b,m,
1525747712.3758,18.447000,52.21800000,s,l,
1525960819.8804,18.796800,9.00000000,b,m,
1525927941.0775,18.049500,134.18123720,b,l,
1525747719.3357,18.447000,52.21800000,s,l,
1525905603.6165,17.728800,6.77256799,s,l,
1525747031.984,18.411900,3.35842825,b,l,
1525747724.0404,18.447000,28.17600000,s,m,
1525747727.5997,18.427800,178.50584051,s,l,
1525747730.7248,18.459900,4.06286057,b,l,
1525972822.4018,17.830700,0.38129680,s,l,
1525833355.941,17.501900,100.00000000,s,l,
1525927958.9085,18.050300,8.32000000,s,l,
1525764119.1153,18.260300,3.94298012,s,l,
1525895192.4391,17.650000,16.63154130,b,l,
1525927962.0442,18.050000,5.23895529,s,l,
1525927963.394,18.050000,33.86977752,s,l,
1525896634.3168,17.544300,6.92000000,s,m,
1525871352.5194,17.830000,1096.12040000,s,l,
1525780511.5388,17.819200,140.48222422,s,l,
1525776419.3875,18.100000,0.00015963,b,l,
1525962224.7251,18.482600,474.65035270,s,l,
1525864454.0124,18.099700,991.84500000,b,m,
1525976096.3844,17.713100,66.49800000,s,l,
1525960749.6669,18.600000,0.04721930,b,l,
1525960750.4231,18.800000,0.07984024,b,m,
1525747764.3799,18.411500,95.56600000,s,l,
1525746855.2437,18.300000,67.56677820,b,l,
1525753506.9012,18.398000,29.45200000,b,l,
1525975031.0562,17.920000,0.02237238,s,l,
1525960765.7427,18.632000,73.08000000,s,m,
1525850805.2989,17.450000,110.71830000,s,l,
1525972742.2358,17.800000,5.76745293,b,l,
1525747784.9154,18.300000,212.89004372,s,l,
1525747786.856,18.300000,5.99621494,b,l,
1525747787.8711,18.300000,44.69960000,b,l,
1525747791.9291,18.382800,5.00000000,s,m,
1525965826.4838,18.522600,0.00382170,b,m,
1525746855.2374,18.300000,0.03987230,b,l,
1525911641.0183,17.784400,3.00000000,s,m,
1525963225.7147,18.402000,0.00000010,s,m,
1525741505.6608,17.829200,3.42754710,b,l,
1525912519.1342,18.500000,30.00000000,b,m,
1525960804.2868,18.677000,0.66400000,s,l,
1525895271.1851,17.650000,416.11000000,b,l,
1525960808.5634,18.725800,3.00000000,b,m,
1525867196.8638,17.814200,49.28865350,b,l,
1525789515.3856,18.100000,0.00305624,b,l,
1525853543.8593,17.403900,9.27006328,b,l,
1525927941.0859,18.049600,9.00000000,b,l,
1525960819.8542,18.796700,115.04958648,b,m,
1525813365.1778,18.047400,12.25463310,s,l,
1525762906.3767,18.300900,20.00000000,b,m,
1525838338.0405,17.128200,5.90147363,s,m,
1525894264.5456,17.640900,3.00000000,b,m,
1525842623.7824,17.300000,0.21951705,s,l,
1525960829.077,18.795900,115.04958648,b,m,
1525895302.6682,17.650000,3.29510283,b,l,
1525780623.1147,17.826800,0.01260695,s,l,
1525846160.1056,17.465700,3.49615473,b,m,
1525749784.3319,18.340000,0.23676982,b,l,
1525931801.6408,17.900000,280.87234244,s,m,
1525895318.3208,17.650000,399.73900000,b,l,
1525747863.2993,18.434400,21.32977627,b,l,
1525733869.3393,17.900000,22.92695010,s,l,
1525806935.4862,18.078400,0.22811260,s,m,
1525747870.986,18.434500,374.37142078,b,l,
1525768901.9707,18.694500,20.00000000,b,l,
1525846179.9674,17.321200,0.00014854,s,m,
1525797029.6985,18.087700,4.14644123,b,l,
1525747878.8778,18.434400,59.43250800,b,m,
1525961847.7985,18.482000,0.04859024,s,m,
1525817341.836,17.900000,111.73184000,b,l,
1525796210.7226,18.131800,1.47900000,b,m,
1525789674.6822,18.193400,21.70327500,b,m,
1525748255.8646,18.347400,4.83649121,s,l,
1525889054.6141,17.839200,11.86474181,b,l,
1525806001.6908,18.065400,27.67700000,s,m,
1525804404.7146,18.175200,0.67004082,b,l,
1525764284.2286,18.231400,6.06314912,s,l,
1525747904.6531,18.385400,4.23897866,s,l,
1525975228.7898,18.019600,5.56965222,b,m,
1525878982.3603,17.800000,389.79989326,s,l,
1525895371.2435,17.617800,0.89879043,s,m,
1525764302.7881,18.231200,0.00015420,s,l,
1525768048.161,18.600000,296.21177957,s,l,
1525746419.3746,18.167800,0.00023289,s,m,
1525850833.3467,17.450000,25.28269200,s,l,
1525977326.2433,17.718400,25.36809256,b,l,
1525747954.9519,18.385600,108.87316000,s,l,
1525977331.6963,17.655100,56.64085700,s,l,
1525977332.0574,17.655100,8.60800801,b,l,
1525747957.9944,18.385600,3.46414397,s,l,
1525977334.748,17.655100,50.05005005,b,l,
1525977336.4283,17.655100,112.50760761,b,l,
1525800816.9412,18.000000,409.22000000,b,l,
1525977338.0415,17.654900,34.28600000,s,l,
1525752967.6084,18.322500,75.98245331,s,m,
1525862653.2175,17.710000,104.00000000,s,m,
1525732209.7906,17.799000,43.44451200,b,m,
1525813508.3827,18.010000,6.97417000,s,l,
1525960966.7153,18.729700,7.66509006,b,l,
1525871355.4013,17.800400,4.05270262,s,l,
1525750744.5469,18.464900,44.51598000,b,m,
1525738882.9665,17.738800,1300.00000000,s,m,
1525780750.8283,17.794600,46.95765812,s,m,
1525960976.3655,18.740100,1000.00000000,b,m,
1525747988.464,18.459900,15.93713943,b,l,
1525747991.4656,18.470000,129.34632420,s,l,
1525960068.1737,18.451300,3.26393593,s,l,
1525747994.1936,18.385700,3.22978758,s,l,
1525771653.953,18.350000,4.99489918,s,l,
1525880880.1427,17.970000,23.60700000,b,l,
1525763334.8714,18.230700,7.14000000,s,l,
1525748003.3941,18.380000,17.00000000,b,l,
1525796230.0565,18.070000,0.00004025,s,m,
1525912819.6682,18.130600,1908.11298261,b,m,
1525797162.2073,18.087600,56.00000000,b,l,
1525879084.1695,17.800000,416.11000000,b,l,
1525833489.9937,17.400000,0.00000010,s,m,
1525960829.0957,18.822900,142.77936981,b,m,
1525912519.3504,18.800000,1000.00000000,b,m,
1525733874.8854,17.900000,3.12367320,s,l,
1525748020.978,18.380000,76.04104104,b,l,
1525752967.6125,18.322500,0.00050462,s,m,
1525961015.4709,18.600000,0.24169561,b,l,
1525748024.8556,18.380000,52.21800000,b,l,
1525779850.4585,17.813000,9.00000000,s,l,
1525879102.8502,17.800000,10.63479479,b,l,
1525779851.4994,17.800000,177.87740228,b,l,
1525880886.3304,17.970000,675.58230127,b,l,
1525932769.4164,18.025400,60.08000000,b,m,
1525947647.7183,17.927200,0.00017156,s,m,
1525779852.647,17.800000,228.40443733,b,l,
1525748042.3679,18.380000,17.73063328,b,l,
1525751333.8648,18.407000,79.47337095,s,m,
1525910925.1152,17.855400,55.47956000,b,m,
1525856373.8044,17.566300,138.70400000,b,m,
1525846356.4189,17.469500,3.00000000,b,m,
1525779854.9772,17.800000,116.31190000,b,l,
1525874631.1906,17.750000,770.50070986,s,l,
1525798252.8404,18.020000,0.03879799,s,l,
1525910927.5317,17.855200,16.64000000,b,m,
1525798358.1572,18.108500,138.70400000,b,m,
1525773669.191,18.213000,160.00000000,b,l,
1525846370.8585,17.334200,2.99222023,s,m,
1525853044.5225,17.300000,0.00000040,s,m,
1525776430.6045,18.100000,20.00000000,b,l,
1525846380.6787,17.468000,3.00000000,b,m,
1525846388.5494,17.468100,3.00000000,b,m,
1525733438.8932,17.700000,41.49717000,s,m,
1525780857.2585,17.778700,6.48658659,b,l,
1525960085.0449,18.450100,0.05396877,s,l,
1525975902.7577,17.162400,1580.18385480,s,m,
1525813634.0895,18.000000,3.08870000,s,l,
1525781341.5429,17.669800,9.00000000,s,m,
1525736172.3461,17.753600,4.32466864,s,l,
1525780880.3036,17.776500,38.76204565,s,l,
1525972742.2201,17.773800,0.24458567,s,m,
1525780895.4656,17.750000,3.00000000,s,l,
1525797709.1677,18.020500,9.00000000,s,l,
1525912519.259,18.550000,129.89608313,b,m,
1525833171.5828,17.602500,77.50627468,b,m,
1525830063.6641,17.911500,13.07472736,b,m,
1525867251.1123,17.914300,11.00000000,b,m,
1525797301.0211,18.087600,56.94656018,b,l,
1525838627.0951,17.066200,0.01780008,s,m,
1525961148.7808,18.590000,8.00000000,b,l,
1525925372.0382,17.852900,0.00022728,s,l,
1525977042.9336,17.665300,99.85941302,s,m,
1525798987.7754,17.960200,10.28335365,s,l,
1525832425.2754,17.500000,0.00000127,s,m,
1525960750.3877,18.720800,8.32000000,b,m,
1525879246.369,17.800000,176.31531195,b,l,
1525780954.7097,17.708300,3.00000000,s,l,
1525819112.7218,18.073400,37.96900000,b,m,
1525832627.3453,17.526800,56.84416018,b,l,
1525871355.3922,17.830000,585.87960000,s,l,
1525835355.1707,17.227300,138.70400000,s,m,
1525787891.7714,17.828200,0.00000077,s,m,
1525792501.0796,18.110000,50.00000000,b,m,
1525813741.3701,17.995400,4.12956630,s,l,
1525780974.3424,17.700100,25.00000000,s,l,
1525780976.7403,17.691500,16.33529536,s,l,
1525972734.7592,17.773600,0.00012890,s,m,
1525780981.6455,17.691500,9.26872200,s,l,
1525780984.6392,17.600000,15.88908536,s,m,
1525963018.6713,18.387500,0.00002012,s,m,
1525782233.5387,17.999600,6.92000000,b,l,
1525776210.3862,18.089300,28.96838300,s,m,
1525950135.8175,18.000000,44.99599600,b,l,
1525748227.1441,18.380000,81.30923565,s,m,
1525976112.5889,17.680600,3.04316344,s,l,
1525877365.7091,17.799900,20.00000000,b,l,
1525815384.9173,17.950200,8.32000000,s,l,
1525912509.0292,18.000000,719.13703559,b,m,
1525749172.6696,18.223600,2.99222028,s,m,
1525781013.3384,17.601600,14.27200000,s,l,
1525977622.2631,17.659200,3.36850000,s,l,
1525962841.6202,18.399900,207.57901343,s,m,
1525781016.231,17.601700,4.38859915,s,m,
1525755369.6213,18.394600,996.75115821,b,m,
1525961246.292,18.554400,6.92000000,s,l,
1525748255.8683,18.347400,37.07976597,s,l,
1525889054.6219,17.839200,4.06333555,b,l,
1525961263.9756,18.554000,78.38025302,s,l,
1525961659.6845,18.689800,15.01700000,b,m,
1525840870.7529,17.180000,0.00000117,s,m,
1525875184.4746,17.700000,0.00000032,s,m,
1525763731.0229,18.274800,3.15800000,s,l,
1525781048.4411,17.696800,4.06853216,s,l,
1525781050.7528,17.696800,44.89579914,b,l,
1525848159.8876,17.300200,33.00016657,s,l,
1525912519.0729,18.300000,89.87417615,b,m,
1525781057.3396,17.696300,23.26396100,b,l,
1525944899.5065,18.065500,926.22949700,b,m,
1525813829.5468,17.995400,6.00000000,s,l,
1525977673.3285,17.699600,3.38631632,b,l,
1525781069.8889,17.605000,7.14000000,s,l,
1525813847.0507,17.950000,183.54036030,s,m,
1525797466.6052,18.143400,4.51639051,b,m,
1525977691.8008,17.699300,3.35899900,b,l,
1525748316.7077,18.304600,5.00000000,s,m,
1525977698.9861,17.700000,3.38601602,b,l,
1525912519.4458,17.860800,0.77285912,s,m,
1525797480.3286,18.143400,91.68000000,b,m,
1525781097.8559,17.605700,7.14000000,s,l,
1525950135.828,18.000000,44.99540893,b,l,
1525776210.3989,18.089100,28.96870300,s,m,
1525960750.3841,18.700000,0.00004812,b,m,
1525962856.149,18.524500,57.29000000,b,m,
1525930479.6576,18.027000,3.31495591,b,l,
1525773711.3315,18.250000,103.83116490,s,l,
1525781113.2356,17.605600,0.00035336,s,l,
1525762906.3657,18.292600,135.34039582,b,m,
1525912519.3706,18.900000,1000.00000000,b,m,
1525975902.631,17.311100,109.77000000,s,m,
1525977732.0766,17.699700,18.00000000,b,l,
1525781126.9589,17.606300,4.61000000,s,l,
1525806127.5037,18.200000,0.00146779,b,m,
1525764749.5822,18.348900,4.08743848,s,l,
1525971303.9197,18.310300,0.77237441,s,m,
1525799021.5759,17.901400,17.53700000,s,m,
1525889993.3619,17.824600,3.34482858,b,l,
1525846678.7552,17.371200,0.00775960,s,m,
1525883257.21,17.923900,0.00405418,b,m,
1525943748.2968,18.113300,32.40611352,b,m,
1525834270.2029,17.450000,28.65329000,s,l,
1525750253.9361,18.319900,22.87941860,b,l,
1525781148.2986,17.709500,0.00268107,b,l,
1525782987.8614,17.840700,24.93516856,s,m,
1525745506.5676,18.200000,241.75824802,b,l,
1525753063.5008,18.328500,6.92000000,s,m,
1525863081.0235,17.800000,3.24757680,b,l,
1525959410.7009,18.500200,3.23920432,s,l,
1525943807.307,18.109400,115.04958648,b,m,
1525833058.5878,17.650000,24.99987510,s,l,
1525808281.5548,18.250000,100.00000000,b,m,
1525856373.855,17.722900,150.00000000,b,m,
1525961410.241,18.555200,36.98165368,s,m,
1525764808.769,18.311100,3.91379220,b,l,
1525976524.3334,17.740000,101.30142421,b,l,
1525764815.9726,18.350000,20.00000000,s,l,
1525885576.814,17.918000,0.00010613,b,m,
1525776442.8189,18.100000,102.98228909,b,l,
1525781204.2746,17.695400,292.85920000,s,m,
1525864569.2569,17.915100,3.47211823,s,l,
1525977819.0845,17.747300,13.84000000,b,l,
1525977821.206,17.747300,84.07180886,b,l,
1525764830.9582,18.350000,52.21800000,s,l,
1525829072.9665,17.916200,1.50351167,s,m,
1525863138.0628,17.800000,30.83885216,b,l,
1525764839.9638,18.350000,13.07491200,s,l,
1525977833.8536,17.747300,69.94770000,b,l,
1525764846.5689,18.350000,3.00000000,s,l,
1525748464.1346,18.386900,100.00000000,b,m,
1525764850.5033,18.350000,60.08629580,s,l,
1525863155.4954,17.800000,29.00000000,b,l,
1525776320.0222,18.100000,49.38648649,b,l,
1525962449.5227,18.316500,43.91000000,s,m,
1525739020.9717,17.717000,20.59322682,s,m,
1525864575.0527,17.915100,99.71134853,s,l,
1525975922.8284,17.717700,143.94657301,b,l,
1525732094.0605,17.800000,0.07676091,s,m,
1525747157.8775,18.431500,6.00000000,b,m,
1525960829.0904,18.796000,7.14000000,b,m,
1525818155.8662,17.955300,3.00000000,s,l,
1525748488.0685,18.313600,5.00000000,s,m,
1525879561.5076,17.900000,33.51955307,s,l,
1525832425.3095,17.500000,0.00051468,s,m,
1525830413.1241,17.867000,351.13133151,s,l,
1525797721.8475,18.020400,8.32000000,s,l,
1525928723.6111,18.086200,9.00000000,b,m,
1525781268.446,17.700400,71.35600000,s,m,
1525977878.5174,17.770000,113.90780485,b,l,
1525732119.8463,17.800300,10.00000000,s,l,
1525977880.1158,17.770000,113.90780485,b,l,
1525977882.0772,17.770000,113.90780485,b,l,
1525977883.2904,17.770000,426.49800000,b,l,
1525977887.7113,17.770000,113.90780486,b,l,
1525818160.1697,17.955300,0.08279504,b,l,
1525977890.1111,17.770000,30.03003003,b,l,
1525977891.9861,17.770000,10.11471471,b,l,
1525732132.384,17.788000,114.62811524,s,l,
1525846821.2994,17.338200,94.16495362,s,l,
1525965617.0883,18.512900,115.04958648,b,m,
1525732138.7398,17.788000,18.18879300,s,l,
1525864583.2978,17.914800,102.08196630,b,l,
1525759408.9041,18.263700,27.37600000,s,l,
1525977904.7427,17.770000,4.95690000,b,l,
1525977905.0175,17.770000,30.45055054,b,l,
1525977906.3122,17.770000,15.41120000,b,l,
1525798252.8426,18.020000,0.00010061,s,l,
1525977908.3316,17.770000,113.32963003,b,l,
1525912819.6622,18.129900,1300.00000000,b,m,
1525797687.319,18.020400,0.00000012,s,m,
1525773669.1778,18.200500,3.00000000,b,l,
1525806935.4581,18.108300,3.67457495,s,m,
1525975877.5667,17.346600,559.17638668,s,m,
1525977916.6917,17.770000,1.52879000,b,l,
1525912820.7982,18.179800,1607.72791746,b,m,
1525939024.9137,18.151600,283.89982073,b,m,
1525732164.6757,17.700000,0.00010061,s,m,
1525732165.0336,17.664000,8.95925584,s,m,
1525747994.1884,18.388000,280.81406183,s,l,
1525797709.1632,18.020600,6.92000000,s,l,
1525732164.5273,17.750000,15.00000000,s,l,
1525762976.3173,18.200000,89.15562637,s,m,
1525863253.8668,17.800000,966.77276896,b,l,
1525863256.1289,17.800000,0.00035329,b,l,
1525797721.8501,18.020300,9.54000000,s,l,
1525977946.9461,17.876300,11.18798000,b,l,
1525747383.8666,18.500000,54.70422222,b,l,
1525781341.5494,17.669600,98.29952310,s,m,
1525814111.8116,18.025500,130.26590421,b,m,
1525767812.2005,18.791100,5.50000000,b,m,
1525732194.1703,17.665900,84.83034100,s,m,
1525850939.0627,17.450000,108.78670834,s,l,
1525779942.7605,17.788700,4.21348314,b,l,
1525766289.1735,18.443100,100.00000000,b,l,
1525970474.3811,18.296400,13.03442011,b,l,
1525823857.5681,17.949800,99.00300300,b,m,
1525867325.2325,18.050000,28.06040000,b,l,
1525732209.7786,17.779700,9.00000000,b,m,
1525774483.6182,18.299200,6.92000000,b,m,
1525745419.3852,18.114000,0.88396288,s,m,
1525755369.6168,18.370100,0.00000208,b,m,
1525864596.3845,17.914900,50.00000000,b,l,
1525972734.7219,17.800100,991.84500000,s,l,
1525943807.3133,18.109500,6.92000000,b,m,
1525866020.5941,17.773700,0.17818637,s,m,
1525963031.1694,18.387800,5.00000000,s,m,
1525928833.8051,18.078600,5.13812000,b,l,
1525961607.6781,18.554000,389.37587992,s,m,
1525837292.5747,17.355200,40.95122725,b,l,
1525913751.4217,17.860000,5.00000000,s,m,
1525975902.577,17.602900,2000.00000000,s,m,
1525856486.5927,17.608000,130.26590421,b,m,
1525748635.0302,18.385500,52.21800000,b,l,
1525748639.2122,18.385500,3.91612955,b,l,
1525748645.8847,18.385500,52.21800000,b,l,
1525748649.8433,18.390000,107.50508583,b,m,
1525863338.9951,17.828800,11.21782000,b,l,
1525961644.5875,18.669400,25.00000000,b,l,
1525774267.2405,18.302000,69.73409579,b,m,
1525896110.9601,17.650000,100.00000000,b,l,
1525948099.7053,18.039700,11.74450988,b,l,
1525748660.9231,18.439800,0.08179496,b,l,
1525961659.6913,18.700000,26.73796000,b,m,
1525912508.998,17.994900,8.32000000,b,m,
1525912509.1894,18.137600,378.53266915,b,m,
1525978049.4735,17.924300,3.32395395,b,l,
1525896130.1897,17.600000,0.92062500,s,l,
1525797830.435,18.020100,0.00014582,s,m,
1525912519.4143,17.911700,55.93457012,s,m,
1525854693.0708,17.377400,0.00001111,s,l,
1525875532.9031,17.700000,0.00005563,s,l,
1525749172.6748,18.223600,0.00002012,s,m,
1525896140.0265,17.589900,3.35545698,b,l,
1525781456.077,17.751100,53.26348320,s,l,
1525896149.152,17.590000,0.28567206,b,l,
1525781464.2212,17.751100,97.06787760,s,l,
1525781465.6109,17.751100,164.71022490,s,l,
1525912543.581,18.011600,6.20678700,s,l,
1525912519.4496,17.860800,0.00000198,s,m,
1525872806.3185,17.777100,23.08000000,s,m,
1525978086.2911,17.924500,8.32000000,b,m,
1525763222.7919,18.219100,3.45949249,b,l,
1525879788.8953,17.916800,0.00000213,b,m,
1525912559.734,18.011600,219.51722212,s,l,
1525912561.155,18.011600,426.49800000,s,l,
1525847032.3689,17.390100,25.29919920,b,l,
1525779967.5912,17.800000,30.03003003,b,l,
1525965826.4756,18.500000,0.03145589,b,m,
1525837312.6316,17.400000,30.86760653,b,l,
1525928962.6921,18.072000,6.92000000,b,l,
1525781341.5545,17.669600,0.20047690,s,m,
1525972310.7009,18.225000,492.00000000,s,l,
1525961733.9256,18.664500,35.58929519,b,m,
1525912582.2751,18.011600,26.88083235,s,l,
1525962449.4898,18.399900,196.78807734,s,m,
1525863439.3379,17.900000,6.64000000,b,l,
1525912593.8305,18.064300,114.69483717,b,m,
1525912509.0451,18.040000,13.87036046,b,m,
1525754541.0503,18.297000,13.14701775,s,m,
1525889993.3798,17.839800,8.32000000,b,l,
1525938351.7928,18.092700,7.14000000,b,m,
1525748767.2073,18.462300,38.00000000,b,l,
1525953448.8827,17.948900,0.00008329,s,m,
1525973851.2851,17.889900,55.86662900,b,l,
1525958672.755,18.598900,115.04958648,b,l,
1525781544.4347,17.909500,13.08000000,b,m,
1525912519.1186,18.475000,304.22978850,b,m,
1525781556.7746,17.880900,18.38542803,b,m,
1525797943.7409,18.107400,3.97612118,b,l,
1525912519.1594,18.500000,0.00015287,b,m,
1525765185.9534,18.395900,134.08000000,b,m,
1525771787.0573,18.400700,3.23797633,b,l,
1525902860.2465,17.570000,18.00000000,s,m,
1525961802.391,18.559600,3.49734160,s,l,
1525773112.2627,18.101400,104.73830000,s,m,
1525781581.3793,17.909600,42.54375865,b,m,
1525912657.6917,17.986800,142.16600000,b,l,
1525961810.3695,18.560600,8.32000000,s,m,
1525946974.3836,17.946400,7.87341542,b,l,
1525732439.9999,17.710500,6.92000000,s,l,
1525732440.0025,17.710100,22.27010000,s,l,
1525750744.5211,18.398000,168.45363900,b,m,
1525804559.7869,18.174600,92.25575804,b,m,
1525959765.2027,18.503200,7.14000000,s,l,
1525757906.4635,18.350000,6.60430518,b,l,
1525806001.7048,18.047400,196.44744255,s,m,
1525912519.2686,18.570000,0.41129299,b,m,
1525926339.7519,18.177300,405.26000000,b,l,
1525781610.605,17.907900,13.00000000,b,m,
1525879916.9679,17.954800,13.02136110,b,l,
1525879918.1898,17.954800,96.08538593,b,l,
1525961847.7965,18.482000,20.29452365,s,m,
1525927032.1801,17.976200,3.97347573,s,m,
1525912707.2052,17.962000,142.16600000,b,l,
1525976598.9125,17.801900,4.81350937,b,l,
1525962945.5184,18.400900,3.35273728,s,m,
1525765256.803,18.331600,12.20701686,b,l,
1525972734.7569,17.773600,0.07174150,s,m,
1525767812.1695,18.727000,0.00001395,b,m,
1525905603.6302,17.728800,0.00000012,s,l,
1525769070.2989,18.713800,4.81343964,b,m,
1525966942.5355,18.499900,15.46857514,b,m,
1525779994.4108,17.800000,28.07631902,b,l,
1525863583.4151,17.970300,5.87200000,b,l,
1525912736.5153,17.962200,426.49800000,s,l,
1525863585.5751,17.970300,89.44800381,b,l,
1525894683.956,17.635200,40.00815396,b,l,
1525960068.1856,18.451200,0.00436373,s,l,
1525870910.2335,17.855100,0.00002012,s,m,
1525815193.1783,18.004000,40.00000000,b,m,
1525972616.1466,17.880500,1.41053795,s,l,
1525770852.3325,18.370000,50.00000000,s,l,
1525912762.9345,17.986700,114.69483717,b,l,
1525912763.6302,17.986700,30.78953283,s,l,
1525747784.8864,18.360000,1361.65577000,s,l,
1525912765.7627,17.986700,30.79017900,s,l,
1525912766.0489,17.986700,426.49800000,s,l,
1525830850.7045,17.884500,3.00000000,b,m,
1525780001.2472,17.739200,0.87687395,s,m,
1525732554.7991,17.806100,0.00269068,b,l,
1525747386.6943,18.500000,30.13516349,b,l,
1525912785.3832,17.986700,41.95200600,b,l,
1525780003.3763,17.750000,6.24515442,b,l,
1525858703.5491,17.652900,1300.00000000,b,m,
1525786798.9315,17.880400,90.20367046,s,m,
1525780004.6564,17.750000,106.68756316,b,l,
1525912593.8387,18.136200,12.48056194,b,m,
1525868463.5157,17.943100,3.47222222,b,m,
1525814492.7439,18.010900,7.00000000,b,m,
1525799561.4265,17.902000,4.18562699,s,m,
1525962960.4581,18.494800,125.95041352,b,m,
1525912803.1597,17.986800,4.42528098,b,m,
1525769913.9632,18.699800,8.32000000,b,l,
1525856373.8617,17.726600,97.06000000,b,m,
1525765362.1842,18.340000,60.36157800,s,l,
1525912819.6649,18.130000,3.57109993,b,m,
1525912820.7953,18.179700,43.91000000,b,m,
1525748981.6777,18.300000,250.00000000,s,m,
1525765367.3298,18.340000,52.21800000,s,l,
1525975877.4864,17.500000,10.00000000,s,m,
1525772530.3698,18.250000,200.00000000,s,m,
1525877873.1444,17.900000,1.00000000,b,m,
1525833171.5766,17.601700,114.88500000,b,m,
1525781764.1849,17.825600,4.18820062,s,l,
1525798149.4406,18.020100,52.26500000,s,m,
1525912519.3158,18.700000,12.40000000,b,m,
1525747244.7932,18.450000,5.85188380,b,l,
1525749002.7996,18.300100,31.25511485,s,l,
1525975877.4115,17.643000,118.16393974,s,m,
1525912509.0999,18.100000,0.02950551,b,m,
1525805818.8817,18.165900,0.00003733,s,m,
1525781452.8547,17.750600,20.00000000,b,l,
1525880977.1184,18.000000,100.00000000,b,l,
1525781796.5011,17.815200,0.04230866,s,l,
1525790181.4574,18.109300,6.28478422,b,l,
1525926003.6098,17.951000,148.00000000,b,l,
1525958214.1091,18.300000,0.33156831,b,m,
1525880108.45,17.968800,15.81356620,b,l,
1525788210.8528,17.927600,7.14016000,b,l,
1525958214.1067,18.300000,207.56176472,b,m,
1525912519.2823,18.601000,0.13028052,b,m,
1525782750.6373,17.838800,0.00000002,s,m,
1525864453.9646,17.950000,120.00000000,b,m,
1525838627.0989,17.066200,0.00000012,s,m,
1525975877.5117,17.450000,10.00000000,s,m,
1525758459.2102,18.294400,38.41300000,b,l,
1525765444.664,18.350000,3.92370572,b,l,
1525972445.1445,18.000000,116.70550000,s,l,
1525921265.0663,17.782000,160.00000000,b,l,
1525885576.8023,17.914800,3.31991228,b,m,
1525929292.456,17.937400,6.92000000,s,l,
1525781839.0216,17.815200,10.00000000,s,m,
1525961659.6735,18.668400,1300.00000000,b,m,
1525961410.2453,18.555200,0.00024870,s,m,
1525962075.9212,18.584500,50.00000000,b,m,
1525767812.1888,18.750000,0.00003774,b,m,
1525765474.4778,18.340000,0.00189963,s,l,
1525856486.5888,17.588100,215.53044868,b,m,
1525750830.2501,18.355200,0.00000036,s,m,
1525887805.2606,17.700400,1300.00000000,s,m,
1525798252.8451,18.020000,0.00000026,s,l,
1525781874.2561,17.815200,76.86500000,s,l,
1525962103.3297,18.488100,0.00177931,s,m,
1525781881.1668,17.814300,4.20271663,b,l,
1525856373.7877,17.565400,1300.00000000,b,m,
1525774571.9061,18.297400,0.00142279,s,l,
1525756200.1418,18.257400,3.24799646,b,l,
1525962449.5166,18.350800,397.47000000,s,m,
1525814678.3494,17.950000,416.11000000,s,l,
1525962136.2134,18.579300,50.00000000,b,m,
1525896608.8793,17.583500,11.37431000,s,l,
1525742043.09,17.800000,102.78200000,s,m,
1525749158.3589,18.339000,6.67102230,b,m,
1525838846.4229,17.030300,0.00797446,b,l,
1525749166.2995,18.339200,2.66745604,b,l,
1525818475.8994,17.953700,3.30841420,b,m,
1525929396.2817,17.933000,109.84650000,s,l,
1525814709.9107,17.950000,124.47635441,s,l,
1525814712.2138,17.950000,74.61231300,s,l,
1525770760.4485,18.420000,71.00142753,b,l,
1525896634.327,17.544100,9.00000000,s,m,
1525863870.683,17.916400,45.27224123,s,l,
1525781952.5964,17.794200,0.00000001,s,m,
1525747552.5882,18.517500,20.00000000,b,l,
1525863877.5347,17.859300,3.00000000,s,m,
1525962183.348,18.488200,29.40820000,s,l,
1525960750.4055,18.790000,149.76038339,b,m,
1525962186.8405,18.488100,115.57976822,s,l,
1525759408.9103,18.250200,260.85542367,s,l,
1525732817.3102,17.801500,15.00000000,s,l,
1525747616.8783,18.588400,7.14000000,b,m,
1525834659.0923,17.400000,28.56321000,b,l,
1525765588.0232,18.340000,13.23372443,b,l,
1525798358.1671,18.132600,273.58440935,b,m,
1525881081.7576,18.000000,24.82493088,b,l,
1525741818.6865,17.829300,48.78700000,s,l,
1525962206.9114,18.490000,426.49800000,s,l,
1525798252.8363,18.020000,14.96110114,s,l,
1525913062.9677,18.029500,6.00000000,b,m,
1525962216.3921,18.490000,426.49800000,s,l,
1525782780.2626,17.885200,16.88835045,b,l,
1525769127.3505,18.713200,42.16563678,b,l,
1525943890.7039,18.101900,7.14000000,b,m,
1525787891.7524,17.880700,3.82155620,s,m,
1525962224.7125,18.490000,228.66976000,s,l,
1525962226.3857,18.482600,66.39905730,s,l,
1525870164.4351,17.850000,49.99074355,b,l,
1525758207.5793,18.246600,5.00000000,s,l,
1525966942.5411,18.500000,79.98868134,b,m,
1525976661.3756,17.810000,11.19853718,b,l,
1525962240.2547,18.438600,9.00000000,s,l,
1525814787.9548,17.950000,15.00000000,s,m,
1525835355.1675,17.227400,10.00000000,s,m,
1525782023.3499,17.899900,15.79668751,b,m,
1525870168.7644,17.835300,0.00000002,s,l,
1525867325.2232,17.981000,0.15948923,b,l,
1525867438.9891,17.980000,46.12067999,b,l,
1525761194.5087,18.412000,103.06870000,s,l,
1525863960.2825,17.856100,7.14000000,s,l,
1525912519.0122,18.150000,31.94888179,b,m,
1525863971.287,17.949800,645.80000000,b,m,
1525856518.6339,17.600800,8.00000000,b,m,
1525851058.7036,17.459000,11.06583952,s,l,
1525962286.5644,18.410000,244.18977729,s,m,
1525959651.4102,18.511000,200.84077869,s,m,
1525912519.0085,18.150000,0.00000084,b,m,
1525905672.1136,17.732600,14.19470000,s,l,
1525964002.6213,18.500000,3.82570000,s,l,
1525747294.5512,18.452200,4.02236884,b,l,
1525913143.1685,18.011900,100.00000000,b,l,
1525963018.6692,18.387500,0.00775960,s,m,
1525799021.573,17.923900,116.90255626,s,m,
1525757231.5139,18.250000,0.00136926,s,m,
1525963099.8542,18.497500,0.24993671,b,m,
1525872908.1875,17.800000,65.23040096,s,m,
1525750830.2253,18.355300,70.76600000,s,m,
1525945936.0606,18.051000,8.32000000,b,m,
1525747411.6734,18.500000,3.78508474,b,l,
1525817576.5808,18.013700,5.55133000,b,m,
1525962325.4007,18.399900,3.21192266,b,l,
1525809206.6032,18.310000,179.22746784,b,l,
1525912519.2192,18.500000,121.27279848,b,m,
1525962224.7189,18.485000,486.88125507,s,l,
1525972734.7112,17.820200,141.08151205,s,l,
1525975887.8941,17.747200,3.08698696,b,l,
1525962348.8655,18.400000,34.05170000,b,l,
1525886212.5369,18.050000,59.62441343,b,l,
1525842057.1496,17.292400,1300.00000000,s,m,
1525924236.5104,17.900000,27.93296000,b,m,
1525773745.5772,18.250000,27.75863290,s,l,
1525758227.3199,18.220000,249.22862973,s,l,
1525913206.2361,17.945800,55.00000000,s,m,
1525972368.2335,18.100000,31.00000000,s,m,
1525914501.9193,17.938800,8.32000000,b,l,
1525776277.6609,18.100000,115.38382202,b,l,
1525975902.7113,17.250000,0.26727652,s,m,
1525832448.606,17.500000,121.44258286,s,l,
1525888860.2633,17.784800,56.85218432,s,m,
1525750039.7614,18.300000,135.92965177,b,l,
1525782162.5358,17.992200,8.32000000,b,m,
1525758459.2221,18.294500,0.00000468,b,l,
1525814940.6224,17.970000,4.00000000,s,l,
1525912519.2326,18.500000,0.01258691,b,m,
1525973969.6266,17.821200,118.70085713,s,m,
1525747313.2887,18.423000,0.00028936,s,l,
1525733037.6088,17.821600,4.03961062,b,l,
1525819029.7469,18.073500,2.62663402,b,m,
1525864118.2492,17.872500,3.00000000,s,m,
1525810121.2456,18.167300,0.00002582,s,m,
1525870196.5366,17.959200,9.00000000,b,m,
1525971231.3679,18.340000,17.50000000,b,m,
1525747784.8995,18.306800,239.68472712,s,l,
1525768292.4399,18.663800,5.76379974,b,l,
1525798595.5042,17.961600,99.78048294,s,m,
1525972770.5397,17.816000,343.42970000,s,l,
1525962448.5911,18.400000,991.84500000,s,m,
1525962449.5698,18.316400,74.80651716,s,m,
1525833065.0807,17.689000,20.61435946,b,m,
1525782233.542,18.000000,5.80800000,b,l,
1525912519.2803,18.601000,108.87571948,b,m,
1525887799.6029,17.777100,28.12600000,s,m,
1525973969.6195,17.840800,142.16600000,s,m,
1525762906.2995,18.250600,5.00000000,s,l,
1525856373.8524,17.722800,43.91000000,b,m,
1525738882.976,17.714600,5.64505000,s,m,
1525798358.135,18.000000,517.08325636,b,m,
1525886203.3209,18.048100,12.55623023,b,l,
1525817576.5892,18.083200,77.24867000,b,m,
1525883257.2199,17.971600,9.77590275,b,m,
1525874134.2028,17.773600,163.30105418,s,l,
1525833489.9769,17.400100,10.99366096,s,m,
1525913362.3163,17.940100,49.95000000,s,l,
1525913365.8801,17.940100,426.49800000,s,l,
1525913367.4807,17.940000,14.00000000,s,l,
1525782308.1637,17.999700,4.68500000,b,l,
1525877954.3261,17.910000,44.50238414,s,l,
1525780001.5241,17.750000,0.02454981,b,l,
1525864237.0537,17.935200,15.00000000,b,m,
1525834717.5915,17.400000,34.39037931,b,m,
1525778184.2619,18.042400,34.56636125,b,l,
1525815093.9895,17.969200,30.00000000,b,m,
1525975902.5936,17.347100,100.35808497,s,m,
1525806001.6846,18.068400,30.52400000,s,m,
1525815096.2264,17.950000,63.03590220,s,l,
1525747019.8174,18.404300,4.03506018,b,l,
1525975877.4063,17.650000,22.92700000,s,m,
1525831484.186,17.755100,0.01116043,s,m,
1525746867.8122,18.330000,26.88812546,b,l,
1525782335.8275,17.991400,4.00008889,b,l,
1525815105.7468,17.969000,48.24308729,b,l,
1525815106.5613,18.000000,21.75322500,s,l,
1525935755.8167,17.983300,124.27558367,b,l,
1525798726.6378,18.063800,2.24336692,b,m,
1525913415.7146,17.920000,5.58035000,s,l,
1525782345.8497,17.892700,0.00000036,s,m,
1525958545.4308,18.403700,8.32000000,s,m,
1525782355.9485,17.999800,8.32000000,b,m,
1525963066.3584,18.388000,41.29737187,s,m,
1525913439.3073,17.854800,0.00009477,s,l,
1525747344.2747,18.474000,4.01725186,b,l,
1525960808.5452,18.725800,3.00000000,b,m,
1525867494.4668,17.961500,19.31371421,b,l,
1525765992.8685,18.310600,0.14629458,s,m,
1525815147.0727,18.004200,6.04574575,b,l,
1525975931.2461,17.638800,14.71833608,b,l,
1525864301.0668,17.874100,57.74000000,s,l,
1525763731.0014,18.275000,9.00000000,s,l,
1525867497.7906,17.961500,14.73910241,b,l,
1525972885.2998,17.800000,28.08988000,s,l,
1525846873.0539,17.338200,0.04074056,s,m,
1525766015.0207,18.350000,5.00500501,b,l,
1525864320.1639,17.872500,10.00000000,s,l,
1525767963.1672,18.697000,7.14000000,b,m,
1525767753.915,18.601000,125.00000000,b,m,
1525880711.038,17.950000,93.33161003,s,l,
1525866310.4786,17.890000,0.09980030,b,m,
1525958604.6327,18.550000,66.38676047,s,l,
1525972886.8251,17.800000,0.00905829,b,l,
1525897112.913,17.635000,3.10000000,b,l,
1525880729.988,17.920000,10.99366096,s,m,
1525766043.0521,18.350000,4.13830000,b,l,
1525753028.2689,18.454500,8.32000000,b,m,
1525749668.9605,18.326600,0.00261471,b,l,
1525749669.157,18.333000,4.92184785,b,l,
1525886621.3586,17.947100,0.03643508,s,m,
1525828854.2284,17.761300,200.00000000,s,m,
1525975902.5905,17.347200,765.17006907,s,m,
1525815220.2538,18.004000,3.85985986,b,l,
1525880759.9522,17.920100,73.02406031,s,m,
1525880760.5941,17.940000,35.83702447,b,l,
1525880761.7495,17.940000,147.84290704,b,l,
1525880762.8951,17.940000,10.00000000,b,l,
1525733307.778,17.765100,41.74880644,s,l,
1525791050.96,18.027100,111.54688673,b,l,
1525766078.8808,18.350000,51.94794795,b,l,
1525897151.8211,17.634900,27.00000000,b,l,
1525751388.3505,18.499700,0.14755451,b,m,
1525773669.1935,18.216000,144.00000000,b,l,
1525864320.1683,17.872100,134.30736175,s,l,
1525881163.6321,18.000000,220.00000000,b,l,
1525780511.5408,17.819200,0.36430658,s,l,
1525960750.4251,18.800000,0.00007959,b,m,
1525875184.4708,17.700000,0.06926712,s,m,
1525924236.519,17.906000,159.00000000,b,m,
1525865444.5409,17.953300,0.49329715,s,l,
1525768301.3148,18.663900,3.97992349,b,l,
1525912519.4477,17.860800,0.00123459,s,m,
1525761016.1475,18.410000,0.00012491,b,l,
1525746868.0806,18.330000,200.00000000,b,l,
1525887780.9882,17.800100,138.70400000,s,l,
1525835249.9637,17.293600,96.51248824,s,m,
1525912519.0065,18.150000,0.00078072,b,m,
1525897185.5769,17.649900,20.74693282,b,l,
1525838134.2258,17.188300,47.77347002,s,l,
1525755558.4406,18.234800,7.14000000,s,l,
1525766124.5197,18.350000,90.66229066,b,l,
1525768302.5831,18.774200,49.05299345,b,m,
1525831666.961,17.747100,0.47847126,s,m,
1525780001.2137,17.773000,9.59000000,s,l,
1525796672.6962,18.075400,0.00261290,b,l,
1525963615.414,18.499200,23.00000000,b,l,
1525919403.0572,17.712100,117.95236217,s,l,
1525864453.9776,17.979900,114.67805931,b,m,
1525864454.0078,18.099500,0.01993615,b,m,
1525766151.5954,18.451000,3.26582445,b,l,
1525838338.0309,17.143200,85.09840766,s,m,
1525880842.7073,17.944000,45.64602174,b,l,
1525965826.493,18.523300,132.19148316,b,m,
1525912519.0579,18.290000,0.00787171,b,m,
1525880851.1641,17.947700,12.97350483,b,l,
1525973007.4889,17.773600,0.00025843,s,m,
