time,price,volume,buy_or_sell,market_or_limit,misc
1525776384.5657,18.100000,5.10000000,b,l,
1525776384.5402,18.100000,20.02002002,b,l,
1525776387.175,18.100000,222.46646647,b,l,
1526032076.4402,15.100200,61.96340200,s,l,
1525776390.8882,18.100000,111.21521522,b,l,
1526022145.5314,16.424800,18.00000000,b,l,
1525776392.6125,18.100000,119.40240240,b,l,
1525776396.2834,18.100000,115.56495005,b,l,
1525776399.4358,18.100000,29.17897898,b,l,
1526024547.0553,14.781600,334.19627818,s,m,
1525776419.0508,18.100000,48.64274274,b,l,
1525776421.3289,18.100000,5.40480480,b,l,
1526024082.3741,15.379800,64.81878800,s,l,
1525776426.0414,18.100000,3.27054500,b,l,
1525841963.0955,17.249600,8.32000000,s,l,
1525776430.6045,18.100000,20.00000000,b,l,
1526025285.6962,14.712000,178.00000000,b,m,
1525874740.3345,17.700000,17.98200000,s,l,
1525773288.7354,18.155100,55.63600000,s,l,
1525809206.594,18.259100,4.06853216,b,l,
1525760009.2707,18.377200,0.00391358,b,l,
1525972445.2767,18.000000,16.66666000,s,l,
1525776442.6659,18.100000,6.07957958,b,l,
1525809213.9832,18.330000,22.23188986,b,l,
1525841982.5412,17.367200,37.24800000,b,m,
1525776447.4208,18.100000,20.00000000,b,l,
1526051142.2115,15.427000,8.32000000,s,l,
1526045793.9051,15.000900,7.14000000,s,l,
1525776456.6092,18.100000,77.60300000,b,l,
1525920862.8256,17.700000,6.70350000,s,l,
1525776459.5747,18.100000,33.29189189,b,l,
1526061069.0986,15.200000,12.00000000,s,l,
1525765474.4778,18.340000,0.00189963,s,l,
1525776462.1784,18.100000,104.74640000,b,l,
1526022157.8483,16.454800,0.90050000,b,l,
1525874775.3122,17.700000,45.10675968,s,l,
1525746824.1026,18.250000,31.38023241,b,l,
1525973007.4867,17.773600,0.09965444,s,m,
1525842012.8761,17.369400,5.39666229,b,l,
1526041085.5129,14.405000,161.00000000,s,l,
1526026027.775,15.700000,0.00000044,s,l,
1525776482.2958,18.100000,54.00000000,b,m,
1525864454.0032,18.017500,404.93000000,b,m,
1525973094.8734,17.879100,46.83619000,s,l,
1525776487.0344,18.100000,53.08020000,b,l,
1525776493.4133,18.100000,95.00000000,b,l,
1525809263.5816,18.300000,51.00000000,s,l,
1526048461.9561,15.199900,85.72000000,b,m,
1525973107.2165,17.879300,8.31999340,s,l,
1525776500.1617,18.100000,51.34480000,b,l,
1525776501.253,18.100000,103.07908258,b,l,
1525962841.6243,18.399900,0.00118973,s,m,
1525776509.1789,18.100000,104.74640000,b,l,
1526025111.0445,14.508000,48.56932180,b,l,
1525776511.3169,18.100000,104.74640000,b,l,
1525776512.5603,18.100000,15.32432432,b,l,
1525776513.1752,18.100000,104.74640000,b,l,
1525776515.9013,18.100000,133.38218218,b,l,
1526028337.7303,15.710000,100.00000000,s,l,
1525770945.341,18.350600,42.54061702,s,l,
1525842057.1763,17.246500,151.38285322,s,m,
1525791237.5918,18.070600,7.14000000,b,l,
1525973134.1472,17.792400,5.00000000,s,m,
1525764284.2516,18.230700,31.97521010,s,l,
1525998877.3742,17.251100,9.00000000,s,m,
1525746826.2849,18.260000,0.00065986,b,l,
1526056707.8125,15.398700,8.63247968,s,l,
1526058344.1466,15.211100,95.50000000,s,l,
1526022170.4415,16.597500,6.92000000,b,m,
1525776543.455,18.100000,17.45590000,b,l,
1526020700.7509,17.290000,849.00000000,s,l,
1525776549.8042,18.100000,4.52072072,b,l,
1525776551.2548,18.100000,104.74640000,b,l,
1525776552.5261,18.100000,104.74640000,b,l,
1525776553.9827,18.100000,36.95410000,b,l,
1526025174.5634,14.507700,44.95441306,b,l,
1525776556.915,18.100000,23.59650233,b,l,
1525998878.2638,17.251300,0.06466332,s,m,
1525809333.1419,18.280000,38.47348800,s,l,
1525772677.5378,18.219900,29.34000000,b,m,
1525776576.0254,18.120000,7.40100100,b,l,
1525776288.2421,18.100000,115.37876266,b,l,
1525809348.9743,18.280000,36.88940956,s,l,
1525807881.3864,18.282500,10.12082579,b,m,
1526056710.9953,15.391100,100.00000000,s,l,
1525962103.3297,18.488100,0.00177931,s,m,
1526026920.225,15.879900,152.90683700,b,l,
1525874894.0446,17.700000,0.00032196,s,m,
1525809361.2154,18.280000,86.83540481,s,l,
1525776419.3902,18.100000,0.00000026,b,l,
1525779349.2139,17.823100,8.71180000,s,l,
1526022180.8045,16.500400,38.55442000,s,l,
1525743837.0277,17.880000,3.00000000,b,m,
1525902860.2677,17.518600,0.00438035,s,m,
1525776421.7185,18.100000,4.36218200,b,l,
1525743843.0557,17.920300,33.56200000,b,m,
1525809380.1269,18.291900,500.00000000,b,m,
1526038758.1861,15.128800,6.05459785,b,l,
1525833355.9384,17.501900,57.13665300,s,l,
1525755558.4435,18.234400,31.02328225,s,l,
1525874928.1776,17.700000,7.36702560,s,l,
1526022184.4183,16.599800,8.32000000,b,l,
1526056710.685,15.391500,24.73910000,s,l,
1525972885.2865,17.800400,115.75230000,s,l,
1526006007.7096,17.570600,41.68000000,b,l,
1526038777.5439,15.128800,20.75999999,b,l,
1525995607.2038,17.400000,30.11200000,b,l,
1526045799.6508,15.000000,91.68000000,s,l,
1526038780.4872,15.129200,350.00000000,b,m,
1525841963.1004,17.249500,41.68000000,s,l,
1526054597.239,15.355600,65.12282100,s,m,
1525958509.1942,18.424900,0.00022875,s,l,
1526050164.2517,15.362800,7.14000000,s,l,
1525776651.4373,18.120000,16.03113113,b,l,
1526023977.7659,14.999700,46.44218390,b,l,
1526056711.8145,15.390800,37.03255697,s,l,
1525776657.573,18.120000,15.61931932,b,l,
1525770835.8899,18.378800,7.14000000,s,m,
1525760046.9589,18.399900,11.07731160,b,m,
1525776664.4967,18.120000,52.21800000,b,l,
1525776666.1573,18.120000,20.00000000,b,l,
1525940507.5607,18.000000,210.00000000,s,m,
1525753063.5008,18.328500,6.92000000,s,m,
1525776671.6711,18.120000,52.21800000,b,l,
1525975968.0767,17.717600,0.26739271,s,m,
1525973284.3478,17.958300,6.92000000,b,m,
1525973285.4667,17.836300,113.60810487,s,l,
1525776679.7367,18.120000,52.21800000,b,l,
1525776680.9155,18.120000,20.00000000,b,l,
1525915868.0794,17.953400,46.51901578,b,m,
1526023978.3535,15.026100,35.50861719,s,l,
1525944630.706,18.080400,192.86000000,b,m,
1525761016.1377,18.409900,52.43351400,b,l,
1525773288.7524,18.110000,250.00000000,s,l,
1525776292.6538,18.100000,57.91571572,b,l,
1526027658.0615,15.959400,12.95116200,b,l,
1525776702.0855,18.120000,52.21800000,b,l,
1525776705.6171,18.120000,20.00000000,b,l,
1525838605.5928,17.110000,214.80117475,s,m,
1525809206.628,18.330000,33.76811014,b,m,
1526041437.2842,14.610000,0.01031338,s,m,
1525867073.9404,17.815300,2.52502407,b,l,
1525776714.9623,18.120000,18.47517518,b,l,
1525835421.0846,17.140100,52.53391861,s,m,
1525776293.2841,18.100000,79.24204204,b,l,
1525835538.9174,17.200000,29.06976000,s,m,
1525776442.8189,18.100000,102.98228909,b,l,
1525776734.8935,18.120000,1000.00000000,b,l,
1525940575.806,18.000000,381.56471497,s,l,
1525776737.4537,18.120000,1000.00000000,b,l,
1526026921.5605,16.010000,0.00149130,s,l,
1525940581.6175,18.064400,49.95000000,b,m,
1525776744.6089,18.120000,249.01904525,b,l,
1526061162.1576,15.100600,3.57000000,s,l,
1525776750.9545,18.120000,1000.00000000,b,l,
1525776751.0389,18.120000,54.92337196,b,l,
1526031666.0533,15.077400,64.20724000,s,l,
1525841982.5513,17.370000,29.68474609,b,m,
1525776758.927,18.120000,20.00000000,b,l,
1525842295.79,17.370000,96.09609610,b,l,
1525776761.1014,18.120000,1000.00000000,b,l,
1525842298.7908,17.300000,13.89236416,s,l,
1525842057.1965,17.213200,0.83876236,s,m,
1525776776.376,18.120000,36.19860300,b,l,
1525776295.3263,18.100000,123.15555555,b,l,
1525747019.8293,18.404400,4.03402023,b,l,
1525974881.1893,17.964400,0.00267360,b,m,
1525809571.7281,18.316400,3.93066739,b,l,
1525779569.5022,17.888100,27.91780000,b,l,
1526030529.0405,15.434500,4.60346669,b,l,
1525744043.7125,17.890500,4.19193471,b,l,
1526027677.4857,15.958800,14.28000000,b,m,
1525810121.2456,18.167300,0.00002582,s,m,
1525757747.4154,18.350000,52.86000000,b,m,
1525776833.4865,18.120000,500.00000000,b,l,
1526038603.3638,15.031100,82.27000000,s,m,
1526025286.0376,14.715000,88.01690112,b,m,
1526006221.4995,17.400500,8.32000000,s,m,
1525776847.1839,18.120000,8.22842843,b,l,
1525776849.1847,18.120000,105.72952953,b,l,
1526030636.5358,15.573800,245.41187029,b,m,
1525744088.1534,17.903300,58.00000000,b,m,
1526044068.9674,14.781300,4.18110000,s,l,
1525860048.7551,17.744300,991.84500000,b,m,
1526039007.1127,15.010000,75.00000000,b,m,
1525776865.4882,18.120000,1300.00000000,b,l,
1525776866.7341,18.120000,2973.41162804,b,m,
1525776868.5579,18.120000,352.88651214,b,l,
1526044070.2307,14.779100,14.81254300,s,l,
1525842410.7018,17.300000,50.00000000,s,m,
1525779237.2787,17.850000,100.00000000,s,m,
1526022226.3458,16.700100,9.17020000,b,l,
1525875184.4746,17.700000,0.00000032,s,m,
1526022227.4319,16.546200,385.27000000,s,m,
1526024064.5217,15.379700,0.00356290,s,m,
1526026922.371,16.010000,189.63367650,s,l,
1526049535.6805,15.457900,51.33953954,b,l,
1526044074.2848,14.773800,25.21272117,s,l,
1525907968.0932,17.740000,16.80135094,b,m,
1526046192.7401,14.767900,391.76000000,s,m,
1525772254.6012,18.403000,155.00000000,b,m,
1525973511.0424,17.792400,16.34355680,s,l,
1526039050.5554,14.929300,6.69822000,s,l,
1526039051.3669,14.925200,11.35165240,b,l,
1525885699.3006,18.000000,700.00000000,b,l,
1525749166.2946,18.339000,9.00000000,b,l,
1526039068.9655,14.908700,4.01070000,s,l,
1526039069.3743,14.908600,100.00000000,s,l,
1526039070.9776,14.908500,3.79622512,s,l,
1526039071.267,14.880100,100.00000000,s,l,
1526039072.713,14.880000,100.00000000,s,l,
1525778482.807,17.961000,4.00008889,b,l,
1526039076.5723,14.880000,100.00000000,s,l,
1525842470.8581,17.300000,49.78048294,s,m,
1526039079.9279,14.880000,100.00000000,s,l,
1526022236.0302,16.456700,34.62965083,s,m,
1526039083.9454,14.880000,17.24588716,s,l,
1526039085.115,14.880000,187.59282251,s,l,
1526022237.6775,16.489400,125.84222840,s,m,
1526040300.2309,14.481200,23.50514364,b,l,
1525973556.799,17.780000,228.50471119,b,l,
1525974886.6025,17.971900,0.01080413,b,l,
1526039094.5036,14.817100,91.25300000,s,l,
1525885705.8659,18.000000,1300.00000000,b,l,
1526040926.987,14.406100,43.91000000,s,l,
1525940793.3426,18.116400,9.00000000,b,m,
1526039098.3525,14.811000,18.99700000,b,l,
1526039100.1918,14.811000,100.00000000,b,m,
1525770945.3379,18.350700,103.31540000,s,l,
1526026968.3107,15.989700,14.10200000,b,l,
1526040985.3691,14.409000,168.00000000,s,l,
1526045810.3216,15.000000,50.60243939,s,l,
1525767794.0793,18.601000,44.31659993,b,l,
1525835222.3658,17.360000,28.30441820,s,l,
1525973584.2371,17.790300,0.00000301,b,l,
1525814712.684,17.950000,16.53085910,s,l,
1526042853.4256,14.883400,199.29396179,s,l,
1525809749.7135,18.275400,204.00000000,b,l,
1526023988.0987,15.049800,40.09432409,b,l,
1526057545.5153,15.503700,41.75800000,s,l,
1525896634.3342,17.544100,0.00265015,s,m,
1525738256.7435,17.800500,4.03745863,b,l,
1525912519.259,18.550000,129.89608313,b,m,
1525973094.8687,17.879500,6.92000000,s,l,
1526023715.7612,15.388000,0.00030987,s,l,
1525940863.1735,18.110100,32.95041352,b,m,
1526039168.1248,14.797700,13.21630000,b,l,
1525781952.5936,17.794200,390.28129365,s,m,
1526039172.4196,14.797700,54.70934003,b,l,
1526044721.0545,15.253400,43.91000000,b,l,
1525867619.2436,18.014000,12.46950629,b,l,
1526026923.5362,16.010000,261.79514280,s,l,
1526039183.8436,14.800700,6.10790787,s,m,
1526039192.4757,14.800000,10.34753230,s,l,
1526021768.536,16.800200,139.22430251,s,m,
1526022255.4341,16.456900,0.00000012,s,m,
1525902106.2913,17.583300,0.00270576,b,l,
1525780984.6148,17.600000,84.11091463,s,m,
1526047777.4514,15.000000,0.00000003,s,m,
1525776304.4687,18.100000,1300.00000000,b,l,
1526020375.1386,17.400500,92.44785789,s,m,
1525962183.348,18.488200,29.40820000,s,l,
1525974890.2223,18.000000,0.01483884,s,l,
1525764302.7904,18.231200,0.00000037,s,l,
1525776499.9856,18.100000,28.76190000,b,l,
1526022900.7601,16.399200,6.09785000,s,m,
1525866310.4786,17.890000,0.09980030,b,m,
1525948099.6898,18.039500,8.32000000,b,l,
1526037085.3396,15.050000,413.48000000,s,l,
1525842623.7824,17.300000,0.21951705,s,l,
1526028356.434,15.710000,0.00061811,s,l,
1525776305.9478,18.100000,12.45555556,b,l,
1525842627.1432,17.346600,3.00000000,b,m,
1525869345.1798,17.865300,5.98444050,s,m,
1525928962.6991,18.072400,0.00278982,b,l,
1525842633.0004,17.290000,85.25691282,s,l,
1525740298.7425,17.932500,0.50830624,s,l,
1526026670.5356,16.000000,0.27792133,b,m,
1526039247.8693,14.800000,25.94312767,s,l,
1525965071.3306,18.475000,3.23120569,b,m,
1525842641.1742,17.290000,237.47612168,s,l,
1525842642.4565,17.290000,18.12613433,s,l,
1525842645.1931,17.344400,3.00000000,b,l,
1525842648.4046,17.290000,34.95659092,s,l,
1525842649.4693,17.290000,124.75057700,s,l,
1526044111.8821,14.854400,0.00000946,b,m,
1525842652.1265,17.290000,416.11000000,s,l,
1525997245.094,17.056200,3.74500000,s,m,
1525776306.1639,18.100000,313.00000000,b,l,
1526044818.8774,15.209900,10.00000000,b,m,
1525732817.3102,17.801500,15.00000000,s,l,
1525973737.7602,17.892300,4.00000000,b,m,
1525991259.3004,17.550000,5.00000000,s,l,
1525776509.0287,18.100000,9.82740000,b,l,
1526031631.156,15.210000,27.24108428,b,l,
1525738882.9841,17.686800,0.56949092,s,m,
1526056384.4161,15.580000,0.00044865,b,l,
1526024108.5307,15.290000,96.18905507,s,m,
1525765588.0232,18.340000,13.23372443,b,l,
1526039290.7718,14.760000,1300.00000000,s,l,
1526039291.4164,14.760000,288.77592541,s,l,
1526039292.0202,14.760000,285.78229917,s,l,
1526039293.507,14.760000,125.44177542,s,l,
1526061092.0309,15.200000,88.81712555,s,l,
1526039297.2147,14.750000,283.24131416,s,l,
1526039299.239,14.750000,283.23181207,s,l,
1526039300.5327,14.750000,283.69541391,s,l,
1526039301.9114,14.750000,283.72743650,s,l,
1526039303.1782,14.750000,284.13650617,s,l,
1526039306.1822,14.750000,297.87056865,s,l,
1525842700.9755,17.346600,4.46000000,b,m,
1525885741.9837,18.000000,500.00000000,b,m,
1526028015.3378,16.010000,0.19090204,s,m,
1525765992.8664,18.310600,58.43693282,s,m,
1526021706.5492,16.900500,99.83394998,s,m,
1526039326.7006,14.700000,0.00586324,s,l,
1526039327.7056,14.700000,578.72680104,s,m,
1525751961.8988,18.499800,6.55376644,b,l,
1525908258.3542,17.696300,3.00000000,b,l,
1525887805.2665,17.700200,151.30950000,s,m,
1526055048.954,15.490000,6.14100000,s,l,
1525972368.2299,18.103900,50.00000000,s,m,
1525842057.1945,17.213200,323.43966821,s,m,
1525772530.3758,18.182000,141.43629891,s,m,
1525973818.551,17.890600,15.15115115,b,l,
1525975877.462,17.511000,453.14831390,s,m,
1525888788.7614,17.799600,0.00264842,b,l,
1526041603.9965,14.590000,1000.00000000,s,m,
1526055182.235,15.598300,140.47707766,b,m,
1526028670.5197,15.518900,30.00000000,b,m,
1526033816.5857,15.169400,117.17386303,b,l,
1526039363.9388,14.700000,100.00000000,s,m,
1525777220.9495,18.159800,3.96480137,s,l,
1525875532.885,17.700000,9.70302275,s,l,
1525777235.8986,18.151200,6.99159159,b,l,
1525961802.3879,18.560200,7.14000000,s,l,
1525973845.5844,17.890000,50.05005005,b,l,
1526006614.2945,17.507200,220.55469750,b,m,
1525973851.2888,17.889900,3.35225733,b,l,
1525967674.4086,18.548000,0.00256997,b,l,
1526049595.9045,15.457900,3.00000000,b,l,
1525863256.1184,17.800000,360.20514964,b,l,
1525746850.5721,18.300000,4.40000000,b,l,
1526055058.1182,15.490000,8.59330000,s,l,
1526053458.913,15.417600,17.07037849,s,l,
1526036090.2672,15.258000,95.80472767,s,l,
1525832050.6739,17.600000,16.30295455,s,m,
1526040930.8078,14.300000,227.45130000,b,l,
1525912519.178,18.500000,100.00000000,b,m,
1526055064.3566,15.490000,85.17297131,s,l,
1526053459.2129,15.417400,64.86177900,s,l,
1525782859.1746,17.996900,6.92000000,b,m,
1525744539.1891,17.970000,40.00000000,b,l,
1525770852.3325,18.370000,50.00000000,s,l,
1525962224.7225,18.482600,109.79863223,s,l,
1526039462.7329,14.700000,1300.00000000,s,l,
1526039465.0487,14.700000,284.86655202,s,l,
1526039467.807,14.700000,294.06179357,s,l,
1526039468.9557,14.700000,295.11354861,s,l,
1525962226.3747,18.485100,95.85800000,s,l,
1526039470.0002,14.700000,34.07360000,s,l,
1526037093.6245,15.050000,100.00000000,s,l,
1526049608.892,15.676500,1.93853220,b,m,
1526043640.5393,14.818500,0.00000011,s,m,
1526056711.8069,15.391200,43.91000000,s,l,
1526039480.0497,14.700000,20.56409178,s,l,
1526039483.4436,14.700000,70.12451020,s,l,
1526056494.3653,15.614000,0.00011817,b,m,
1526039487.7175,14.656900,20.00000000,s,l,
1526024000.8039,15.150000,34.74100000,b,l,
1526022304.3751,16.432000,20.00000000,s,l,
1525984075.4404,17.600000,5.00000000,s,m,
1526039493.3377,14.645700,300.00000000,b,m,
1525810121.2344,18.167300,3.84001601,s,m,
1526031391.0609,15.283900,6.91087000,s,m,
1526027338.8232,15.602200,9.00000000,s,m,
1526039502.3348,14.560100,0.40910154,s,m,
1526039505.7965,14.560000,0.38048404,s,m,
1525973971.6465,17.841200,6.92000000,s,l,
1525777366.0544,18.144900,20.00000000,b,l,
1526039511.9321,14.566300,0.00003488,s,m,
1526023535.1435,15.500000,80.00000000,s,m,
1525973982.6365,17.830400,8.36136587,b,l,
1526065551.9538,15.161400,11.38100760,s,l,
1525820240.7239,17.900000,27.02056429,b,l,
1526064040.8466,15.087800,37.85469030,b,l,
1526023410.5493,15.850700,7.14000000,s,m,
1526039532.0649,14.560000,0.78633633,s,l,
1526049618.2003,15.389400,21.32021752,s,l,
1526039542.638,14.560100,13.43743744,b,l,
1525776553.1735,18.100000,122.03499494,b,l,
1525912819.6682,18.130600,1908.11298261,b,m,
1526027775.9933,15.820000,7.14000000,s,l,
1526039549.0361,14.560100,34.36740000,b,l,
1526039550.3883,14.560100,24.28588589,b,l,
1526039551.7595,14.560100,34.36740000,b,l,
1525962240.2511,18.440400,3.18295458,s,l,
1526039554.2949,14.560100,9.28138138,b,l,
1526039558.9613,14.560100,71.98428428,b,l,
1526039559.9728,14.560100,11.65685686,b,l,
1526045825.7038,14.980000,25.00000000,s,l,
1525776556.3087,18.100000,36.99109109,b,l,
1526039564.6992,14.560100,34.36740000,b,l,
1526039566.0561,14.560100,169.04624625,b,l,
1525912509.0626,18.079900,43.91000000,b,m,
1526046177.6875,14.824100,10.00000000,s,m,
1525744663.8466,17.973600,5.56372000,b,l,
1526051585.2672,15.737700,31.98200000,b,m,
1526039579.3028,14.560100,68.68084600,b,l,
1526039581.1843,14.560100,68.68084600,b,l,
1525777438.8247,18.156900,9.04400000,b,l,
1526027781.0332,15.810000,150.35462400,s,l,
1525984091.7685,17.702600,163.49806243,b,m,
1526039590.209,14.560100,0.00000002,b,l,
1526037097.6879,15.050000,44.60730000,s,l,
1526039595.0612,14.560100,34.36740000,b,l,
1526039596.302,14.560100,6.44864865,b,l,
1526026920.2554,16.010000,109.89000000,b,l,
1526039599.9462,14.560100,40.63540080,b,l,
1526026186.8162,15.590100,18.68335590,s,m,
1526039602.6823,14.560100,15.17647648,b,l,
1526039604.5194,14.560100,86.65384356,b,l,
1525991270.8387,17.530000,113.78450000,b,l,
1526025508.7474,15.185100,32.95280000,s,m,
1525918559.2546,17.600100,0.00098766,s,l,
1525842057.167,17.291300,393.52000000,s,m,
1526028017.3426,16.010000,239.47316104,s,m,
1526026989.9525,16.010000,521.34912900,s,l,
1526049632.2908,15.389700,83.45700000,s,l,
1526042848.5163,14.883400,974.41650425,b,l,
1525941317.1977,17.994100,7.14000000,s,m,
1526039626.3576,14.607000,13.51896296,b,l,
1526023330.9342,16.200000,10.00000000,s,l,
1525778150.0505,18.114000,149.00000000,s,l,
1525975877.4208,17.615800,2000.00000000,s,m,
1526051585.2766,15.739400,140.47707766,b,m,
1525875806.7144,17.720000,56.43340000,b,l,
1526027792.4305,15.785200,23.62861845,s,l,
1525912519.3122,18.700000,3000.00000000,b,m,
1526049638.931,15.391200,100.00000000,s,l,
1526032573.2586,15.396800,6.12490360,b,m,
1525875816.8315,17.751900,10.57789454,b,l,
1526030636.5108,15.373500,3.04920000,b,m,
1525957749.8597,18.012200,53.34786210,s,l,
1526039663.2857,14.570200,5.83323323,s,m,
1526006898.1288,17.450000,3.42311000,s,l,
1525744755.6746,17.935400,30.00000000,s,l,
1526049641.0237,15.391300,100.00000000,s,l,
1526006907.7174,17.450000,3.39993000,s,l,
1526045829.3933,14.900000,35.62800000,s,l,
1526036310.6996,15.170300,48.46437300,s,l,
1525744771.9454,18.000000,4.00000000,b,l,
1526025156.4093,14.507900,7.62969748,b,l,
1525978647.3145,17.746000,10.00000000,s,l,
1525967725.6789,18.548500,0.00859022,s,l,
1525762927.636,18.291900,130.26590421,b,m,
1526055107.4643,15.420500,111.07188940,s,l,
1525784217.8614,18.000000,3.25792222,b,l,
1525921524.7697,17.797700,3.35313480,b,l,
1525941401.5746,18.031000,178.53580690,s,m,
1525875866.3645,17.751900,0.00431683,b,l,
1526027802.2245,15.785200,51.24480539,b,l,
1526045830.7049,14.900000,100.00000000,s,l,
1526037101.2697,15.050000,100.00000000,s,l,
1526036092.8634,15.251100,36.97100000,s,l,
1526053036.8135,15.949900,2021.22157707,b,m,
1526016370.7304,17.500000,26.53865143,s,m,
1525875886.8144,17.756000,37.97477478,b,l,
1526027805.8737,15.810000,16.05063330,s,l,
1525875889.7044,17.756000,121.82872925,b,l,
1526006962.7295,17.450000,114.88437816,s,l,
1525853044.5169,17.300000,22.80071813,s,m,
1525739020.9691,17.717100,34.49700000,s,m,
1526041766.1603,14.650000,5.00192810,b,l,
1525958186.401,18.170000,0.13228980,b,l,
1525974210.998,17.830400,45.54914975,b,l,
1526033405.0472,15.366500,10.00000000,b,m,
1525941448.4449,18.032000,7.15898717,s,l,
1525890891.045,17.706000,6.92000000,s,m,
1525783702.5079,17.773300,106.67180000,s,m,
1526051474.7701,15.747300,18.91366774,b,m,
1525874894.0316,17.700000,47.87552381,s,m,
1526039766.9268,14.702400,17.41179943,b,m,
1526037103.4214,15.050000,100.00000000,s,l,
1526022126.7699,16.400000,0.26065079,b,l,
1526024910.1949,14.540800,34.41301134,s,l,
1525843174.1136,17.300000,39.00000000,b,l,
1526025418.3383,15.298500,43.91000000,b,m,
1525974248.1043,17.830400,22.00490490,b,l,
1526039786.8487,14.640000,285.11087913,s,l,
1526023403.2512,15.825500,48.78700000,s,m,
1525770868.8218,18.370000,28.04374374,b,l,
1525894683.9524,17.635200,10.00000000,b,l,
1526028375.9946,15.710000,643.20792147,s,l,
1525809139.5292,18.269900,0.22158062,b,l,
1525974272.7498,17.830000,11.47640535,s,l,
1526001097.3652,17.421300,40.04004004,b,l,
1526039811.5118,14.698500,14.18450130,b,m,
1526058927.2129,15.308900,0.09331678,b,l,
1526025102.7284,14.507900,4.47765064,b,l,
1525978045.0994,17.924400,18.00000000,b,m,
1525939977.8519,18.000400,6.92000000,s,l,
1525962286.5708,18.388000,164.38236270,s,m,
1526036311.923,15.150000,144.25888449,s,m,
1525770750.9502,18.446800,303.02999999,s,l,
1526028131.2376,15.886200,6.26108684,s,m,
1526022362.1545,16.415800,3.59137897,b,l,
1525771361.3723,18.304300,95.15955309,s,l,
1526049421.0622,15.381200,4.94557300,s,l,
1526025103.6101,14.508000,18.75249236,b,l,
1526055132.3581,15.424000,10.00860000,s,l,
1525780984.6073,17.600100,107.72160000,s,m,
1525858525.5495,17.652000,808.44241446,b,m,
1525972734.6867,17.900000,27.93296000,s,l,
1526044744.0313,15.088100,0.00027192,s,m,
1525974329.1202,17.830000,94.05540000,s,l,
1525975877.4527,17.550000,50.00000000,s,m,
1526039868.1682,14.670500,19.61400000,s,m,
1526023403.3473,15.720200,0.08275706,s,m,
1525883257.2254,17.971700,9.77590275,b,m,
1525958545.4336,18.403600,4.53313216,s,m,
1526055136.0619,15.424000,2.95820497,s,l,
1526025104.4335,14.508000,8.85595596,b,l,
1525870164.4383,17.850000,0.00925645,b,l,
1525798358.1636,18.131800,200.95934213,b,m,
1525743843.0504,17.915700,6.92000000,b,m,
1525974361.9151,17.830000,3.97520000,s,l,
1526027146.9361,15.610200,23.36948635,s,l,
1526026196.518,15.596100,100.93000000,s,m,
1525748255.8797,18.336600,10.00000000,s,l,
1525767812.1947,18.791100,114.11106467,b,m,
1525777763.6022,18.150000,52.21800000,s,l,
1526024014.8547,15.100300,10.10211124,s,l,
1525746867.2052,18.330000,85.74496379,b,l,
1525777766.4111,18.160500,17.75365365,b,l,
1526039911.1268,14.708300,22.95150564,b,l,
1526039912.9222,14.760000,249.05569500,s,l,
1525964002.1188,18.527800,24.42488585,b,m,
1526007147.2569,17.450000,92.07689971,s,l,
1525777779.5607,18.150000,52.21800000,s,l,
1526033300.3658,15.360000,50.00000000,s,l,
1526039939.4646,14.790000,290.29841444,s,l,
1526039940.5766,14.790000,357.89674500,s,l,
1526039941.1882,14.790000,289.88172361,s,l,
1525843334.8777,17.299900,9.87809000,b,l,
1526039943.7574,14.790000,8.73624809,s,l,
1526039944.1723,14.790000,6.23393702,s,l,
1526039945.3948,14.790000,15.97093054,s,l,
1525843338.9126,17.290100,10.00000000,s,l,
1525843339.5803,17.300000,40.65965113,b,l,
1526039948.8443,14.790000,33.86650000,s,l,
1525908880.8533,17.579400,39.01018742,s,m,
1526039953.2436,14.790000,396.98000000,s,l,
1526039955.2525,14.790000,1274.85579170,s,l,
1525777816.4806,18.150000,0.00000038,s,m,
1525975923.7287,17.638700,0.00004506,s,m,
1526039969.5823,14.746800,25.00000000,b,l,
1526059374.785,15.406800,0.00000479,b,m,
1526059535.905,15.596300,8.21300276,b,m,
1525777828.576,18.150000,20.00000000,s,l,
1525753853.175,18.289500,0.00000001,s,m,
1525767753.8783,18.600000,4.82000000,b,m,
1525778199.1587,18.000000,0.00080790,s,l,
1525853085.3195,17.301200,9.00000000,s,m,
1525745074.2183,18.030000,0.03151586,b,l,
1526023978.1408,15.005000,179.00000000,b,l,
1526025108.9146,14.507900,9.96947752,b,l,
1526044234.8658,14.921000,2.44688676,b,m,
1525972734.7033,17.850000,30.00000000,s,l,
1525958717.814,18.550000,0.90164810,s,m,
1526064389.888,15.082100,25.40412569,b,l,
1526040008.1134,14.650100,21.71500000,s,m,
1526006007.6917,17.570400,8.32000000,b,l,
1526040014.4247,14.650000,9.58255832,s,l,
1526036094.3711,15.244900,8.56456642,s,l,
1526040016.15,14.650000,9.58255832,s,l,
1526040019.1863,14.640300,9.00000000,s,l,
1526053552.5932,15.305000,17.58700000,s,l,
1526038777.5472,15.128900,19.24000001,b,l,
1526023369.0719,16.030100,0.00000001,s,m,
1525974491.7922,17.830000,837.43301344,s,l,
1525746871.7161,18.350000,0.03570816,b,l,
1526040031.9086,14.670700,5.00000000,b,m,
1525910927.5559,17.855700,142.16600000,b,m,
1525945936.0606,18.051000,8.32000000,b,m,
1525876196.9965,17.775200,32.33396645,b,l,
1525747383.8785,18.500000,0.00005901,b,l,
1526037112.4908,15.050000,48.38157000,s,l,
1525745419.3802,18.114600,7.14000000,s,m,
1525762877.0408,18.300000,784.45062949,s,l,
1525767603.3903,18.454200,0.00380953,b,l,
1525746872.9325,18.367900,0.00000958,b,l,
1526040677.163,14.400000,81.50265805,s,l,
1525745152.9518,18.089400,7.14000000,b,m,
1525912509.1048,18.100000,181.74555623,b,m,
1525965826.4862,18.522600,0.00000229,b,m,
1526049708.007,15.498800,335.72000000,b,m,
1526040076.5144,14.566900,9.43473473,b,l,
1525777933.3041,18.150000,20.00000000,s,l,
1526040080.7564,14.560000,6.32117250,s,l,
1526025111.8901,14.500100,0.00067076,s,m,
1525747313.279,18.430200,3.72487126,s,l,
1526040088.6666,14.560000,14.98500000,s,l,
1526040090.183,14.560000,32.04792000,s,l,
1526040091.9803,14.560000,4.11523000,s,l,
1526040092.7073,14.560000,407.89369800,s,l,
1526040096.108,14.560000,56.86617690,s,l,
1525927032.1894,17.957700,262.97586179,s,m,
1526040103.721,14.560000,100.00000000,s,l,
1526040104.3531,14.560000,100.00000000,s,l,
1526040105.021,14.560000,100.00000000,s,l,
1526040106.9622,14.510000,5.00000000,s,l,
1526040111.6134,14.500000,27.48698750,s,l,
1525737652.9724,17.794700,2.21800000,b,m,
1526028675.668,15.579900,8.36100000,b,m,
1525749784.3364,18.340000,0.00000034,b,l,
1525843513.9186,17.370000,34.18572251,b,l,
1526040124.58,14.470000,100.00000000,s,l,
1526020819.1016,17.150000,6.41000000,s,m,
1526040126.5118,14.470000,100.00000000,s,m,
1526040127.6521,14.470000,100.00000000,s,l,
1526040133.1551,14.470000,21.60700000,s,l,
1525777996.7201,18.216100,4.11719174,b,l,
1526040144.2101,14.470000,9.90009000,s,l,
1526040147.3795,14.470000,96.99291000,s,l,
1526026493.5031,15.441200,51.67201384,b,l,
1526055182.2452,15.600000,20.00000000,b,m,
1526040150.4823,14.470000,78.28363800,s,l,
1526043014.5286,14.903000,22.86629716,b,l,
1525972739.858,17.800000,118.04634124,b,l,
1526040153.7529,14.470000,34.69596930,s,l,
1526040154.5922,14.470000,5.30518950,s,l,
1525943748.2897,18.091000,6.92000000,b,m,
1526040160.4796,14.470000,195.77003400,s,l,
1525997245.1066,17.040000,0.00000052,s,m,
1526040162.0486,14.470000,16.20500000,s,l,
1525912519.3029,18.690000,2.80853992,b,m,
1526040164.2406,14.470000,24.93566985,s,m,
1525974629.2826,17.830000,37.00000000,s,l,
1526061121.6985,15.138600,3.30281532,s,m,
1526021591.3406,17.130700,10.00000000,s,m,
1525780001.2472,17.739200,0.87687395,s,m,
1526044263.2592,14.950000,23.38259400,s,l,
1526040172.9234,14.470000,7.36412850,s,l,
1526040173.6885,14.470000,34.61914620,s,l,
1526040174.9244,14.470000,14.52016530,s,l,
1526040176.3648,14.470000,34.62853680,s,l,
1526040179.382,14.470000,5.30828640,s,l,
1525974644.7793,17.830400,0.99631841,b,l,
1526040181.524,14.470000,5.17200000,s,l,
1525972740.9615,17.800000,113.90538238,b,l,
1525843576.8034,17.389400,6.86059873,b,l,
1526040186.6891,14.470000,42.47897850,s,l,
1526040188.0726,14.470000,66.25567800,s,l,
1526040189.6381,14.470000,14.18000000,s,l,
1525835258.9478,17.273700,30.57000000,s,m,
1526040196.5641,14.470000,401.53000000,s,l,
1526040198.211,14.470000,10.30630000,s,l,
1526040200.5881,14.480000,15.00000000,s,l,
1526063346.0651,15.000600,4.16000000,s,m,
1526040204.0698,14.470000,9.00512570,s,l,
1525746293.9921,18.230000,3.74801324,b,l,
1526040207.5387,14.470000,99.56096588,s,m,
1526040211.3119,14.470000,152.67687030,s,l,
1526040212.7427,14.470000,70.92260640,s,l,
1526040213.0658,14.470000,33.63113520,s,l,
1526024660.5086,14.737100,74.01849130,b,l,
1526023514.068,15.550000,44.59250000,b,l,
1526040217.1453,14.470000,3.96960000,s,l,
1526024093.6867,15.371500,19.61207880,b,m,
1525860048.749,17.680400,810.68845525,b,m,
1526040222.0947,14.470000,11.82924397,s,m,
1526027950.4595,16.010000,381.90074674,s,l,
1526053036.8052,15.860000,99.88014933,b,m,
1525974691.5209,17.889000,0.04924845,b,l,
1526023280.3504,16.300000,3.00000000,s,l,
1526040234.7627,14.470000,141.50983280,s,l,
1526042424.2993,14.875000,0.00006034,s,m,
1525960808.5634,18.725800,3.00000000,b,m,
1525964013.1688,18.500000,70.81619720,s,l,
1526040245.0587,14.470000,24.71330009,s,l,
1525843641.856,17.350400,10.02858000,s,l,
1526040250.1666,14.470000,4.17824497,s,m,
1526052784.8333,15.403000,9.00000000,s,l,
1526040254.7498,14.470000,15.02366130,s,l,
1526027893.5373,15.750000,497.27298051,s,m,
1526061124.2003,15.198900,23.00000000,b,m,
1525809073.3552,18.264700,10.00000000,b,l,
1526040259.8672,14.470000,8.59889250,s,l,
1525827993.4816,17.817800,9.00000000,s,m,
1526050062.8808,15.428600,124.81330000,s,l,
1525778120.1685,18.150000,85.42819143,s,l,
1525773066.2796,18.053700,228.63019441,s,l,
1526032755.6806,15.199600,43.91000000,s,m,
1526024026.7671,15.159400,8.32000000,s,l,
1525855992.3049,17.509900,0.00270484,b,l,
1525947647.7183,17.927200,0.00017156,s,m,
1526024345.9004,15.000000,70.00000000,s,m,
1525778133.0357,18.130000,300.00000000,s,l,
1525973284.3532,17.958800,9.00000000,b,m,
1526037120.0971,15.010000,100.00000000,s,l,
1526040284.1665,14.470000,49.59145890,s,l,
1526040286.9086,14.470000,4.58530000,s,l,
1526039505.7938,14.560000,173.32777122,s,m,
1526026920.2218,15.869900,175.03296535,b,l,
1525778149.3187,18.125000,3.00000000,s,l,
1525778150.048,18.114000,149.00000000,s,l,
1525745383.9586,18.109300,5.52202000,b,l,
1526024027.0463,15.159400,157.00000000,s,l,
1525778155.1508,18.113500,65.38238238,b,l,
1525745388.3142,18.112200,46.71996411,s,l,
1525902106.2882,17.583300,3.38489481,b,l,
1526040303.5153,14.481100,30.00000000,b,m,
1525778160.3044,18.108000,52.40900000,s,l,
1525778161.1153,18.108000,0.00000070,s,l,
1526040308.6106,14.481000,31.74406784,b,l,
1525911641.0183,17.784400,3.00000000,s,m,
1526040318.7005,14.583000,17.01600494,b,m,
1526026859.1378,15.989900,0.01942111,b,l,
1526025285.7165,14.715000,181.00000000,b,m,
1525778184.2619,18.042400,34.56636125,b,l,
1525778185.0538,18.100000,54.09285300,s,l,
1525778186.9299,18.100000,751.76874982,s,l,
1525745419.3832,18.114000,491.97444793,s,m,
1525888728.0293,17.799700,18.51067793,b,l,
1525778191.9306,18.030000,52.21800000,s,l,
1525745425.8615,18.150000,0.00005465,b,l,
1525778196.2788,18.030000,52.21800000,s,l,
1525778199.1358,18.030000,15.56400000,s,l,
1526007577.2735,17.385600,4.01730956,b,l,
1525997034.9925,17.220000,100.00000000,s,l,
1525745440.6595,18.209600,6.88183115,b,m,
1526049755.8366,15.497300,10.14300300,b,m,
1525746882.0897,18.390000,0.00008057,b,l,
1525926339.7557,18.197500,27.95331143,b,l,
1525778218.06,18.000000,12.08999999,s,l,
1525972734.6947,17.850300,9.00000000,s,l,
1525778220.8323,18.000000,26.77777000,s,l,
1525960750.3919,18.750000,3.00000000,b,m,
1525778225.6912,17.999900,100.00000000,b,m,
1525839476.7574,17.150000,412.63874202,b,l,
1525745461.3305,18.210000,100.00000000,b,m,
1526016991.4581,17.556000,3.40540612,b,l,
1525745474.3216,18.210000,39.11736100,b,l,
1525838538.4179,17.133100,6.92000000,s,l,
1526056494.3536,15.590000,3.22847112,b,m,
1525778250.5848,17.920800,991.84500000,s,l,
1525942092.8632,18.032000,25.00000000,s,l,
1525974861.5283,17.920000,3.42037620,s,l,
1525778255.5769,17.911000,0.22299318,s,m,
1525770299.3767,18.500000,185.70531351,s,l,
1526028395.6426,15.710000,3.17510000,s,l,
1525835265.0132,17.274100,9.00000000,s,m,
1525995150.4824,17.534100,10.00000000,s,l,
1525733790.9935,17.862900,8.33002441,b,l,
1526022457.1947,16.370600,0.00015419,s,m,
1525778267.3404,17.918200,12.82660000,b,l,
1525799258.4189,17.900000,0.00035072,s,m,
1525778271.2445,17.900000,101.90511732,s,l,
1525773669.1778,18.200500,3.00000000,b,l,
1525974881.1951,17.964400,19.65265244,b,m,
1525745506.5795,18.210000,0.07500572,b,l,
1526028162.5919,15.710000,0.00000183,s,m,
1525942116.0272,18.000000,5.42578836,b,l,
1526033382.6968,15.383100,3.85266174,b,m,
1525974886.6002,17.971900,28.16719587,b,l,
1526048036.7241,14.989700,9.00000000,s,m,
1525974888.1756,18.000000,241.61114700,s,l,
1525974890.2197,18.000000,10.77211290,s,l,
1525912736.5153,17.962200,426.49800000,s,l,
1525782162.5358,17.992200,8.32000000,b,m,
1526037125.9974,15.000000,8.59661158,s,l,
1526033384.7032,15.300600,4.00500000,s,l,
1525974900.3665,17.920000,22.29518859,s,l,
1525778295.8441,17.880000,18.00000000,s,m,
1525799259.8235,17.900000,69.86678261,s,l,
1526050602.328,15.408100,39.47485053,s,m,
1525835258.9585,17.236400,0.00186125,s,m,
1526024032.0719,15.159400,157.00000000,s,l,
1525746885.2737,18.400000,0.48435058,b,l,
1526041085.516,14.405000,172.00000000,s,l,
1525846678.7573,17.371200,0.00002012,s,m,
1526037126.8573,15.000000,100.00000000,s,l,
1525778328.1596,17.880000,52.21800000,s,l,
1525958565.3806,18.424900,23.40712463,b,l,
1526033391.1525,15.300500,96.06275319,s,l,
1526007709.8744,17.321300,2.38162142,s,m,
1526040479.3105,14.501600,0.39452230,s,m,
1526022942.8517,16.340100,1.09307542,s,m,
1526040485.0428,14.501700,14.96110114,s,m,
1525971659.328,18.300000,27.32240000,s,m,
1525747386.7091,18.500000,246.95483653,b,l,
1526023830.0547,15.100000,17.35633934,s,l,
1526033394.5626,15.300500,100.00000000,s,l,
1525912519.2389,18.500000,19.96855291,b,m,
1526038156.8615,15.068800,0.00090691,s,m,
1526040500.9692,14.647600,10.00000000,b,m,
1526025753.8205,15.355600,810.68845525,b,l,
1526026030.2829,15.914800,92.00000000,b,l,
1525811138.3724,18.170000,53.52962576,s,l,
1526055243.6354,15.420200,4.16000000,s,l,
1526027937.2904,16.010000,203.17817391,b,l,
1526040520.2047,14.502400,20.81470000,s,l,
1525745610.1719,18.240000,3.20691886,s,l,
1526040523.7813,14.500000,6.04961905,s,l,
1525776348.3286,18.100000,52.21800000,b,l,
1526027938.6234,16.010000,0.07131079,s,l,
1525963225.7147,18.402000,0.00000010,s,m,
1526040528.9634,14.501700,3.44000000,b,m,
1526040529.0897,14.500000,4.14127000,s,l,
1526027939.3204,16.010000,203.36679010,s,l,
1526022082.0667,16.400000,37.25455558,s,l,
1525889826.8794,17.740000,570.00000000,s,m,
1526040540.3365,14.500000,33.16759310,s,l,
1525745629.8706,18.200000,30.78578579,b,l,
1526027941.4771,16.010000,0.03130998,s,l,
1525832814.9099,17.572000,172.00000000,b,l,
1526040547.7249,14.450000,0.00000069,s,m,
1525975013.0165,17.920000,78.00230000,s,l,
1525960750.3802,18.700000,24.96504967,b,m,
1526023854.2933,15.000000,4.90000000,s,m,
1526052405.3557,15.419100,62.27550000,b,l,
1526033405.3239,15.300000,91.00000000,s,l,
1526027944.7448,16.010000,414.21000000,s,l,
1526026584.3086,15.510300,0.00012027,s,m,
1526033406.2711,15.300000,100.00000000,s,l,
1525975031.0584,17.920000,0.00005802,s,l,
1526031674.4514,15.123000,116.59900000,b,l,
1525745665.286,18.200000,186.00729535,b,l,
1525835421.0472,17.200000,215.11627906,s,m,
1526055254.1419,15.420300,4.50000000,s,l,
1526028401.1421,15.710000,9.92638700,s,l,
1525975877.1212,17.720300,991.84500000,s,m,
1526055255.4982,15.420000,15.56420233,s,l,
1526027949.557,16.010000,0.00003130,s,l,
1525869156.8137,17.987100,8.32000000,b,m,
1525811217.4818,18.170100,689.09889874,s,l,
1526025128.4954,14.509000,106.80336791,b,l,
1526027950.5438,16.010000,54.21445600,s,l,
1526021706.4732,17.000000,15.00000000,s,l,
1526027951.1145,16.010000,43.64759283,s,l,
1526028402.3981,15.710000,100.00000000,s,l,
1526025111.8923,14.500100,0.00000132,s,m,
1526027953.4489,16.010000,11.86400000,s,l,
1525976028.9414,17.639600,65.22123058,s,m,
1526027954.1179,16.010000,79.92839160,s,l,
1526021768.5388,16.800100,116.10117312,s,m,
1525745712.1761,18.276800,50.00000000,b,l,
1525747631.5371,18.479700,3.81497144,s,l,
1526027955.2289,16.010000,10.17441540,s,l,
1526040628.8638,14.450000,200.00000000,s,l,
1526024038.2653,15.300100,16.37127118,s,l,
1525733857.1446,17.879000,12.01557240,b,l,
1525771350.8004,18.320500,96.25300000,s,l,
1525795992.0063,18.100000,0.05450065,s,m,
1526055263.7665,15.400100,15.58431438,s,l,
1526040639.0939,14.420000,150.00000000,s,l,
1526028403.8782,15.710000,6.37500000,s,l,
1525778501.0857,17.961000,57.84984985,b,l,
1526040648.8176,14.400000,195.00000000,s,l,
1525778505.0965,17.961000,22.34360000,b,l,
1525778506.9252,17.961000,20.80646126,b,l,
1526040652.0231,14.400000,3.83150000,s,l,
1526023617.2797,15.550000,0.00286288,b,l,
1526040656.4902,14.400000,1300.00000000,s,l,
1526040657.7375,14.400000,124.87500000,s,l,
1526040658.0604,14.400000,4.09140000,s,l,
1526007891.8776,17.391500,2.99222033,s,m,
1526040661.5553,14.400000,4.15213000,s,l,
1526029988.5071,15.439900,14.14665692,b,l,
1526040665.497,14.400000,22.07839950,s,l,
1526040666.2795,14.400000,8.99739360,s,l,
1526040667.9279,14.400000,9.08300790,s,l,
1525940581.6276,18.064500,70.05000000,b,m,
1526040672.6034,14.400000,26.72800113,s,l,
1526040673.2373,14.400000,25.21625850,s,l,
1526027963.387,16.010000,43.73848400,s,l,
1526040677.1716,14.400000,0.21135738,s,l,
1525778536.3447,18.000000,490.00000000,b,m,
1525745771.4118,18.250000,26.00000000,b,l,
1525732164.5186,17.788000,64.78869463,s,l,
1526040686.2504,14.400000,24.21106470,s,l,
1525912518.9836,18.137000,114.69483717,b,m,
1526055272.3097,15.400000,95.84000000,s,l,
1526033427.9379,15.300000,100.00000000,s,l,
1525995198.7102,17.523000,54.72521800,s,l,
1525806127.5189,18.201800,5.49395000,b,m,
1526028332.6671,15.710000,0.00000115,s,m,
1526047228.285,14.800000,15.61769536,b,l,
1526027967.7853,16.010000,192.00480300,s,l,
1526040702.069,14.400000,56.24271723,s,l,
1525796787.7233,18.042600,0.34130695,s,l,
1525869345.187,17.865300,0.00004025,s,m,
1525778567.5194,18.000000,430.00000000,b,m,
1525958573.1088,18.440200,8.32000000,s,l,
1525745804.5503,18.230100,5.09253896,s,l,
1526055277.6775,15.381300,77.37900000,s,l,
1525746894.9456,18.400000,0.01771757,b,l,
1525798595.5042,17.961600,99.78048294,s,m,
1525738521.7338,17.800500,4.20000000,b,m,
1526038226.2044,15.194400,21.41999999,b,m,
1526021768.5594,16.790000,53.60333000,s,m,
1526022511.8407,16.590000,9.74111600,s,l,
1526028406.0196,15.710000,71.40352500,s,l,
1525995205.5487,17.510000,28.49002000,b,l,
1526040736.6425,14.400400,6.92000000,s,m,
1526022512.4121,16.590000,141.76337500,s,l,
1526043250.7947,14.758000,49.78297383,s,m,
1525778596.8081,17.985700,16.85243657,s,l,
1526044358.8207,15.019800,16.64000000,b,m,
1526055281.0848,15.410000,100.00000000,s,l,
1526040745.2263,14.408700,74.49610462,b,l,
1526027975.5524,16.010000,49.51853190,s,l,
1526049821.0502,15.496200,33.33333333,b,l,
1526041437.2781,14.610100,34.24970000,s,m,
1525975219.1048,17.997700,113.79389705,b,m,
1526021860.5989,16.836200,112.72716717,b,l,
1525995209.8227,17.510000,16.05985986,b,l,
1525745850.032,18.199000,52.21800000,s,l,
1526049823.6269,15.496200,3.81639982,s,l,
1525975228.7862,18.000300,229.25203211,b,m,
1526024721.9073,14.720100,107.17542104,s,l,
1525975232.9103,18.020500,67.00000000,b,m,
1526021404.8982,17.270000,15.91608117,s,l,
1525745858.0459,18.242400,4.11071526,b,l,
1526027979.5285,16.010000,18.81728059,s,l,
1525745860.3196,18.198900,18.80118502,s,l,
1525836146.9842,17.253600,7.14000000,s,m,
1526064927.5709,15.297800,113.35137763,b,l,
1525973851.2908,17.889900,0.00267967,b,l,
1526055287.4373,15.410000,50.00000000,s,l,
1525745868.9692,18.199000,49.86400000,s,l,
1526033442.6398,15.300000,73.95796800,s,l,
1525761193.4775,18.377200,49.95000000,b,l,
1526024725.2002,14.710000,999.38761919,s,l,
1526040786.9356,14.408000,81.14937397,b,l,
1526055289.5109,15.382600,3.57000000,s,l,
1525885988.9712,17.999900,3.30146187,b,l,
1526053504.6146,15.415000,57.11061953,s,l,
1525958193.8753,18.200000,3.00000000,b,l,
1526040796.2818,14.407900,25.31774952,b,l,
1525842298.7939,17.275200,26.10763584,s,l,
1525778656.1351,17.985700,52.21800000,s,l,
1525962448.5911,18.400000,991.84500000,s,m,
1525787686.1224,17.880700,52.21800000,s,l,
1525747988.4696,18.470000,13.89708900,b,l,
1525962449.4994,18.373000,10.00000000,s,m,
1525805818.8725,18.170000,53.75391855,s,m,
1526023403.3632,15.720200,0.21903519,s,m,
1525888744.0703,17.784800,0.00000079,s,l,
1525780004.6564,17.750000,106.68756316,b,l,
1525885576.7984,17.914800,9.47777785,b,m,
1526028409.6289,15.750000,364.51078126,s,l,
1526027988.2834,16.010000,72.35407350,s,l,
1526033450.917,15.300000,100.00000000,s,l,
1525811454.6215,18.130000,131.53098197,b,l,
1526024970.7683,14.500200,34.50930000,s,m,
1526024045.4374,15.376100,16.21060000,b,l,
1526033452.325,15.300000,100.00000000,s,l,
1526033453.4443,15.300000,100.00000000,s,l,
1526054597.2496,15.355500,0.08395403,s,m,
1526031006.8634,15.359000,0.00739749,s,m,
1525782233.5341,17.992400,97.17856080,b,l,
1526023879.8762,14.944500,399.50000000,s,l,
1526040859.7317,14.487600,7.14000000,s,m,
1526000689.4303,17.396500,3.43402000,s,l,
1525930479.6598,18.027000,0.00264984,b,l,
1526033458.3019,15.300000,37.58737500,s,l,
1526044381.914,15.020000,15.97869507,b,l,
1525778738.6793,17.961000,5.00000000,s,l,
1526023392.4446,16.000000,31.00000000,s,m,
1526061121.7047,15.130700,42.03557374,s,m,
1525741505.667,17.829200,0.00000219,b,l,
1525975877.4397,17.580000,3.00000000,s,m,
1526028000.7361,16.010000,87.45000000,s,l,
1525975362.5408,17.933000,15.90000000,s,l,
1525975363.8248,17.933000,121.10000000,s,l,
1526031255.7249,15.280900,9.74672384,s,l,
1526051470.5843,15.420700,6.92000000,s,l,
1525924236.5133,17.900900,142.16600000,b,m,
1526030636.5151,15.397100,51.34333333,b,m,
1525811536.4501,18.100000,250.00000000,s,l,
1526028412.4948,15.710000,239.47316104,s,m,
1525776361.0231,18.100000,123.34745055,b,l,
1525975382.895,17.931300,56.00000000,b,l,
1526033465.6811,15.300000,100.00000000,s,l,
1525858703.5379,17.652600,17.92305900,b,m,
1526040926.9758,14.461300,1300.00000000,s,l,
1526040927.002,14.399000,202.00000000,s,l,
1526040928.2252,14.300000,34.54080000,b,l,
1526040929.4944,14.300000,0.06365424,b,l,
1526040930.4667,14.300000,580.56528657,b,l,
1526040931.8163,14.300000,34.61523077,b,l,
1526040932.7242,14.300000,146.83793794,b,l,
1526040933.39,14.300000,55.75706297,b,l,
1525760046.9562,18.377300,0.00912617,b,m,
1526021866.9574,16.769200,0.00000129,s,m,
1525962945.5279,18.393600,11.64726272,s,m,
1525975406.9972,17.900000,14.00000000,s,l,
1525771325.6066,18.386400,5.00000000,s,l,
1526053509.374,15.400000,74.65602795,s,l,
1526040947.2479,14.524400,7.38427837,b,l,
1526040949.7657,14.420100,32.17373800,s,l,
1526040951.1698,14.411100,10.00000000,b,l,
1526040952.0701,14.411100,63.90830831,b,l,
1526040955.3223,14.411100,31.29053143,b,l,
1526040956.6486,14.440000,31.29100000,s,l,
1526040958.3403,14.411100,23.26280000,b,l,
1526040959.7301,14.411100,3.00300300,b,l,
1526040960.7922,14.410200,10.00000000,s,l,
1526049856.9754,15.411200,127.12398856,s,m,
1526040965.4592,14.410000,500.00000000,b,l,
1526040966.6067,14.410000,47.74424424,b,l,
1525820481.4239,17.900000,0.01477008,b,l,
1526040968.6704,14.380100,483.95645646,s,l,
1526040969.2656,14.410000,113.79309309,b,l,
1526040970.0929,14.410000,4.06976977,b,l,
1525975435.5957,17.900000,1385.00000000,b,m,
1526040972.6377,14.410000,100.00000000,b,l,
1526040973.3279,14.390000,500.00000000,s,l,
1526028013.1819,16.010000,6.26000000,s,l,
1526040976.35,14.410000,100.00000000,b,l,
1526024634.6146,14.710000,122.62480924,s,l,
1526040978.2961,14.410000,100.00000000,b,l,
1526040980.9636,14.410000,100.00000000,b,l,
1526028014.863,16.010000,50.00000000,s,l,
1526040982.8296,14.410000,195.19519520,b,l,
1526040983.2281,14.410000,140.63208427,b,l,
1526040984.4412,14.430000,3.03662587,s,l,
1526040985.3613,14.410000,32.20834461,s,l,
1526040986.2109,14.409000,168.00000000,s,m,
1526028015.3317,16.010000,73.61476599,s,m,
1526033477.2406,15.120000,49.49110000,s,l,
1525754541.0555,18.297000,0.00008841,s,m,
1526039326.6977,14.700000,18.89413676,s,l,
1526050731.4159,15.416900,6.38151800,s,m,
1526033478.1566,15.120100,33.09450000,s,l,
1526040998.0755,14.440000,500.00000000,s,l,
1526028017.7274,16.010000,97.14860620,s,l,
1525746855.954,18.300000,32.43322180,b,l,
1525942701.7439,18.093900,5.00000000,b,m,
1525868922.8049,17.849900,0.00000213,b,l,
1526033480.6502,15.114200,56.09000000,s,l,
1525975228.7898,18.019600,5.56965222,b,m,
1526041014.3914,14.433900,3.46406723,s,m,
1525778873.8223,17.902700,0.09940575,s,m,
1525975482.9533,17.830700,3.94028208,s,l,
1526041026.3841,14.460000,12.00000000,b,m,
1525771339.7385,18.338600,44.05342093,s,m,
1526040928.3092,14.300000,1375.91252151,b,l,
1526041029.2941,14.410300,10.00000000,s,l,
1526041031.8737,14.450000,93.00000000,b,l,
1526033484.1071,15.114200,29.47956984,s,l,
1525778890.0901,17.902700,52.21800000,s,l,
1525776365.5219,18.100000,31.52622623,b,l,
1525746126.0689,18.220000,52.21800000,b,l,
1525778896.9348,17.902700,22.15954992,s,l,
1526033486.3053,15.114300,43.91000000,s,l,
1526025006.2951,14.500000,46.04490894,s,m,
1526033487.6157,15.100000,2.31924491,s,l,
1525776370.929,18.100000,20.00000000,b,l,
1526028026.3887,16.010000,0.72151087,s,l,
1526041058.1446,14.410000,19.98725885,s,l,
1526042223.4989,15.018400,18.00000000,b,m,
1525778916.9414,17.892300,52.21800000,s,l,
1526037146.869,15.000000,100.00000000,s,l,
1526008295.2219,17.472100,0.03113167,b,m,
1526041065.8551,14.409000,159.00000000,s,l,
1526023480.2412,15.645400,2.99222023,s,m,
1526041069.863,14.409000,121.15500000,s,l,
1525746161.7032,18.220000,47.74381407,b,l,
1526033491.5436,15.100000,47.09000000,s,l,
1526041076.3898,14.406000,172.00000000,s,l,
1526041077.2788,14.406000,30.96649108,b,l,
1526048984.0936,15.121400,27.83580928,b,l,
1525972770.5397,17.816000,343.42970000,s,l,
1526041085.5265,14.405000,49.48228126,s,l,
1526033493.1704,15.100000,100.00000000,s,l,
1525912519.4114,17.912100,6.92000000,s,m,
1525995264.458,17.470000,4.00400400,b,l,
1525771350.8165,18.303600,0.11156677,s,l,
1526028418.5854,15.710000,100.00000000,s,l,
1525958195.6927,18.223800,79.96850000,s,l,
1525778952.1361,17.880000,52.21800000,s,l,
1525997039.3958,17.220000,0.07966642,b,l,
1526041100.2501,14.405000,122.51771874,s,l,
1525912509.0692,18.080000,0.08715223,b,m,
1525746197.6566,18.220000,3.00000000,b,l,
1525958186.3953,18.170000,0.00013965,b,l,
1526041604.0233,14.566000,200.00000000,s,m,
1526027937.2703,15.808000,6.97715127,b,l,
1525975577.5234,17.830000,14.42167399,s,l,
1526035320.2255,15.285000,100.00000000,s,l,
1526033498.3568,15.100400,6.92000000,s,l,
1525779251.3033,17.879800,4.19303169,b,m,
1526025285.7132,14.715000,181.00000000,b,m,
1526056518.8149,15.403800,51.64011550,s,l,
1526033501.5566,15.100100,66.86250000,s,l,
1525746908.5735,18.450000,18.78200000,b,m,
1526028041.8327,16.010000,4.57537962,s,l,
1526022580.5584,16.568700,10.00000000,b,l,
1526033503.2182,15.100200,33.13810000,s,l,
1526027329.3174,15.565900,12.26560000,b,l,
1526033505.0521,15.100100,92.86000000,s,l,
1526026238.4833,15.637600,20.00000000,b,m,
1525975629.7571,17.830000,2.86000000,s,m,
1526041167.2682,14.420100,10.37100000,s,l,
1525755638.5998,18.255100,0.09184915,b,l,
1526033483.7255,15.114300,33.10720000,s,l,
1526033508.6016,15.100100,66.86190000,s,l,
1525779037.1993,17.880000,21.68153244,s,l,
1526037150.1564,15.000000,122.14491277,s,l,
1526053517.4151,15.304200,0.19785520,s,m,
1526028048.3976,16.010000,5.18000000,s,l,
1525912519.3235,18.750000,49.96003881,b,m,
1525957052.6017,18.036000,2.37887301,b,l,
1525838887.5586,17.030700,29.93000000,s,m,
1526058579.3419,15.231000,5.00000000,s,l,
1526024057.4869,15.418000,14.79261709,s,l,
1526021951.7219,16.600000,0.00257242,s,m,
1525877365.7091,17.799900,20.00000000,b,l,
1525975671.9304,17.830300,9.00000000,s,l,
1526044436.5516,15.032800,44.41040000,b,m,
1526041211.7003,14.522000,3.00000000,b,m,
1525975676.1014,17.830400,6.92000000,s,l,
1526024547.0386,14.781800,30.64493146,s,m,
1525975679.4199,17.830000,131.04610611,s,l,
1525975682.6173,17.830000,84.69584293,s,l,
1525839318.1684,17.087100,7.14000000,s,l,
1525746308.4425,18.230000,500.00000000,b,l,
1525975686.8157,17.830000,115.24087200,s,l,
1525746311.1026,18.219600,20.00000000,s,l,
1525975689.8134,17.830200,8.32000000,s,l,
1525746314.7644,18.219500,7.84421489,b,l,
1525913367.4772,17.940100,334.24045525,s,l,
1526041229.2616,14.460100,0.38057076,s,m,
1525975694.0448,17.830000,115.30668455,s,l,
1525975695.6159,17.830000,69.75867100,s,l,
1525975697.291,17.830000,115.30257449,s,l,
1525975701.6728,17.830000,111.78528864,s,l,
1525975702.0226,17.830000,9.52740000,s,l,
1525746328.0667,18.219500,52.21800000,b,l,
1525996096.2402,17.358800,0.00000032,s,m,
1525975706.6901,17.830000,45.46638216,s,l,
1525975707.3404,17.830000,62.81850000,s,l,
1526028423.2368,15.687000,6.37472000,s,l,
1525975709.5666,17.830000,105.44535500,s,l,
1526041394.8306,14.705800,9.08623100,s,l,
1525975711.8382,17.830000,116.11761663,s,l,
1525975712.3409,17.830000,509.20217611,s,l,
1526053036.7866,15.636000,55.54192703,b,m,
1526025191.2928,14.509000,188.00000000,b,l,
1525857116.7552,17.500000,9.55487429,s,m,
1526028060.0619,16.014200,3.12199508,b,l,
1526033522.4185,15.100000,66.86280000,s,l,
1525751388.3524,18.499700,0.00011392,b,m,
1526041268.724,14.633500,20.00000000,b,m,
1525776082.5761,18.150000,102.27505452,s,l,
1526033524.6909,15.100000,22.95280000,s,l,
1525747784.9021,18.303100,1300.00000000,s,l,
1526041283.7711,14.643700,0.02034780,b,l,
1526033526.7912,15.100000,100.00000000,s,l,
1525838838.9417,17.030000,5.87199000,s,m,
1525778161.1133,18.108000,0.00031681,s,l,
1526043250.7856,14.758500,67.75756300,s,m,
1525844683.7532,17.290000,0.49828957,s,l,
1526021045.1493,17.226100,0.00023719,s,m,
1526037291.2595,14.956900,0.00000254,b,l,
1526006221.5031,17.400400,51.68000000,s,m,
1525912765.7627,17.986700,30.79017900,s,l,
1526037154.0818,15.000000,3.00000000,s,l,
1526028425.6851,15.610200,32.05550129,s,l,
1525746395.4014,18.181900,3.40322580,s,l,
1526033530.6255,15.100100,11.47095023,s,l,
1525746400.7613,18.170000,52.21800000,b,l,
1526032573.2386,15.396500,0.01942111,b,m,
1526021722.6467,16.945200,0.00000014,s,l,
1525779176.4903,17.851800,333.81437130,s,m,
1525746409.6801,18.170000,52.21800000,b,l,
1526032927.218,15.251000,9.00000000,s,l,
1525930482.8073,18.050000,19.98000000,s,l,
1525943021.1716,18.000000,91.86818325,s,l,
1525780511.5408,17.819200,0.36430658,s,l,
1525958633.8446,18.600000,734.41285088,b,l,
1525811291.8864,18.239300,41.00000000,b,m,
1525746419.3723,18.167800,0.10718430,s,m,
1525738882.9861,17.686800,0.00017168,s,m,
1526033534.466,15.100000,100.00000000,s,l,
1525975799.3742,17.760000,11.53674995,s,l,
1526041338.1718,14.825200,3.00000000,b,m,
1526051533.2794,15.742600,15.24525808,b,m,
1525982856.4269,17.454300,1.06301583,s,m,
1525746438.7458,18.170000,8.00000000,b,l,
1525975877.5144,17.400000,10.00000000,s,m,
1525746441.331,18.170000,20.00000000,b,l,
1525869698.6623,17.821700,50.13494494,s,l,
1525809624.1964,18.213700,0.05387119,s,l,
1525811986.116,18.141200,52.66000000,b,l,
1525760009.2586,18.377200,3.26955521,b,l,
1526044794.2085,15.088300,91.00000000,s,l,
1526027336.6477,15.565900,0.05182039,b,l,
1525746457.1848,18.170000,52.21800000,b,l,
1526041370.0752,14.704900,23.00220228,s,m,
1526021706.4607,17.000000,20.00000000,s,l,
1526041374.9106,14.824400,115.72000000,b,m,
1526028080.3388,16.010000,0.00000001,s,l,
1525779237.2725,17.851800,174.67329905,s,m,
1526028081.3155,16.010000,0.00231381,s,m,
1525746474.1199,18.170000,52.21800000,b,l,
1525746475.689,18.170000,20.00000000,b,l,
1525962960.4498,18.494600,115.04958648,b,m,
1526041394.8369,14.705400,169.04283920,s,l,
1525779251.3196,17.880000,553.35849553,b,m,
1526061162.1508,15.120000,3.50000000,s,l,
1525975902.7532,17.177300,299.64214399,s,m,
1526027156.3372,15.655200,6.00000000,s,l,
1525975865.4835,17.823200,13.98600000,b,l,
1525776863.2901,18.120000,1300.00000000,b,l,
1525844797.6684,17.348500,60.00000000,b,m,
1526041407.0377,14.654100,4.02253000,s,l,
1526024064.5173,15.379700,1103.87007079,s,m,
1525804171.7658,18.140000,0.00005465,b,l,
1525975877.4063,17.650000,22.92700000,s,m,
1525975880.0249,17.822700,26.00000000,b,m,
1525877577.8521,17.842300,11.20934000,b,l,
1525975887.9017,17.747300,26.95359057,b,l,
1526041424.1741,14.689200,94.88192005,b,m,
1526044472.2793,15.020000,25.99980000,s,l,
1526026438.1343,15.317400,3.26426156,s,m,
1526059535.8108,15.440000,0.18030912,b,m,
1525877591.2702,17.800300,10.00000000,s,m,
1526021768.5551,16.790000,100.00000000,s,m,
1525975899.7515,17.718400,393.88000000,s,l,
1526041436.7537,14.649900,50.00000000,b,m,
1526041437.133,14.649900,5.00500501,b,l,
1525975902.631,17.311100,109.77000000,s,m,
1526041439.475,14.649900,4.08375375,b,l,
1526033553.8703,15.100400,33.13770000,s,l,
1526028092.9009,16.013800,38.71144796,b,m,
1525779307.8523,17.880000,30.03003003,b,l,
1526028093.5376,16.010000,141.91455135,s,l,
1525975922.2582,17.638700,991.84500000,s,l,
1525975923.7309,17.638700,0.00000012,s,m,
1525975928.1428,17.638800,116.84853215,s,l,
1525975929.9437,17.638800,425.00353215,s,l,
1525975930.6104,17.638800,116.38550000,b,l,
1525975931.8771,17.638800,156.61877311,b,l,
1525975932.7891,17.638800,102.72566766,b,l,
1525975933.6002,17.638800,787.56345204,b,l,
1525975934.8498,17.638800,15.18630091,b,l,
1525975935.8976,17.638800,33.23210000,b,l,
1525975936.7925,17.638800,946.90441142,b,l,
1525975937.9647,17.638500,56.69416300,s,l,
1526031779.9424,15.210000,38.73339712,b,m,
1525975940.2718,17.638400,424.06449247,b,l,
1525975941.8282,17.682100,10.00000000,b,l,
1525975943.0888,17.710100,100.17776501,s,l,
1526028098.9012,16.010000,24.69164117,s,l,
1525975951.5473,17.676500,116.13790000,s,m,
1525975953.8838,17.710000,15.82181391,b,l,
1525975956.4085,17.675900,951.27458412,s,l,
1525779349.2401,17.800200,192.20965834,s,l,
1525975961.28,17.742700,6.35144220,s,l,
1526041499.9477,14.600200,4.57597400,s,l,
1526041500.2519,14.600200,4.57588000,b,l,
1525975968.0791,17.717600,0.00058452,s,m,
1525875184.4568,17.700000,28.93056672,s,m,
1525738882.9791,17.686800,55.19500000,s,m,
1525975972.0003,17.717600,30.21700000,s,l,
1525798726.6378,18.063800,2.24336692,b,m,
1525975975.6246,17.694100,991.84500000,s,l,
1525779370.4493,17.880000,22.42163163,b,l,
1525779371.4373,17.880000,45.20700000,b,l,
1526041516.341,14.597900,33.23000000,s,l,
1526023369.0033,16.110000,100.00000000,s,l,
1526028104.2893,16.010000,301.55117381,s,l,
1526041524.9281,14.597700,100.00000000,b,l,
1525840758.8579,17.299900,260.73409579,b,m,
1526041526.2212,14.597700,11.51886833,b,l,
1525975991.1077,17.730000,991.84500000,s,l,
1526041531.7192,14.650000,5.00000000,b,m,
1525761194.5087,18.412000,103.06870000,s,l,
1526028106.1579,16.010000,23.75920000,s,l,
1526041536.5736,14.600000,3.00000000,s,m,
1525976004.5435,17.730400,203.08886037,s,l,
1525775544.5763,18.150100,4.02222730,s,m,
1526041544.0451,14.600000,14.33574990,s,l,
1526044800.7048,15.088300,83.08000000,s,l,
1525976013.8229,17.730000,352.91916526,s,l,
1525780345.5184,17.808000,179.60487127,s,m,
1525746641.5895,18.230000,48.00000000,b,m,
1526041558.4833,14.619900,17.45020000,b,l,
1525976028.9435,17.639600,0.16344942,s,m,
1525809073.3583,18.264700,8.32000000,b,l,
1526041578.7503,14.619900,48.24070000,b,l,
1525959693.0427,18.600000,46.09165000,b,m,
1525732554.8047,17.806200,0.84291015,b,l,
1526017192.8306,17.646700,81.70000000,b,l,
1525806935.4862,18.078400,0.22811260,s,m,
1525782355.943,17.999400,50.00000000,b,m,
1525739285.9403,17.905500,80.66313364,b,m,
1526024242.0568,15.150000,411.22594719,s,l,
1526033577.7466,15.110000,125.00000000,s,l,
1525832803.0401,17.547000,176.00000000,b,l,
1525991486.6718,17.499900,277.25309287,s,m,
1525907968.1104,17.767800,5.19864906,b,m,
1526041603.9999,14.583300,386.35000000,s,m,
1526041604.0458,14.550100,181.25429942,s,m,
1526050071.7715,15.428500,124.89240000,b,l,
1525958603.4586,18.550000,88.87636157,s,l,
1526037414.0877,14.954000,196.00000000,s,l,
1525779475.5009,17.880000,13.43613614,b,l,
1526024071.1187,15.438000,159.00000000,b,l,
1526041622.2545,14.570100,6.00000000,s,m,
1525903817.4981,17.510000,30.00000000,s,l,
1525976089.277,17.700000,0.50259176,b,l,
1526033583.4634,15.070600,33.20320000,s,l,
1526064927.5537,15.200000,0.00006297,b,l,
1525867073.9338,17.815200,3.34432501,b,l,
1525895318.3208,17.650000,399.73900000,b,l,
1525976096.3844,17.713100,66.49800000,s,l,
1526040998.0903,14.430100,8.03786100,s,l,
1525943334.4273,18.000800,6.92000000,s,m,
1526033585.839,15.110100,100.00000000,s,l,
1525886621.3586,17.947100,0.03643508,s,m,
1525765474.4752,18.340000,2.58396947,s,l,
1525773112.268,18.100800,9.00000000,s,m,
1525976112.5946,17.640300,10.00000000,s,l,
1525780750.8214,17.809800,3.21117119,s,m,
1526006614.2773,17.506800,6.92000000,b,m,
1525976117.9494,17.698000,426.49800000,s,l,
1525976120.8699,17.640100,875.46870000,b,l,
1525976123.8731,17.703800,424.53130000,s,l,
1526039050.2723,14.931400,33.51272123,s,l,
1525779518.9649,17.880000,100.74570000,b,l,
1525779519.9859,17.880000,104.40470616,b,l,
1525779525.7817,17.881000,15.00000000,b,m,
1526041670.493,14.579900,7.02556502,b,l,
1526041671.313,14.579900,200.00000000,b,l,
1526023448.0284,15.720400,2.99520772,b,l,
1526023400.7272,16.000000,15.16613576,s,l,
1525817444.9935,17.969300,0.00000212,b,l,
1526024073.6341,15.440000,20.80050050,s,l,
1526028131.2161,15.895000,3.14564328,s,m,
1525966055.7351,18.470000,20.00000000,s,l,
1526041686.7666,14.579900,95.93204895,b,l,
1526041687.1207,14.579900,100.00000000,b,l,
1526041688.1465,14.579700,4.42651849,b,l,
1526028132.0775,15.885400,10.00000000,s,l,
1526041690.507,14.580000,100.00000000,b,l,
1525845083.103,17.300100,3.20000000,s,m,
1526041693.4415,14.580000,100.00000000,b,l,
1526041696.6176,14.580000,100.00000000,b,l,
1525912519.1612,18.500000,0.00000024,b,m,
1525779558.1318,17.881000,485.00000000,b,l,
1525774205.9358,18.244000,13.55831356,b,l,
1525779562.447,17.888100,43.52652881,b,l,
1526024074.2048,15.398900,10.00000000,b,l,
1525976175.9095,17.703200,142.16600000,s,l,
1525877873.1574,17.931300,7.14000000,b,m,
1525976179.1114,17.703200,50.00000000,b,l,
1525746804.9879,18.230000,1225.06691403,b,l,
1525746805.009,18.230000,0.00078272,b,l,
1526041720.7755,14.645100,50.00000000,b,l,
1526041604.0152,14.576000,108.99521283,s,m,
1526026670.5139,15.750000,1000.00000000,b,m,
1525975902.6757,17.300000,69.94178035,s,m,
1525976195.8953,17.641100,116.37100000,s,m,
1525746822.4027,18.250000,118.58838761,b,l,
1525779591.1793,17.888100,85.71440000,b,l,
1525746824.1049,18.250000,0.03134888,b,l,
1525976201.8798,17.703200,426.49800000,b,l,
1525746826.294,18.276800,0.00063622,b,l,
1526033602.5787,15.050000,100.00000000,b,l,
1526041743.3533,14.650000,222.01729550,b,l,
1526044744.0292,15.088100,0.13622986,s,m,
1526021768.5175,16.850000,25.00000000,s,m,
1526037070.7303,15.050000,3.00000000,s,l,
1525845147.0274,17.349900,14.00000000,b,l,
1525976221.0757,17.703200,373.18100000,b,l,
1525976223.8147,17.713300,53.31700000,s,l,
1525976224.89,17.703200,4.49312484,b,l,
1525746850.5973,18.300000,692.22959738,b,l,
1525746851.536,18.300000,1300.00000000,b,l,
1525746852.7958,18.300000,178.21981982,b,l,
1525746854.8652,18.300000,1300.00000000,b,l,
1525746855.2374,18.300000,0.03987230,b,l,
1526007709.8715,17.321300,997.61837858,s,m,
1525891641.5217,17.737400,0.00267331,b,m,
1526033487.068,15.114200,15.87910706,s,l,
1526025377.4229,15.010300,141.68823088,s,l,
1526033608.8357,15.049900,76.10577517,b,l,
1525746867.4353,18.330000,117.81742879,b,l,
1525746868.0729,18.330000,0.31767555,b,l,
1526039070.9727,14.908600,83.36262997,s,l,
1525746871.4955,18.350000,122.11736100,b,l,
1525746872.9269,18.367900,3.75618498,b,l,
1525746876.2925,18.390000,27.22400000,b,m,
1526023667.2672,15.550200,3.59591514,s,l,
1525746878.9489,18.390000,52.21800000,b,l,
1525746882.08,18.390000,32.52499257,b,l,
1526049995.2283,15.440800,10.00000000,s,l,
1525746885.2792,18.400000,32.61814003,b,l,
1525746886.3342,18.400000,100.00000000,b,l,
1525746893.9885,18.399200,4.02684563,s,l,
1525746894.9478,18.400000,0.00002273,b,l,
1525746896.6182,18.400000,20.00000000,b,l,
1525746897.2808,18.399200,4.03745863,s,l,
1525746899.5191,18.399200,60.00000000,s,l,
1525746900.1284,18.400000,10.01001001,b,l,
1525779669.767,17.888100,0.02175455,b,l,
1526028214.3089,15.882800,12.48057889,b,m,
1525926339.7336,18.176800,3.27641142,b,l,
1525746908.5568,18.450000,4.00000000,b,m,
1525746910.7997,18.450000,500.00000000,b,m,
1525746912.8696,18.450000,25.54838247,b,l,
1526026920.2331,15.880000,0.03703220,b,l,
1526041828.7457,14.770000,4.19327551,b,l,
1525842470.8649,17.300000,0.00000001,s,m,
1525746918.7728,18.450000,91.40402710,b,m,
1526041832.2496,14.769900,13.76500000,b,l,
1525976297.4041,17.759500,19.50000000,b,m,
1525845227.1735,17.397400,7.14000000,b,l,
1525973284.3506,17.958700,115.04958648,b,m,
1525912591.1091,17.954700,97.72715939,s,m,
1526042223.509,15.069900,11.12398665,b,m,
1526039081.6134,14.880000,100.00000000,s,l,
1525976314.3703,17.709000,142.16600000,s,l,
1525766015.0369,18.350000,8.98910000,b,l,
1525864320.1639,17.872500,10.00000000,s,l,
1525976326.8476,17.735200,426.49800000,s,l,
1525779720.3067,17.993500,4.00122259,b,l,
1526025639.3299,15.250300,3.50404378,s,l,
1526028162.5899,15.710000,0.00298244,s,m,
1526039085.1194,14.870000,122.00000000,s,l,
1525786021.7686,18.036500,120.33228176,b,m,
1526021706.4169,17.010000,59.96403880,s,l,
1526033627.0963,15.034700,140.49398915,s,m,
1525960819.294,18.677400,0.05590650,s,m,
1525976365.8045,17.740800,426.49800000,s,l,
1525772530.3783,18.146100,42.68000000,s,m,
1526047236.301,14.799900,0.00008097,b,l,
1526050014.1012,15.402900,41.87530000,b,l,
1525973556.7924,17.779600,30.00000000,b,l,
1525976381.7862,17.729900,3.36673131,b,l,
1525779777.2804,17.950000,105.83691428,s,l,
1525779778.4476,17.950000,52.21800000,s,l,
1525779780.2774,17.950000,6.12855919,s,l,
1525747019.8198,18.404400,4.03961062,b,l,
1525944016.8456,18.065700,3.08000000,b,m,
1526050019.0827,15.429100,79.80000000,b,l,
1525940793.3628,18.116600,3.74579667,b,m,
1525747034.754,18.416400,4.02853544,b,l,
1526024082.3801,15.376100,16.21100000,s,l,
1526039911.1448,14.708600,7.86998153,b,l,
1525997095.6789,17.100000,433.72891488,s,m,
1525975877.1137,17.750000,28.16901000,s,m,
1526050025.3764,15.402900,810.68845525,s,l,
1526025174.5667,14.508000,34.47847646,b,l,
1526040986.2139,14.405000,161.00000000,s,m,
1525812606.0617,18.030400,6.92000000,s,m,
1526041986.069,14.809700,22.88740000,b,l,
1526033643.5262,15.099900,39.04471426,b,l,
1525972822.4018,17.830700,0.38129680,s,l,
1526044566.6528,15.044000,168.00000000,b,m,
1526041991.5567,14.823000,100.00000000,b,l,
1526027942.0987,16.010000,395.61203989,s,l,
1525779850.4585,17.813000,9.00000000,s,l,
1525779851.5065,17.800000,3.02626960,b,l,
1525779852.647,17.800000,228.40443733,b,l,
1525910925.1152,17.855400,55.47956000,b,m,
1525779854.9772,17.800000,116.31190000,b,l,
1525910927.5495,17.855300,114.69483717,b,m,
1525747089.2161,18.450000,52.21800000,b,l,
1525753028.245,18.420600,0.00259014,b,m,
1525779862.5002,17.800000,16.55280000,b,l,
1525779863.9647,17.800000,7.53031024,b,l,
1526064040.8625,15.088100,79.12361527,b,l,
1526024084.3118,15.371600,32.53053053,b,l,
1525747102.5143,18.450000,36.93551399,b,l,
1525770852.314,18.379100,54.40962800,s,l,
1525806127.5283,18.228900,415.77738221,b,m,
1525976484.1858,17.739500,4.90610000,b,l,
1525779877.4191,17.797600,38.36100000,s,l,
1526051115.4722,15.452700,5.49619620,b,l,
1525877873.1498,17.900000,0.04425635,b,m,
1525787891.7524,17.880700,3.82155620,s,m,
1526028190.5705,15.755500,0.19576200,s,m,
1525808281.5514,18.250000,0.04997240,b,m,
1526042044.2236,14.849900,22.13770000,b,l,
1526042050.9161,14.850000,85.16569959,b,l,
1525864583.3065,17.914900,1.76636285,b,l,
1525779908.0329,17.800000,12.94774775,b,l,
1525776399.4117,18.100000,991.84500000,b,l,
1525901879.2837,17.580000,84.72617632,s,l,
1526042058.8707,14.850000,85.85485485,b,l,
1525976524.3334,17.740000,101.30142421,b,l,
1526042064.2962,14.850000,796.31483246,b,l,
1526042065.4082,14.850000,46.10840000,b,l,
1526042066.0656,14.850000,36.39120000,b,l,
1525747157.8775,18.431500,6.00000000,b,m,
1526024086.1124,15.300100,3.00000000,s,l,
1525779928.0262,17.790600,3.00000000,s,l,
1525749668.9626,18.326600,0.00000209,b,l,
1526024506.124,14.910000,0.49800599,s,m,
1525779936.7597,17.788700,11.90080079,b,l,
1525973584.2264,17.790300,4.70634679,b,l,
1525779938.0674,17.788700,130.39630051,b,l,
1526042083.3088,14.890000,22.91840000,b,l,
1525779942.7605,17.788700,4.21348314,b,l,
1526042087.785,14.871300,394.29000000,s,l,
1525812712.5468,18.020000,0.02388522,s,m,
1526000892.9071,17.394000,0.16098614,b,l,
1526042090.6375,14.871300,400.41000000,b,l,
1525779948.2525,17.788700,11.90040040,b,l,
1525779949.9554,17.788700,52.46146146,b,l,
1526042096.8287,14.871200,124.85775685,b,l,
1526042100.4427,14.871200,866.98724315,b,m,
1526042103.4387,14.871200,4.02099099,b,l,
1526051739.7161,15.451100,7.14000000,s,l,
1525770945.3352,18.351000,6.92000000,s,l,
1525943807.3133,18.109500,6.92000000,b,m,
1526029343.0106,15.400000,0.25383183,s,m,
1525746826.3028,18.300000,595.97358470,b,l,
1525779972.2329,17.800000,52.12053708,b,l,
1525926341.3581,18.200000,0.01691782,s,l,
1525779978.5579,17.800000,11.85920666,b,l,
1525779979.5079,17.800000,77.12750000,b,l,
1526042873.6026,14.875100,4.15316685,s,l,
1525886211.9262,18.048100,0.61832284,b,l,
1526051128.0634,15.453100,14.99300000,s,l,
1525991486.6809,17.479700,124.25853674,s,m,
1525976598.9125,17.801900,4.81350937,b,l,
1525886212.0002,18.048100,5.07822284,b,l,
1525779994.5393,17.800000,1182.71945258,b,l,
1525747232.7427,18.450000,75.00000000,b,m,
1525780001.1871,17.811700,6.92000000,s,l,
1525780003.3763,17.750000,6.24515442,b,l,
1525780004.0274,17.750000,106.58430000,b,l,
1525959712.0566,18.500700,7.14000000,s,m,
1526042152.072,14.870900,0.00012442,s,m,
1525747244.7932,18.450000,5.85188380,b,l,
1525832050.683,17.574500,0.26632771,s,m,
1525758227.3227,18.220000,0.49746234,s,l,
1526030636.5278,15.457900,301.98909945,b,m,
1525747261.5105,18.450000,113.09070000,b,l,
1525747263.4816,18.450000,52.21800000,b,l,
1526036092.8543,15.258300,9.00000000,s,l,
1526028214.2878,15.729200,42.02885098,b,m,
1526026943.9201,15.884600,100.00000000,s,l,
1525958622.6949,18.502300,249.55081266,s,l,
1525749687.6119,18.333000,16.04615260,b,l,
1525976655.6309,17.810000,65.00000000,s,l,
1525880760.5941,17.940000,35.83702447,b,l,
1525943890.7039,18.101900,7.14000000,b,m,
1525921524.7888,17.797700,0.00268037,b,l,
1525851927.5416,17.450000,67.00000000,s,l,
1525880762.8951,17.940000,10.00000000,b,l,
1525747294.5512,18.452200,4.02236884,b,l,
1525912519.1575,18.500000,0.09569354,b,m,
1526001177.4747,17.400000,90.11772466,b,l,
1526042213.6835,15.000000,22.00000000,b,m,
1526042219.9887,14.918600,33.54150000,s,l,
1526042221.4705,14.918300,153.06407634,s,l,
1526042222.1088,14.918400,33.54150000,b,l,
1526042223.5144,15.082600,5.60400000,b,m,
1525739285.9473,17.922200,20.00000000,b,m,
1525747313.2841,18.423000,43.45613643,s,l,
1525921525.8366,17.798900,139.04990000,s,l,
1526042231.2618,14.918900,100.00000000,s,l,
1526042232.316,14.918900,100.00000000,s,l,
1526042233.7707,14.919000,33.54060000,s,l,
1526053552.5879,15.305100,24.34300000,s,l,
1526042237.6708,14.918700,66.45940000,s,l,
1525868463.5294,17.943900,3.13274550,b,m,
1525809139.523,18.269900,221.80219780,b,l,
1525975902.672,17.300000,10.00000000,s,m,
1526042242.7462,14.920000,8.31510000,b,l,
1526021706.525,16.900500,0.04452081,s,m,
1526042245.1992,14.918800,33.54100000,s,l,
1526042247.6736,14.910900,66.44140000,s,l,
1526042251.3379,14.910900,29.33498205,s,l,
1525799021.5759,17.901400,17.53700000,s,m,
1525747344.2747,18.474000,4.01725186,b,l,
1526050072.4599,15.428500,114.09950000,b,l,
1525887701.1359,17.880000,9.30059178,s,l,
1525747616.8814,18.588600,6.92000000,b,m,
1526020819.1111,17.121100,68.92019237,s,m,
1525747352.8033,18.499900,4.01800000,b,l,
1526050074.4648,15.428400,11.34500000,b,l,
1526026753.4799,15.750700,41.70265560,b,l,
1526026275.6387,15.502300,58.45554952,s,m,
1526042275.5835,14.900000,5.00000000,b,l,
1525878438.8794,17.930300,79.25118933,b,m,
1526025286.0468,14.729000,173.00000000,b,m,
1526024093.683,15.371500,25.21832731,b,m,
1525853468.4032,17.403900,132.64351630,b,l,
1526033452.7823,15.300000,16.26961410,s,l,
1526042289.4653,14.880300,100.00000000,s,l,
1525943986.1319,18.068100,291.00000000,b,m,
1526042291.514,14.880300,95.34922694,s,l,
1525747381.0083,18.499900,154.70422222,b,l,
1525747383.8819,18.500000,43.40611878,b,l,
1525747385.1383,18.500000,4.34135673,b,l,
1525747386.705,18.500000,0.00002038,b,l,
1525747387.2459,18.500000,50.05005005,b,l,
1526042300.5819,14.875100,33.63960000,s,l,
1525747389.4036,18.500000,112.74800000,b,l,
1525780158.5726,17.795200,314.55835488,s,m,
1525747391.8759,18.500000,26.93293293,b,l,
1526042304.2893,14.875300,33.63910000,s,l,
1526042306.6443,14.875200,66.36090000,s,l,
1526042307.2772,14.875200,12.58642073,s,l,
1525747397.2275,18.500000,52.21800000,b,l,
1526042311.2686,14.875300,33.63910000,s,l,
1526031732.5741,15.067100,102.11683014,b,l,
1526042314.1211,14.875100,100.00000000,s,l,
1526049421.8884,15.381500,66.03497722,s,l,
1526042316.12,14.875100,66.36060000,s,l,
1525812941.8801,18.050000,55.40166000,s,l,
1525747408.9414,18.500000,1296.65585393,b,l,
1525747409.6944,18.500000,122.11736100,b,l,
1525976786.8722,17.740100,142.16600000,s,l,
1525747411.0896,18.500000,68.32511852,b,l,
1525747412.8224,18.500000,1300.00000000,b,l,
1525976794.1113,17.740000,250.00000000,s,l,
1525747419.5881,18.500000,200.00000000,b,m,
1525747425.9356,18.500000,52.21800000,b,l,
1525780195.1295,17.797400,25.56811900,s,m,
1526031733.5617,15.067300,24.49330468,b,l,
1525747432.1847,18.500000,1300.00000000,b,l,
1525747433.1591,18.500000,3.44400000,b,m,
1525964002.1147,18.527400,0.00257317,b,m,
1526044626.7348,15.100000,1041.50388079,b,m,
1526042350.6691,14.875100,33.63960000,s,l,
1526042351.6262,14.875000,66.36060000,s,l,
1526042355.2579,14.875100,33.63960000,s,l,
1526023889.3289,14.910000,200.00000000,s,l,
1525747445.2292,18.500000,27.57461463,b,l,
1526042358.6485,14.875000,100.00000000,s,l,
1526028244.5866,15.765900,10.00000000,b,m,
1526042362.1384,14.875100,33.63960000,s,l,
1526042363.9551,14.875000,100.00000000,s,l,
1525806935.4888,18.078400,0.00058721,s,m,
1525747453.3379,18.500000,52.21800000,b,l,
1526042366.768,14.875000,100.00000000,s,l,
1525747457.8337,18.500000,1300.00000000,b,l,
1525747458.2852,18.500000,200.00000000,b,l,
1525747459.9236,18.500000,886.03203612,b,l,
1526042374.4815,14.875000,100.00000000,s,l,
1526042378.6181,14.875000,100.00000000,s,l,
1526042380.284,14.875000,100.00000000,s,l,
1526042381.3036,14.875000,100.00000000,s,l,
1526042382.2249,14.875000,100.00000000,s,l,
1525869156.8181,17.993700,856.55433291,b,m,
1526042387.4181,14.875000,100.00000000,s,l,
1526042388.8001,14.875000,100.00000000,s,l,
1526042391.5521,14.875000,100.00000000,s,l,
1526040479.3048,14.502000,6.92000000,s,m,
1526042396.7713,14.875000,100.00000000,s,l,
1526042399.7451,14.875000,100.00000000,s,l,
1526042401.951,14.875000,100.00000000,s,l,
1526042404.7788,14.875000,100.00000000,s,l,
1526042408.0819,14.875000,100.00000000,s,l,
1526022004.116,16.500000,50.00000000,s,l,
1526042413.086,14.875000,100.00000000,s,l,
1526042414.8008,14.875000,100.00000000,s,l,
1525767682.9699,18.500000,0.01578942,b,l,
1525733857.1473,17.879100,45.27605879,b,l,
1526042424.2971,14.875000,0.37129285,s,m,
1525864453.9953,18.000000,0.12202230,b,m,
1525975877.145,17.700000,690.00000000,s,m,
1525748042.3709,18.380000,0.01771292,b,l,
1525745860.3153,18.199000,4.81761238,s,l,
1526042437.7366,14.875000,4.02279000,s,l,
1525871355.4089,17.791300,198.02252911,s,l,
1525733345.7059,17.700000,0.03879799,s,l,
1526042440.8459,14.938900,4.00000000,b,m,
1525853495.8372,17.403900,40.14013789,b,l,
1525997048.4929,17.200100,120.64250000,s,l,
1525976089.279,17.700000,0.00070063,b,l,
1525747543.5533,18.479800,2.55338054,s,m,
1526039183.852,14.800700,0.00003275,s,m,
1525841982.5438,17.369400,7.14000000,b,m,
1525747552.5882,18.517500,20.00000000,b,l,
1525808315.5195,18.242600,6.92000000,b,m,
1526033576.9719,15.109900,132.34207270,b,l,
1526024108.5199,15.297000,189.00000000,s,m,
1526037193.2375,14.960000,6.36632730,s,l,
1525760046.9622,18.400000,12.00000000,b,m,
1525878639.001,17.810100,6.65865866,b,l,
1525878644.5997,17.810100,0.48134134,b,l,
1526025191.2765,14.509000,188.00000000,b,l,
1525780345.5233,17.808000,0.00086539,s,m,
1526042492.0966,14.977800,5.00000000,b,m,
1526024064.5065,15.389800,32.51450000,s,m,
1526042500.7788,14.978500,19.95136669,b,l,
1526042501.3959,14.999900,232.06120000,b,l,
1526042502.1232,15.000000,148.30789635,b,l,
1526042503.2082,15.000000,92.45990000,b,l,
1526042504.2744,14.999900,21.49220000,s,l,
1525766124.5197,18.350000,90.66229066,b,l,
1525976970.176,17.709200,56.46782400,s,l,
1525976974.2069,17.798800,3.00000000,b,m,
1525958633.8386,18.600000,13.98748607,b,l,
1526042518.9424,14.977800,5.48095355,b,l,
1525979534.4588,17.900900,1300.00000000,b,m,
1525881163.6321,18.000000,220.00000000,b,l,
1525972886.8219,17.800000,6.47926503,b,l,
1525878684.7201,17.802500,5.11900000,b,l,
1526053529.0263,15.304500,10.00000000,s,l,
1525747616.8783,18.588400,7.14000000,b,m,
1525995505.8219,17.452700,105.46127304,s,l,
1526036104.7707,15.245600,3.57000000,s,l,
1525878699.1143,17.826100,9.00000000,s,l,
1525831666.957,17.750900,14.00000000,s,m,
1526042543.7901,14.976700,3.00000000,b,l,
1526025193.4353,14.546000,171.00000000,b,l,
1525832448.606,17.500000,121.44258286,s,l,
1526046192.7211,14.827700,67.44134200,s,m,
1525747646.2287,18.460300,52.21800000,s,l,
1526044661.0546,15.100000,258.23788136,b,l,
1525878982.3603,17.800000,389.79989326,s,l,
1526026862.5553,16.010000,6.09449010,s,l,
1526053563.5698,15.305200,95.50000000,s,l,
1526022817.919,16.481300,0.07392825,s,l,
1525968204.4861,18.499900,3.21519000,b,m,
1526022004.1382,16.500000,10.00000000,s,l,
1526045908.1762,14.836000,397.96000000,s,m,
1525977042.9207,17.691800,3.56887152,s,m,
1525770750.9575,18.438100,3.24773672,s,l,
1525889826.8761,17.740100,138.70400000,s,m,
1525853519.6751,17.403900,15.47411474,b,l,
1526059129.9659,15.421400,19.04432387,b,l,
1525886621.3513,17.966200,4.43236141,s,m,
1525878758.3774,17.826100,9.00000000,b,l,
1525747693.7573,18.447000,52.21800000,s,l,
1526028285.9706,15.750000,2.86000000,s,l,
1526042608.182,14.902300,25.00000000,s,l,
1525937692.3292,17.983300,130.16636925,b,l,
1525747712.3758,18.447000,52.21800000,s,l,
1526042625.9535,14.976200,4.31200000,b,l,
1525960819.2961,18.677400,0.00014443,s,m,
1526022145.5189,16.424200,8.26543773,b,l,
1525747719.3357,18.447000,52.21800000,s,l,
1525905603.6165,17.728800,6.77256799,s,l,
1526017367.4187,17.556000,42.77391089,s,l,
1525747724.0453,18.436100,62.99099292,s,m,
1525747727.5819,18.436100,14.51400706,s,l,
1526033752.7393,15.150000,27.00000000,b,l,
1525747730.7248,18.459900,4.06286057,b,l,
1526028291.6094,15.750000,67.14498785,s,l,
1525972822.3949,17.831000,9.00000000,s,l,
1526051169.0934,15.426800,91.68000000,s,l,
1526017370.4507,17.531100,19.23560000,s,l,
1525871352.5051,17.840500,6.92000000,s,l,
1525780511.5347,17.819300,19.15252200,s,l,
1525776419.3875,18.100000,0.00015963,b,l,
1525864454.0124,18.099700,991.84500000,b,m,
1526023807.7282,15.150300,66.00529300,s,l,
1525874621.9145,17.750000,1300.00000000,s,l,
1526061064.2094,15.210000,186.31311400,s,l,
1525747764.392,18.410900,7.12417496,s,l,
1526024363.8043,14.967800,19.10033500,s,m,
1526022215.338,16.605900,77.59306203,b,m,
1526033760.3002,15.150300,0.24883145,s,l,
1526033761.8085,15.150400,0.00007197,b,l,
1525747784.9154,18.300000,212.89004372,s,l,
1526025198.8839,14.697500,33.55073398,b,l,
1525747786.856,18.300000,5.99621494,b,l,
1525747787.8505,18.300000,44.60980981,b,l,
1525747791.9291,18.382800,5.00000000,s,m,
1525965826.4756,18.500000,0.03145589,b,m,
1526023399.6091,16.000000,100.00000000,s,l,
1525878873.3249,17.800000,0.00056959,s,l,
1526031928.9434,15.100700,11.49903970,s,l,
1526042721.2445,14.974400,36.55336457,b,l,
1525741505.6711,17.829300,13.56971086,b,l,
1525912519.1594,18.500000,0.00015287,b,m,
1526050150.4968,15.470000,3.00000000,b,l,
1525995537.0681,17.453600,8.32000000,s,l,
1525747816.2906,18.383200,30.00000000,s,l,
1525789515.3856,18.100000,0.00305624,b,l,
1526024108.5283,15.291000,162.00000000,s,m,
1526050152.3138,15.383800,50.02106173,s,l,
1525832814.9045,17.562000,179.00000000,b,l,
1525911667.1757,17.786700,23.91015674,s,l,
1525813365.1778,18.047400,12.25463310,s,l,
1526050153.657,15.362100,37.77900000,s,l,
1525894264.5456,17.640900,3.00000000,b,m,
1525842623.7867,17.290000,5.16637439,s,l,
1526033770.2437,15.150400,91.68000000,s,m,
1526026670.5233,15.914800,3.61600000,b,m,
1525835421.0907,17.140100,0.00000071,s,m,
1526024680.8113,14.828000,10.00000000,b,m,
1525780623.1147,17.826800,0.01260695,s,l,
1525846160.1018,17.398000,11.50384527,b,m,
1525749784.3276,18.340000,197.54494606,b,l,
1525747863.2993,18.434400,21.32977627,b,l,
1526031255.7192,15.281200,43.63078600,s,l,
1525747870.986,18.434500,374.37142078,b,l,
1526050160.6807,15.379600,100.00000000,s,l,
1525846179.9694,17.321200,0.00000039,s,m,
1525747878.8856,18.434800,20.56749200,b,m,
1526046197.6323,14.823200,10.00000000,s,m,
1525995548.2685,17.400900,10.00000000,s,l,
1525867602.3302,18.010000,6.72893754,b,l,
1525871352.513,17.840100,138.70400000,s,l,
1526042798.0539,14.883000,100.00000000,s,l,
1525887719.7157,17.877800,3.31108347,b,l,
1526065619.3924,15.161700,3.00000000,s,l,
1526050164.2455,15.379600,24.83560000,s,l,
1525747904.6531,18.385400,4.23897866,s,l,
1525975228.7927,18.020500,395.05297311,b,m,
1526042819.0529,14.971600,139.37069089,b,l,
1526042820.7423,14.971800,32.73290000,b,l,
1526042821.906,14.971800,8.79900000,b,l,
1525878982.3555,17.800600,7.14000000,s,l,
1526042823.292,14.971800,116.29340000,s,l,
1526042825.4763,14.883200,52.11167334,b,l,
1526042223.517,15.082800,179.15120535,b,m,
1526022236.022,16.489500,8.32000000,s,m,
1525768048.1572,18.601000,90.00000000,s,l,
1526044843.1848,15.088300,191.13998802,s,m,
1526042838.9399,14.883200,12.29440000,s,l,
1525780695.8124,17.937400,6.48189255,b,l,
1526061092.0267,15.200000,37.99931579,s,l,
1525743501.5256,17.800000,17.90129223,b,l,
1526042843.3461,14.883500,128.99670000,b,l,
1526051128.0686,15.453000,9.00000000,s,l,
1526042846.6818,14.875000,991.84500000,s,l,
1526042847.7547,14.883400,1082.87126971,b,l,
1526042848.797,14.883400,62.36580000,b,l,
1526040479.3128,14.501600,0.00077951,s,m,
1526042853.4223,14.883400,620.70109007,s,l,
1526042856.7331,14.883400,90.70359226,s,l,
1526042857.0513,14.883400,100.00000000,s,l,
1526024547.0918,14.710600,330.77046423,s,m,
1526042859.6672,14.883400,100.00000000,s,l,
1526042861.5996,14.883400,100.00000000,s,l,
1526042862.217,14.883400,22.41521063,s,l,
1526042863.1594,14.883400,527.51871504,b,l,
1526042865.116,14.875100,31.50030000,s,l,
1525977330.1738,17.718400,83.15377627,b,l,
1526042867.5188,14.875000,100.00000000,s,l,
1525977332.4064,17.655100,654.08774839,b,l,
1525747957.986,18.385600,0.53585603,s,l,
1525977334.748,17.655100,50.05005005,b,l,
1526042871.8487,14.883300,81.21860955,b,l,
1526042872.1878,14.883300,40.60091419,b,l,
1526042873.5992,14.875200,73.34827057,s,l,
1526042874.2736,14.875100,10.00000000,b,l,
1526042875.2839,14.875100,116.77877878,b,l,
1525813508.3827,18.010000,6.97417000,s,l,
1526042887.8916,14.875000,991.84500000,s,l,
1526042888.2487,14.875000,1300.00000000,s,l,
1526042889.567,14.876900,3.00000000,b,l,
1526042891.312,14.877000,4.19327551,b,l,
1525738882.976,17.714600,5.64505000,s,m,
1525780750.8248,17.809700,8.32000000,s,m,
1526042897.5217,14.875000,100.00000000,s,l,
1526042898.8538,14.875000,100.00000000,s,l,
1525997051.3549,17.200000,3.00000000,s,l,
1525747988.464,18.459900,15.93713943,b,l,
1526042901.4929,14.875000,100.00000000,s,l,
1525747991.4656,18.470000,129.34632420,s,l,
1526042904.9245,14.875000,96.90300000,s,l,
1526057281.1947,15.609900,4.00000000,b,m,
1525747994.1911,18.387900,20.00000000,s,l,
1526025205.0032,14.500800,34.50790000,s,l,
1526042908.3288,14.875000,128.33716180,s,l,
1526042909.1762,14.875000,100.00000000,s,l,
1526042911.801,14.875000,100.00000000,s,l,
1526042913.3779,14.875000,18.30168000,s,l,
1526042914.5916,14.875000,36.35398313,s,l,
1525748003.3941,18.380000,17.00000000,b,l,
1526042916.8023,14.875000,211.90508280,s,l,
1526042917.2719,14.875000,113.07671010,s,l,
1526042918.664,14.875000,7.01657640,s,l,
1526044721.0581,15.253500,991.84500000,b,l,
1525997664.1405,17.149900,10.00000000,b,l,
1526042921.2792,14.875000,18.17699156,s,l,
1526042924.1278,14.875100,50.00000000,b,l,
1525833489.9769,17.400100,10.99366096,s,m,
1525837529.5863,17.442100,19.98000000,b,m,
1525960829.0957,18.822900,142.77936981,b,m,
1525748020.978,18.380000,76.04104104,b,l,
1525813558.1237,18.010000,15.00000000,s,m,
1525748024.8556,18.380000,52.21800000,b,l,
1525879102.8502,17.800000,10.63479479,b,l,
1526042944.6,14.874100,4.01068068,b,l,
1525880886.3351,17.970000,0.80972709,b,l,
1525947647.7207,17.927200,0.00000031,s,m,
1525748042.3735,18.380000,0.00001767,b,l,
1526028343.7212,15.710300,9.00000000,s,l,
1525751333.8574,18.407000,8.32000000,s,m,
1526042960.2782,14.873300,4.01100100,b,l,
1525995576.5062,17.401600,119.24560000,s,l,
1525846356.4189,17.469500,3.00000000,b,m,
1526042966.5307,14.873300,123.97769535,b,l,
1525798252.8363,18.020000,14.96110114,s,l,
1525846370.8648,17.334200,0.00002012,s,m,
1526042979.4068,14.872900,30.00000000,b,m,
1525995580.1408,17.401600,13.10410000,b,l,
1525846380.6787,17.468000,3.00000000,b,m,
1526025639.3193,15.250400,32.81170000,s,l,
1526022888.7421,16.480000,3.90009600,s,l,
1526042994.3352,14.877000,157.80672449,b,l,
1525846388.5494,17.468100,3.00000000,b,m,
1525733438.8896,17.700300,9.00000000,s,m,
1526042999.9263,14.880000,173.00000000,b,l,
1525780857.2585,17.778700,6.48658659,b,l,
1526044735.9142,15.253000,37.48022684,b,m,
1526023026.5835,16.385300,4.44844356,s,m,
1526035417.5937,15.159900,63.97692133,b,l,
1526023392.5312,16.000000,32.41571913,s,m,
1526043014.5196,14.902900,0.00366418,b,l,
1526061121.7074,15.120100,5.78012819,s,m,
1526040926.9699,14.475900,10.00000000,s,l,
1525780880.3036,17.776500,38.76204565,s,l,
1526033816.5891,15.169400,0.09366416,b,l,
1526030222.053,15.569900,0.00308106,b,m,
1526061124.1974,15.198600,27.00000000,b,m,
1525738906.582,17.783400,20.00000000,s,l,
1525780895.4656,17.750000,3.00000000,s,l,
1526043041.9568,14.902600,3.60435435,b,l,
1525975902.6563,17.300000,22.14000000,s,m,
1526021966.3795,16.600100,60.24060000,s,l,
1525912519.1741,18.500000,200.00000000,b,m,
1525833171.5697,17.600000,56.81818000,b,m,
1526044744.0117,15.088700,66.13174797,s,m,
1526043060.8184,14.801600,221.00170901,s,l,
1525853598.9088,17.403900,1299.48402213,b,l,
1525838605.5955,17.103400,10.00000000,s,m,
1526022900.7676,16.378600,0.20699619,s,m,
1525995594.9712,17.400000,20.00000000,s,l,
1525798987.7754,17.960200,10.28335365,s,l,
1525960750.3961,18.750000,27.00750000,b,m,
1526001206.3349,17.410300,100.30704735,b,l,
1525770299.3552,18.510000,500.00000000,s,l,
1525879246.369,17.800000,176.31531195,b,l,
1526025211.0775,14.502000,146.50790790,b,l,
1526040479.2976,14.502200,7.14000000,s,m,
1526031200.3774,15.282000,10.00000000,s,l,
1525780954.7097,17.708300,3.00000000,s,l,
1525871355.4013,17.800400,4.05270262,s,l,
1525835355.1772,17.218500,0.00233189,s,m,
1526021866.9529,16.769200,0.99142084,s,m,
1526044753.6428,15.252300,75.18000000,b,m,
1525837312.6316,17.400000,30.86760653,b,l,
1526035417.5963,15.160000,57.10676251,b,l,
1525813741.3701,17.995400,4.12956630,s,l,
1525780974.3424,17.700100,25.00000000,s,l,
1525780976.7403,17.691500,16.33529536,s,l,
1526024121.5473,15.213600,0.00000064,s,m,
1525780981.6455,17.691500,9.26872200,s,l,
1525780984.6046,17.600500,1.69398264,s,m,
1525995604.6932,17.400000,263.26601151,b,l,
1525963018.6713,18.387500,0.00002012,s,m,
1525782233.5387,17.999600,6.92000000,b,l,
1525776210.3862,18.089300,28.96838300,s,m,
1525746826.2898,18.276800,442.87759639,b,l,
1525748227.1167,18.387300,3.23076435,s,m,
1525976112.5889,17.680600,3.04316344,s,l,
1526021712.9267,16.935600,32.85629144,b,l,
1526028375.6528,15.710000,15.56531910,s,l,
1525889993.3693,17.824600,40.14587819,b,l,
1526028376.0419,15.710000,227.96390790,s,l,
1525781013.3384,17.601600,14.27200000,s,l,
1525977622.2631,17.659200,3.36850000,s,l,
1526028377.5427,15.710000,100.00000000,s,l,
1525781016.231,17.601700,4.38859915,s,m,
1526033839.8297,15.153700,30.81313155,s,m,
1525748255.8751,18.345100,49.38614701,s,l,
1526028379.4438,15.710000,100.00000000,s,l,
1525749158.3589,18.339000,6.67102230,b,m,
1526051533.3308,15.860000,57.94205799,b,m,
1526025214.9887,14.510000,171.00000000,s,l,
1526039303.9418,14.750000,284.09694854,s,l,
1526024506.7379,14.910000,100.00000000,s,l,
1526037120.7928,15.049900,10.00000000,b,l,
1526051137.5547,15.452700,0.00828746,s,l,
1525770754.7134,18.420000,5.38880000,b,l,
1525763731.0201,18.274800,10.00000000,s,l,
1525781048.4411,17.696800,4.06853216,s,l,
1525781050.7488,17.696800,0.00046783,b,l,
1525848159.8848,17.338200,100.70939313,s,l,
1526039306.1858,14.750000,20.33898000,s,l,
1525781057.3396,17.696300,23.26396100,b,l,
1525944899.503,18.065400,7.14000000,b,m,
1525813829.5468,17.995400,6.00000000,s,l,
1525977673.3285,17.699600,3.38631632,b,l,
1525781069.8889,17.605000,7.14000000,s,l,
1525856373.8431,17.622500,389.23000000,b,m,
1526028387.1527,15.710000,24.87471576,s,l,
1525813847.0384,17.995400,61.88883370,s,m,
1526028388.9999,15.710000,100.00000000,s,l,
1525977691.8008,17.699300,3.35899900,b,l,
1525748316.7077,18.304600,5.00000000,s,m,
1525977698.9861,17.700000,3.38601602,b,l,
1525912519.4458,17.860800,0.77285912,s,m,
1525938351.8107,18.093300,115.04958648,b,m,
1525781097.8559,17.605700,7.14000000,s,l,
1525950135.2887,18.000000,115.16475123,b,l,
1525776210.4017,18.089100,23.01893020,s,m,
1525733438.8932,17.700000,41.49717000,s,m,
1526028392.1936,15.710000,155.98560135,s,l,
1526043250.7919,14.758400,67.75802200,s,m,
1526025859.9052,15.850200,673.52120478,b,m,
1525781113.233,17.605600,0.13965178,s,l,
1525762906.3793,18.305900,245.66135508,b,m,
1526061162.161,15.100000,55.14800000,s,l,
1525938351.7928,18.092700,7.14000000,b,m,
1525748353.9691,18.399400,18.52733859,b,l,
1526028395.4962,15.710000,47.64345000,s,l,
1525977732.0766,17.699700,18.00000000,b,l,
1526032755.6747,15.200000,3.94736842,s,m,
1525781126.9589,17.606300,4.61000000,s,l,
1526022062.5278,16.400000,0.05553324,s,m,
1525971303.9197,18.310300,0.77237441,s,m,
1525799021.5875,17.900000,0.20086883,s,m,
1525889993.3651,17.824600,0.00267372,b,l,
1526028398.4401,15.710000,5.58750000,s,l,
1525846678.7524,17.371200,2.99222028,s,m,
1525883257.2227,17.971700,21.90100000,b,m,
1526021768.6146,16.747900,0.00000049,s,m,
1525834270.2029,17.450000,28.65329000,s,l,
1526028399.0981,15.710000,385.71390000,s,l,
1525781148.2925,17.709500,3.35401273,b,l,
1525782987.8679,17.840700,0.00000044,s,m,
1526036311.9142,15.164100,32.99850000,s,m,
1526028400.0292,15.710000,405.23000000,s,l,
1526028401.8409,15.710000,51.35181456,s,l,
1526022940.5389,16.371200,6.92000000,s,m,
1526028402.2198,15.710000,218.20657500,s,l,
1526028403.755,15.710000,30.63149000,s,l,
1526022942.831,16.371400,7.14000000,s,m,
1526043319.717,14.761300,0.01219874,s,m,
1525808281.5495,18.250000,50.61302760,b,m,
1525984091.7456,17.610000,50.67167167,b,m,
1526028405.7902,15.710000,8.59932660,s,l,
1526026971.5343,16.010000,10.07725700,s,l,
1526028406.8631,15.720000,379.12900000,b,l,
1526056384.4121,15.580000,449.55044955,b,l,
1525751333.8688,18.407000,0.00053414,s,m,
1526028407.3569,15.750000,8.23425750,s,l,
1526028408.7773,15.750000,100.00000000,s,l,
1525776442.7061,18.100000,102.48798799,b,l,
1525781204.2746,17.695400,292.85920000,s,m,
1526036131.4816,15.202600,3.57000000,s,l,
1526053050.5251,15.400000,24.36790000,s,l,
1526028409.9648,15.710000,100.00000000,s,l,
1526025205.0005,14.500800,43.91000000,s,l,
1525977819.0845,17.747300,13.84000000,b,l,
1525977821.206,17.747300,84.07180886,b,l,
1526026766.4075,15.800400,6.92000000,s,l,
1526028411.0363,15.710000,81.55336500,s,l,
1526043364.082,14.804400,100.00000000,s,l,
1526043366.612,14.803900,76.02333860,s,l,
1526043368.7248,14.804000,100.00000000,s,l,
1526028412.4985,15.710000,0.52568444,s,m,
1526038462.8657,14.914400,1300.00000000,s,m,
1526043372.6259,14.850000,6.94630000,b,l,
1525864573.8719,17.915100,28.05880702,s,l,
1525748464.1346,18.386900,100.00000000,b,m,
1526043377.2865,14.804200,100.00000000,s,l,
1526043380.1615,14.804200,100.00000000,s,l,
1526043381.8397,14.850000,20.10780000,b,l,
1526043382.6674,14.804300,100.00000000,s,l,
1526043385.4914,14.794000,16.30908646,s,l,
1526043386.1268,14.790000,78.51216722,b,l,
1526028415.0316,15.710000,165.50262849,s,l,
1525975922.8284,17.717700,143.94657301,b,l,
1525799561.5214,18.000000,99.80039919,s,l,
1525960829.0932,18.796600,19.50200000,b,m,
1526044800.7021,15.088400,10.00000000,s,l,
1525748488.0685,18.313600,5.00000000,s,m,
1525879561.5076,17.900000,33.51955307,s,l,
1525832425.3116,17.500000,0.00000124,s,m,
1525977869.6432,17.770000,113.90780485,b,l,
1525864579.4543,17.914800,7.09756411,b,l,
1525781268.446,17.700400,71.35600000,s,m,
1525977878.5174,17.770000,113.90780485,b,l,
1525977880.2245,17.770000,179.01501502,b,l,
1526028420.6132,15.710000,259.30147002,s,l,
1525977882.0772,17.770000,113.90780485,b,l,
1525977883.2904,17.770000,426.49800000,b,l,
1526023330.9875,16.125800,402.89843452,s,m,
1525977887.3775,17.770000,127.78358358,b,l,
1526033498.3641,15.100000,59.94170000,s,l,
1525972822.4037,17.830700,0.00067884,s,l,
1525977890.1111,17.770000,30.03003003,b,l,
1525977891.9861,17.770000,10.11471471,b,l,
1525846821.2994,17.338200,94.16495362,s,l,
1526022205.3252,16.606100,10.00000000,b,l,
1525977898.024,17.770000,4.63750000,b,l,
1525864583.3035,17.914800,106.56608526,b,l,
1525759408.8928,18.272500,2.50904000,s,l,
1525977904.7427,17.770000,4.95690000,b,l,
1525977905.7175,17.770000,11.67663130,b,l,
1525977906.6838,17.770000,3.08038038,b,l,
1525798252.8426,18.020000,0.00010061,s,l,
1525977908.6773,17.770000,29.68195005,b,l,
1525912819.6593,18.129400,7.14000000,b,m,
1525975031.0198,17.920600,7.14000000,s,l,
1525806935.4799,18.078500,63.21600000,s,m,
1525977916.6917,17.770000,1.52879000,b,l,
1525944899.5065,18.065500,926.22949700,b,m,
1525939024.9104,18.151200,6.92000000,b,m,
1526028428.3203,15.610000,35.93891200,s,l,
1525809206.6199,18.329900,18.95800000,b,m,
1526042065.9218,14.850000,791.47187260,b,l,
1526043473.2271,14.849700,77.10923695,b,l,
1526043477.9467,14.831200,18.03532943,s,m,
1526043478.6966,14.903000,160.13370284,b,m,
1525748568.7932,18.326700,0.00775960,s,m,
1525846873.0488,17.338200,18.55917875,s,m,
1526024133.3107,15.273100,22.55189727,b,l,
1525781341.5494,17.669600,98.29952310,s,m,
1526058376.2628,15.211200,48.80154000,s,l,
1525814111.8376,18.025600,569.73409579,b,m,
1526021951.6827,16.700000,29.13605000,s,l,
1525880977.1108,18.000000,0.01822735,b,l,
1526044818.8704,15.209900,46.19863519,b,m,
1525874631.2121,17.750000,71.04059718,s,l,
1526043503.6737,14.921000,17.19643456,b,m,
1525755369.6213,18.394600,996.75115821,b,m,
1525943807.317,18.109800,478.03041352,b,m,
1525837292.5084,17.355200,9.04877275,b,l,
1526028439.6494,15.610200,59.83075100,s,l,
1526046192.6979,14.827900,99.68993129,s,m,
1525975902.577,17.602900,2000.00000000,s,m,
1526021594.8596,17.071200,0.00000087,s,m,
1525748635.0302,18.385500,52.21800000,b,l,
1526025191.2985,14.511000,166.32591827,b,l,
1526029591.9146,15.358600,0.00000246,b,l,
1525996987.512,17.280000,0.28655367,s,m,
1525978308.3984,17.784500,10.00000000,s,l,
1525748645.8847,18.385500,52.21800000,b,l,
1526043319.7107,14.761500,43.91000000,s,m,
1526043559.1186,14.874700,991.84500000,s,l,
1526043561.6916,14.873400,991.84500000,b,l,
1526032876.3238,15.333300,100.10000000,s,l,
1526044234.8516,14.900000,277.00000000,b,m,
1526043567.9085,14.873200,19.27730924,b,l,
1525748660.9272,18.439800,0.00000016,b,l,
1525758536.1317,18.294500,37.87397397,b,l,
1525912508.998,17.994900,8.32000000,b,m,
1525912509.1764,18.100000,0.00000049,b,m,
1525978049.4735,17.924300,3.32395395,b,l,
1525912518.9871,18.137100,43.91000000,b,m,
1525912519.1918,18.500000,4.40000000,b,m,
1525875532.9007,17.700000,0.02323149,s,l,
1525749172.6748,18.223600,0.00002012,s,m,
1525781452.8547,17.750600,20.00000000,b,l,
1525781456.077,17.751100,53.26348320,s,l,
1525912519.3472,18.791100,0.13129667,b,m,
1525781461.5585,17.751200,44.59800000,s,l,
1525972742.2201,17.773800,0.24458567,s,m,
1525781464.2212,17.751100,97.06787760,s,l,
1525864612.5724,17.914900,5.00000000,b,m,
1526031317.9524,15.220000,342.02734547,s,m,
1525912543.4707,18.011500,55.94499900,b,l,
1526050299.0755,15.448900,428.91134475,b,m,
1525978086.2911,17.924500,8.32000000,b,m,
1525912555.3334,18.011600,5.99400000,s,l,
1525879788.8953,17.916800,0.00000213,b,m,
1525912559.7621,18.011600,0.48187776,s,l,
1525912561.155,18.011600,426.49800000,s,l,
1526044685.5272,15.161300,0.01943662,b,m,
1526043640.537,14.818500,0.00004146,s,m,
1525887799.6285,17.700800,95.81018627,s,m,
1525912577.4915,18.011700,426.49800000,s,l,
1526043650.9248,14.827000,3.00000000,s,m,
1526044843.1745,15.088500,8.32000000,s,m,
1526006614.2918,17.507200,114.06799151,b,m,
1525912582.2751,18.011600,26.88083235,s,l,
1525912591.1159,17.954700,0.00040892,s,m,
1526037120.7902,15.040000,125.00000000,b,l,
1525912593.8361,18.095600,1300.00000000,b,m,
1525912509.0451,18.040000,13.87036046,b,m,
1525889993.367,17.824600,0.00000214,b,l,
1526025191.3011,14.546000,171.00000000,b,l,
1525748767.2073,18.462300,38.00000000,b,l,
1525973851.2928,17.889900,0.00000214,b,l,
1525958672.7585,18.599000,381.72568891,b,l,
1525781544.4347,17.909500,13.08000000,b,m,
1525946979.452,17.946600,17.37863946,s,l,
1526025205.0133,14.500200,31.12210000,s,l,
1526024961.6863,14.500000,29.92220227,s,m,
1525912519.1811,18.500000,5.00000000,b,m,
1526028467.7942,15.610000,15.92167536,s,l,
1525781556.7746,17.880900,18.38542803,b,m,
1525755401.6062,18.370000,232.27110234,s,l,
1525771787.0608,18.400700,0.00258831,b,l,
1525978181.1802,17.922800,8.32108264,b,m,
1525739020.9717,17.717000,20.59322682,s,m,
1525773112.2655,18.101300,6.92000000,s,m,
1526031779.9367,15.150300,10.00000000,b,m,
1525912657.6917,17.986800,142.16600000,b,l,
1526050319.8128,15.448900,124.84770000,b,l,
1525959765.2091,18.502900,12.86000000,s,l,
1525757906.4486,18.349500,6.48498113,b,l,
1525799369.0908,18.002400,130.26590421,b,m,
1525912519.0046,18.150000,0.55843529,b,m,
1526024121.54,15.213600,251.19103455,s,m,
1525781610.605,17.907900,13.00000000,b,m,
1526043755.8434,14.826400,100.00000000,s,l,
1525879916.9679,17.954800,13.02136110,b,l,
1525879918.1898,17.954800,96.08538593,b,l,
1526045965.5294,14.830000,0.00095976,s,m,
1526024725.7995,14.934000,90.44418091,b,m,
1525927032.1962,17.921200,105.43532226,s,m,
1526043773.485,14.910000,14.84000000,b,l,
1525912707.2052,17.962000,142.16600000,b,l,
1526043782.6057,14.826500,93.08000000,s,l,
1526043783.8768,14.826500,100.00000000,s,l,
1526024108.5126,15.298100,19.53000000,s,m,
1526043785.4233,14.826500,100.00000000,s,l,
1526043787.4613,14.826500,100.00000000,s,l,
1526043789.573,14.826500,100.00000000,s,l,
1526043790.6806,14.826500,100.00000000,s,l,
1526043791.025,14.826500,100.00000000,s,l,
1526043792.6422,14.826400,100.00000000,s,l,
1526043793.2495,14.826400,100.00000000,s,l,
1526043794.2392,14.826400,1.24500000,s,l,
1525966942.5463,18.572000,289.49315704,b,m,
1526043802.9149,14.810000,125.00000000,b,l,
1525999411.1908,17.365400,142.16600000,s,m,
1526043808.677,14.810400,6.92000000,s,l,
1526049240.8646,15.314500,30.00000000,s,l,
1525763364.4876,18.234600,26.88688689,b,l,
1526023026.5899,16.385300,0.00002048,s,m,
1525972616.1466,17.880500,1.41053795,s,l,
1526028915.3002,15.450000,0.00002095,s,l,
1525912762.9345,17.986700,114.69483717,b,l,
1525912763.6302,17.986700,30.78953283,s,l,
1526026954.7737,15.884600,3.18151530,b,l,
1525912766.0489,17.986700,426.49800000,s,l,
1525780750.8175,17.809800,162.62604069,s,m,
1526041603.9825,14.600000,500.00000000,s,m,
1526028491.085,15.610000,3.84577000,s,l,
1525978308.4055,17.784400,92.47890942,s,l,
1525978310.8477,17.784400,11.24304304,b,l,
1526043855.113,14.774500,129.94840000,s,m,
1525912785.3832,17.986700,41.95200600,b,l,
1526036148.5547,15.194000,2.62437300,s,l,
1525858703.5542,17.686100,43.49103679,b,m,
1525912593.8387,18.136200,12.48056194,b,m,
1526025365.7047,14.746000,3.67602740,b,m,
1525814492.7439,18.010900,7.00000000,b,m,
1526041604.0073,14.582000,3.42888493,s,m,
1525799561.4305,17.901900,80.69419112,s,m,
1525962960.4581,18.494800,125.95041352,b,m,
1525912803.162,17.986800,0.00706914,b,m,
1525887799.6094,17.757400,11.26293000,s,m,
1525769913.9632,18.699800,8.32000000,b,l,
1526023403.2617,15.825500,107.66296323,s,m,
1525789526.6722,18.100000,0.00000029,b,l,
1525912819.6649,18.130000,3.57109993,b,m,
1525912820.7953,18.179700,43.91000000,b,m,
1526043893.3408,14.762400,0.00000052,s,m,
1526017932.1377,17.649900,26.78522117,b,m,
1525975877.4864,17.500000,10.00000000,s,m,
1525772530.3728,18.241900,10.00000000,s,m,
1526024345.8966,15.000000,200.00000000,s,m,
1525994735.7482,17.673600,7.14000000,b,m,
1526032876.3168,15.333700,6.92000000,s,l,
1525833171.5766,17.601700,114.88500000,b,m,
1525781764.1849,17.825600,4.18820062,s,l,
1525762276.6371,18.300000,0.00148687,s,l,
1525912519.0658,18.300000,4.70617130,b,m,
1525889473.5324,17.839100,114.69483717,b,l,
1525749002.2831,18.300100,16.34486578,s,l,
1526028512.1583,15.610000,0.00000684,s,m,
1526037164.0867,14.960000,88.51788698,s,l,
1525748660.9063,18.390000,40.87755417,b,l,
1526065611.5049,15.161900,3.00000000,s,l,
1526045722.1531,15.013500,127.87970000,s,m,
1525781796.5011,17.815200,0.04230866,s,l,
1525790181.4574,18.109300,6.28478422,b,l,
1526053658.8342,15.310000,182.67564990,s,l,
1525880108.45,17.968800,15.81356620,b,l,
1525927038.433,17.997500,105.06670398,b,l,
1525958214.0981,18.293500,3.08301390,b,m,
1526043789.9843,14.826500,100.00000000,s,l,
1525782750.6302,17.839100,6.92000000,s,m,
1526051474.751,15.746000,14.28000000,b,m,
1525838627.0989,17.066200,0.00000012,s,m,
1525975877.1171,17.743000,11.27204000,s,m,
1526028512.1563,15.610000,0.00285937,s,m,
1525759848.5445,18.254400,0.00000021,s,m,
1525885576.814,17.918000,0.00010613,b,m,
1526059619.0076,15.225900,399.09000000,s,m,
1525781839.0216,17.815200,10.00000000,s,m,
1526037691.5563,14.999200,92.44900000,b,m,
1525961659.6735,18.668400,1300.00000000,b,m,
1526057545.5234,15.503500,4.50000000,s,l,
1526040485.0513,14.501700,0.00000026,s,m,
1525781016.2336,17.601700,0.01138077,s,m,
1525887805.2506,17.701500,4.35660255,s,m,
1526034593.3016,15.493800,168.40456671,b,l,
1526043791.3914,14.826500,98.76500000,s,l,
1525781874.2561,17.815200,76.86500000,s,l,
1525828854.1995,17.800000,3.00000000,s,m,
1525781881.1668,17.814300,4.20271663,b,l,
1526028523.5633,15.610000,100.00000000,s,l,
1526042838.9275,14.883500,52.11242859,s,l,
1525831916.5224,17.730000,9.99809190,s,l,
1526043792.9499,14.826400,100.00000000,s,l,
1526033498.36,15.100100,33.13830000,s,l,
1526026334.3045,15.492700,3.22732642,s,l,
1526028525.6339,15.610000,16.42635720,s,l,
1525962449.5763,18.316400,2.99222033,s,m,
1525814678.3494,17.950000,416.11000000,s,l,
1526049608.8882,15.676500,10.18200000,b,m,
1526044912.4936,15.209700,0.00001315,b,m,
1526044068.9699,14.781200,5.14842800,s,l,
1526044070.2223,14.781100,4.18115700,s,l,
1526044072.7261,14.779100,23.49020000,s,l,
1526044073.3422,14.779100,29.04350000,s,l,
1526044074.2791,14.779000,3.38317883,s,l,
1525958685.3584,18.550000,0.00000001,s,m,
1526044077.6842,14.773800,10.61480000,s,l,
1525749166.2995,18.339200,2.66745604,b,l,
1526044079.5621,14.773900,5.63890000,s,l,
1526044081.7454,14.773900,3.57280000,s,l,
1525828854.1808,17.814800,138.70400000,s,m,
1526044083.6895,14.760500,4.72080000,s,l,
1525749172.6728,18.223600,0.00775960,s,m,
1525814709.9107,17.950000,124.47635441,s,l,
1526021706.623,16.900000,0.00000002,s,m,
