time,price,volume,buy_or_sell,market_or_limit,misc
1525747712.3758,18.447000,52.21800000,s,l,
1525745665.286,18.200000,186.00729535,b,l,
1525762976.2681,18.220000,9.76302720,s,l,
1525739523.8453,18.000000,230.67350538,s,l,
1525749765.0558,18.340000,52.21800000,b,l,
1525747719.3357,18.447000,52.21800000,s,l,
1525760009.2586,18.377200,3.26955521,b,l,
1525747724.0453,18.436100,62.99099292,s,m,
1525762062.0605,18.300000,1959.89825065,s,l,
1525747727.5819,18.436100,14.51400706,s,l,
1525747730.7248,18.459900,4.06286057,b,l,
1525746867.4353,18.330000,117.81742879,b,l,
1525764119.1153,18.260300,3.94298012,s,l,
1525749784.3319,18.340000,0.23676982,b,l,
1525739546.5003,17.998100,3.99416408,b,l,
1525743279.9912,17.840000,10.00000000,b,l,
1525753028.2596,18.450000,63.24940381,b,m,
1525749798.9414,18.397400,3.00000000,b,m,
1525762088.4815,18.300000,103.72216027,s,l,
1525753180.6813,18.411600,2.03034591,b,m,
1525762092.1317,18.300000,103.72129405,s,l,
1525757618.062,18.349400,3.92376987,b,l,
1525760046.9649,18.409800,8.32000000,b,m,
1525751133.1685,18.497600,6.92000000,b,l,
1525745712.1761,18.276800,50.00000000,b,l,
1525759848.5333,18.254400,14.96408619,s,m,
1525747764.3799,18.411500,95.56600000,s,l,
1525746855.2246,18.300000,29.52106216,b,l,
1525733857.1446,17.879000,12.01557240,b,l,
1525760009.2729,18.377200,0.00000469,b,l,
1525748255.8751,18.345100,49.38614701,s,l,
1525746885.2839,18.400000,570.38185997,b,l,
1525733438.8932,17.700000,41.49717000,s,m,
1525747381.023,18.500000,1145.29577778,b,l,
1525750744.5529,18.474400,159.03513736,b,m,
1525747784.8827,18.392900,10.00000000,s,l,
1525747724.0404,18.447000,28.17600000,s,m,
1525747786.8902,18.300000,45.97098116,b,l,
1525747787.8347,18.300000,44.56742411,b,l,
1525746855.954,18.300000,32.43322180,b,l,
1525765474.4778,18.340000,0.00189963,s,l,
1525747791.9291,18.382800,5.00000000,s,m,
1525735779.4968,17.700100,1300.00000000,s,l,
1525762062.0632,18.300000,2.10174935,s,l,
1525747801.2246,18.391500,3.00000000,b,l,
1525746824.1049,18.250000,0.03134888,b,l,
1525747727.5963,18.436000,145.00000000,s,l,
1525747386.7026,18.500000,0.01275914,b,l,
1525738027.9848,17.740900,0.07838849,s,m,
1525734662.1074,17.711000,2.23592406,s,l,
1525747387.2459,18.500000,50.05005005,b,l,
1525736172.335,17.775000,8.32000000,s,l,
1525747019.8293,18.404400,4.03402023,b,l,
1525733480.4295,17.833100,141.74997559,b,m,
1525758394.9471,18.294900,3.27083433,b,m,
1525745771.4118,18.250000,26.00000000,b,l,
1525760009.2685,18.377200,3.26523077,b,l,
1525762906.3767,18.300900,20.00000000,b,m,
1525751485.8341,18.499800,4.05409787,b,l,
1525746893.6819,18.399200,4.04324018,b,l,
1525762976.3006,18.207200,121.53765991,s,m,
1525762906.3567,18.250600,4.71248280,b,m,
1525762170.0788,18.300000,15.30400000,s,l,
1525747391.8759,18.500000,26.93293293,b,l,
1525750122.8067,18.328700,11.89004741,b,l,
1525749166.2995,18.339200,2.66745604,b,l,
1525745388.2956,18.112800,7.14000000,s,l,
1525764119.1221,18.230400,6.92000000,s,l,
1525745804.2977,18.250000,6.45645646,b,l,
1525762906.3793,18.305900,245.66135508,b,m,
1525746894.9456,18.400000,0.01771757,b,l,
1525749784.3276,18.340000,197.54494606,b,l,
1525764284.254,18.230700,0.08291996,s,l,
1525747616.8655,18.537500,4.01105267,b,m,
1525746826.2898,18.276800,442.87759639,b,l,
1525747863.2993,18.434400,21.32977627,b,l,
1525732164.536,17.731900,11.96500000,s,l,
1525751961.9064,18.500000,29.17524309,b,l,
1525751962.6729,18.500000,104.26279248,b,l,
1525751963.9241,18.500000,112.60672570,b,l,
1525751964.1932,18.500000,3.95523873,b,l,
1525747870.986,18.434500,374.37142078,b,l,
1525747397.2275,18.500000,52.21800000,b,l,
1525753063.506,18.328400,9.00000000,s,m,
1525747878.8856,18.434800,20.56749200,b,m,
1525732164.5471,17.730000,20.00000000,s,l,
1525751979.9339,18.494500,52.21800000,b,l,
1525737644.2121,17.794700,50.00000000,s,l,
1525751982.8542,18.499100,0.00000206,b,l,
1525760175.1352,18.410000,250.00000000,b,l,
1525737652.9724,17.794700,2.21800000,b,m,
1525732165.0553,17.664000,10.00000000,s,m,
1525749944.7351,18.300000,3.93442622,b,l,
1525745850.032,18.199000,52.21800000,s,l,
1525764284.2516,18.230700,31.97521010,s,l,
1525756093.9257,18.223600,2.00000000,s,l,
1525746037.3162,18.219600,9.00000000,b,m,
1525747904.6531,18.385400,4.23897866,s,l,
1525745858.0459,18.242400,4.11071526,b,l,
1525747988.4668,18.470000,1300.00000000,b,l,
1525745860.3196,18.198900,18.80118502,s,l,
1525732194.1775,17.665900,0.00033696,s,m,
1525752007.7983,18.494600,3.56864833,b,l,
1525757906.4603,18.349800,8.32000000,b,l,
1525745868.9692,18.199000,49.86400000,s,l,
1525756109.3903,18.223300,12.07286837,s,l,
1525764302.7743,18.231200,26.89906225,s,l,
1525747019.8222,18.404400,4.04494382,b,l,
1525745860.3237,18.198900,0.04120260,s,l,
1525746419.3723,18.167800,0.10718430,s,m,
1525762267.1031,18.300000,39.01227994,s,l,
1525760220.0443,18.409800,0.00496046,s,l,
1525743837.0277,17.880000,3.00000000,b,m,
1525752032.3762,18.500000,52.21800000,s,l,
1525747408.9414,18.500000,1296.65585393,b,l,
1525743843.0504,17.915700,6.92000000,b,m,
1525762276.6207,18.300000,259.37749401,s,l,
1525733790.9935,17.862900,8.33002441,b,l,
1525752038.1894,18.500000,52.21800000,s,l,
1525753853.167,18.289700,8.32000000,s,m,
1525755558.4456,18.234400,0.05567189,s,l,
1525747954.9519,18.385600,108.87316000,s,l,
1525745506.5744,18.200000,0.00023525,b,l,
1525747957.986,18.385600,0.53585603,s,l,
1525739767.5345,17.900000,52.21800000,s,l,
1525747784.8995,18.306800,239.68472712,s,l,
1525747412.8224,18.500000,1300.00000000,b,l,
1525752058.3016,18.396700,112.24390000,s,m,
1525735675.0939,17.807500,4.04324019,s,l,
1525752967.5957,18.322900,9.00000000,s,m,
1525758207.5793,18.246600,5.00000000,s,l,
1525732209.7878,17.780000,0.00018450,b,m,
1525743843.0587,17.920400,315.64649751,b,m,
1525747383.5754,18.500000,1300.00000000,b,l,
1525741830.3454,17.829300,29.80200000,s,l,
1525762092.8906,18.300000,103.72055614,s,l,
1525738882.9617,17.739200,6.92000000,s,m,
1525739792.178,17.949700,121.68262249,b,l,
1525737223.4246,17.848600,8.32000000,b,m,
1525758227.3199,18.220000,249.22862973,s,l,
1525747988.4587,18.459400,14.21985084,b,l,
1525760046.9541,18.377300,7.70889729,b,m,
1525747991.4656,18.470000,129.34632420,s,l,
1525747994.1851,18.470000,26.59959653,s,l,
1525753063.527,18.307200,0.20560044,s,m,
1525747784.9154,18.300000,212.89004372,s,l,
1525752095.8219,18.400000,0.00012537,b,l,
1525763334.8779,18.230100,45.07800000,s,l,
1525748003.3941,18.380000,17.00000000,b,l,
1525746908.5679,18.450000,50.25200000,b,m,
1525756200.1493,18.257400,0.00000208,b,l,
1525741865.221,17.829300,321.41100000,s,l,
1525732164.5186,17.788000,64.78869463,s,l,
1525749002.8042,18.300000,2.03592896,s,l,
1525753028.2565,18.449700,9.00000000,b,m,
1525747786.426,18.300000,352.44418895,b,l,
1525761016.1475,18.410000,0.00012491,b,l,
1525752967.6125,18.322500,0.00050462,s,m,
1525748024.8556,18.380000,52.21800000,b,l,
1525747764.392,18.410900,7.12417496,s,l,
1525740484.9897,17.983900,216.78135545,b,m,
1525762365.4652,18.300000,82.30601808,s,l,
1525739262.6831,17.840000,1292.86000000,b,l,
1525746894.952,18.400000,22.21024745,b,l,
1525748042.3679,18.380000,17.73063328,b,l,
1525750744.5469,18.464900,44.51598000,b,m,
1525751333.8669,18.407000,0.20609491,s,m,
1525732164.5129,17.788000,30.18309176,s,l,
1525747786.4891,18.300000,122.11736100,b,l,
1525747787.8505,18.300000,44.60980981,b,l,
1525750499.9529,18.398000,81.54636100,b,l,
1525750100.0783,18.328800,3.00300300,b,l,
1525742043.1159,17.709300,9.97407259,s,m,
1525733345.7059,17.700000,0.03879799,s,l,
1525732164.5433,17.730500,10.00000000,s,l,
1525762397.9362,18.300000,3.50000000,s,l,
1525745040.9932,18.000000,18.78200000,b,l,
1525746901.3532,18.400000,7.77974254,b,l,
1525735779.4835,17.700300,8.32000000,s,l,
1525735780.8079,17.700100,90.68000000,b,l,
1525760046.9589,18.399900,11.07731160,b,m,
1525759036.9956,18.348100,22.83275204,b,l,
1525733738.14,17.865900,30.00000000,b,l,
1525764839.8242,18.350000,52.40900000,s,l,
1525745425.8615,18.150000,0.00005465,b,l,
1525754062.0416,18.296200,20.00000000,s,m,
1525746037.3207,18.219900,211.00000000,b,m,
1525753766.8355,18.310000,54.61496000,s,m,
1525740266.4751,17.932500,0.00000235,b,l,
1525747764.7295,18.400000,65.69141863,b,l,
1525750039.7714,18.300000,0.13579386,b,l,
1525743843.0557,17.920300,33.56200000,b,m,
1525753063.5152,18.317600,7.14000000,s,m,
1525765185.9441,18.395600,6.92000000,b,m,
1525756200.1518,18.257400,48.96740514,b,l,
1525745388.3163,18.112200,0.00000003,s,l,
1525765588.0232,18.340000,13.23372443,b,l,
1525756882.5184,18.249900,7.09479358,b,l,
1525732209.796,17.821800,519.37964801,b,m,
1525756307.2806,18.257400,3.94360642,b,l,
1525746871.7135,18.350000,877.84693084,b,l,
1525747019.8245,18.404400,4.03759449,b,l,
1525763222.8071,18.219200,0.00000263,b,l,
1525747994.1884,18.388000,280.81406183,s,l,
1525739247.4034,17.810300,9.00000000,b,l,
1525747784.8794,18.393000,23.48070000,s,l,
1525733790.9872,17.862800,141.74997559,b,l,
1525747244.7977,18.450000,0.00818119,b,l,
1525741984.3394,17.800000,52.21800000,s,l,
1525754541.0278,18.297100,46.81880000,s,m,
1525761016.1429,18.410000,132.94103367,b,l,
1525750390.212,18.320000,39.77391749,b,l,
1525746855.2351,18.300000,24.96006401,b,l,
1525744043.7125,17.890500,4.19193471,b,l,
1525747784.8894,18.359000,278.00000000,s,l,
1525747988.4696,18.470000,13.89708900,b,l,
1525746419.3746,18.167800,0.00023289,s,m,
1525733790.9904,17.862800,6.92000000,b,l,
1525761193.9637,18.412000,27.30300000,s,l,
1525747313.2841,18.423000,43.45613643,s,l,
1525757747.4064,18.349400,7.14000000,b,m,
1525758394.9796,18.295000,16.54251435,b,m,
1525747786.87,18.300000,14.67337337,b,l,
1525732194.1746,17.665900,0.16932204,s,m,
1525747787.8711,18.300000,44.69960000,b,l,
1525764302.7904,18.231200,0.00000037,s,l,
1525746885.2737,18.400000,0.48435058,b,l,
1525746868.0729,18.330000,0.31767555,b,l,
1525747616.8751,18.560000,0.00002597,b,m,
1525734425.927,17.855100,4.03246131,s,l,
1525742037.788,17.841000,17.63559218,b,m,
1525744088.1534,17.903300,58.00000000,b,m,
1525750234.9531,18.309900,5.00000000,s,m,
1525742043.09,17.800000,102.78200000,s,m,
1525746826.2829,18.260000,0.41307710,b,l,
1525733857.1473,17.879100,45.27605879,b,l,
1525733860.9101,17.900000,5.77200000,s,l,
1525749158.3589,18.339000,6.67102230,b,m,
1525733862.0913,17.900000,84.58263270,s,l,
1525764284.2565,18.230700,0.00021082,s,l,
1525762538.3874,18.300000,7.65770000,s,l,
1525750253.9361,18.319900,22.87941860,b,l,
1525747724.0474,18.436100,0.00000002,s,m,
1525762544.6231,18.300000,62.37470000,s,l,
1525746161.7466,18.220000,0.03816452,b,l,
1525733874.8854,17.900000,3.12367320,s,l,
1525733875.5082,17.900000,23.97863128,s,l,
1525747784.8864,18.360000,1361.65577000,s,l,
1525762550.907,18.300000,29.94630000,s,l,
1525753180.6692,18.411200,4.86665409,b,m,
1525758459.2176,18.294500,3.26401433,b,l,
1525762557.3524,18.300000,103.51900000,s,l,
1525763334.8714,18.230700,7.14000000,s,l,
1525762559.9147,18.300000,67.23480000,s,l,
1525752058.3098,18.339300,211.18467612,s,m,
1525762562.5475,18.300000,27.54380000,s,l,
1525748227.1441,18.380000,81.30923565,s,m,
1525735940.8229,17.810000,300.00000000,s,l,
1525739265.5089,17.839800,8.32000000,b,l,
1525758227.3227,18.220000,0.49746234,s,l,
1525742883.1526,17.815300,8.32000000,b,l,
1525747784.912,18.300000,101.46960000,s,l,
1525747458.2852,18.500000,200.00000000,b,l,
1525754541.0574,18.297000,0.00000023,s,m,
1525737223.4192,17.844200,3.68925427,b,m,
1525747459.9236,18.500000,886.03203612,b,l,
1525740052.4211,17.900000,47.78200000,s,l,
1525746197.6614,18.230000,16.01272990,b,l,
1525747801.2274,18.391500,3.00000000,b,l,
1525745388.3142,18.112200,46.71996411,s,l,
1525755369.6213,18.394600,996.75115821,b,m,
1525748255.8833,18.300600,7.14000000,s,l,
1525742043.0986,17.759000,59.53548342,s,m,
1525759408.9041,18.263700,27.37600000,s,l,
1525732209.7786,17.779700,9.00000000,b,m,
1525738027.9823,17.740900,43.62755343,s,m,
1525745074.2183,18.030000,0.03151586,b,l,
1525757906.4579,18.349500,0.00000233,b,l,
1525761193.9533,18.412000,5.08761434,s,l,
1525762609.3152,18.300000,8.74780000,s,l,
1525754419.405,18.298200,0.07206079,s,m,
1525746908.5495,18.440000,0.08592110,b,l,
1525733942.8541,17.868000,3.00000000,b,m,
1525763731.0138,18.274900,10.06000000,s,l,
1525749172.6696,18.223600,2.99222028,s,m,
1525733948.608,17.777700,50.00000000,s,l,
1525750830.2403,18.355200,8.32000000,s,m,
1525762626.9093,18.300000,1300.00000000,s,l,
1525745419.3802,18.114600,7.14000000,s,m,
1525760858.0703,18.366900,4.12300000,s,l,
1525762630.1768,18.300000,1300.00000000,s,l,
1525747386.6943,18.500000,30.13516349,b,l,
1525747727.5997,18.427800,178.50584051,s,l,
1525747786.9011,18.300000,32.73530000,b,l,
1525746908.5568,18.450000,4.00000000,b,m,
1525740484.9861,17.983600,39.48000000,b,m,
1525739271.0725,17.840000,8.06640000,b,l,
1525733969.3202,17.775400,20.00000000,s,l,
1525760594.3422,18.405900,82.45416415,b,l,
1525746855.2288,18.300000,0.00002907,b,l,
1525763222.7919,18.219100,3.45949249,b,l,
1525742170.7991,17.831800,4.20582759,b,l,
1525758735.5775,18.350000,770.03981208,b,m,
1525748316.7077,18.304600,5.00000000,s,m,
1525758394.9735,18.294900,0.00000209,b,m,
1525750368.2696,18.309900,5.00000000,s,m,
1525747784.8713,18.399300,88.78570000,s,l,
1525745425.8594,18.150000,0.03909047,b,l,
1525756521.6541,18.257400,5.00000000,b,l,
1525733438.8962,17.700000,49.50283000,s,m,
1525747816.2906,18.383200,30.00000000,s,l,
1525734163.9938,17.730400,8.32000000,s,m,
1525750389.5201,18.320000,44.86226516,b,l,
1525750390.8156,18.320000,5.18790228,b,l,
1525750391.1266,18.320000,388.34624835,b,l,
1525734164.01,17.712800,10.00000000,s,m,
1525762906.3715,18.292700,130.26590421,b,m,
1525757516.6628,18.350000,42.32757493,b,l,
1525739285.9546,17.950000,21.43449562,b,m,
1525748353.9691,18.399400,18.52733859,b,l,
1525749867.4674,18.326600,0.81878965,s,l,
1525746308.4425,18.230000,500.00000000,b,l,
1525746311.1094,18.219500,3.95180987,s,l,
1525743501.5256,17.800000,17.90129223,b,l,
1525746314.7644,18.219500,7.84421489,b,l,
1525732119.8463,17.800300,10.00000000,s,l,
1525764749.5822,18.348900,4.08743848,s,l,
1525750389.2006,18.320000,343.94403288,b,l,
1525746161.7032,18.220000,47.74381407,b,l,
1525746328.0667,18.219500,52.21800000,b,l,
1525765256.803,18.331600,12.20701686,b,l,
1525750427.9012,18.320000,122.11736100,b,l,
1525747457.8337,18.500000,1300.00000000,b,l,
1525756573.479,18.257400,4.50000000,b,l,
1525752482.027,18.495700,3.89271251,b,l,
1525762723.6449,18.300000,27.41758241,s,m,
1525753063.5178,18.317100,20.00000000,s,m,
1525762725.1074,18.300000,44.80000000,s,l,
1525743843.0479,17.880000,0.03533494,b,m,
1525750442.5404,18.320000,52.21800000,b,l,
1525754541.0535,18.297000,0.03409361,s,m,
1525764302.7858,18.231200,0.06440318,s,l,
1525751388.3505,18.499700,0.14755451,b,m,
1525744755.6679,17.942500,20.00000000,s,l,
1525750452.0319,18.320000,68.36009164,b,l,
1525755558.427,18.315000,85.64404586,s,l,
1525734857.3758,17.700600,7.14000000,s,l,
1525762976.296,18.209600,10.00000000,s,m,
1525746805.006,18.230000,0.97927011,b,l,
1525755369.6168,18.370100,0.00000208,b,m,
1525761194.5087,18.412000,103.06870000,s,l,
1525764808.769,18.311100,3.91379220,b,l,
1525751333.8688,18.407000,0.00053414,s,m,
1525764815.9726,18.350000,20.00000000,s,l,
1525746126.0689,18.220000,52.21800000,b,l,
1525763731.0014,18.275000,9.00000000,s,l,
1525740249.9835,17.900000,118.98445001,s,l,
1525751960.883,18.499000,122.11736100,b,l,
1525746395.4014,18.181900,3.40322580,s,l,
1525736172.3481,17.753600,0.00741049,s,l,
1525740253.6828,17.900000,4.39499999,s,l,
1525764830.9582,18.350000,52.21800000,s,l,
1525747787.1122,18.300000,3.27557557,b,l,
1525746400.7613,18.170000,52.21800000,b,l,
1525758689.6797,18.294500,41.04104104,b,l,
1525750499.9487,18.397600,6.92000000,b,l,
1525747787.339,18.300000,120.84361930,b,l,
1525764839.9638,18.350000,13.07491200,s,l,
1525746408.8246,18.170000,20.00000000,b,l,
1525746409.6801,18.170000,52.21800000,b,l,
1525740266.4505,17.932500,3.67110735,b,l,
1525748660.9231,18.439800,0.08179496,b,l,
1525751250.2456,18.498000,2.07143681,b,l,
1525764846.5689,18.350000,3.00000000,s,l,
1525748464.1346,18.386900,100.00000000,b,m,
1525740249.1203,17.900000,52.21800000,s,l,
1525764850.5033,18.350000,60.08629580,s,l,
1525746419.3675,18.167800,48.82732281,s,m,
1525738882.9861,17.686800,0.00017168,s,m,
1525751961.8953,18.499000,76.89859545,b,l,
1525765588.0299,18.340000,0.02114014,b,l,
1525739020.9477,17.748900,119.85180000,s,m,
1525746474.1199,18.170000,52.21800000,b,l,
1525732094.0605,17.800000,0.07676091,s,m,
1525747157.8848,18.450000,94.00000000,b,m,
1525732209.7859,17.780000,0.15595649,b,m,
1525762817.7003,18.300000,27.41758241,s,m,
1525747419.7252,18.500000,80.08008008,b,l,
1525746475.689,18.170000,20.00000000,b,l,
1525747383.8666,18.500000,54.70422222,b,l,
1525746438.7458,18.170000,8.00000000,b,l,
1525748488.0685,18.313600,5.00000000,s,m,
1525746441.331,18.170000,20.00000000,b,l,
1525740298.7425,17.932500,0.50830624,s,l,
1525753028.2503,18.420800,7.29998113,b,m,
1525758734.8376,18.294500,41.12479707,b,m,
1525758735.5723,18.294500,79.96018792,b,m,
1525738256.7435,17.800500,4.03745863,b,l,
1525734163.9803,17.730500,63.62008310,s,m,
1525734164.0138,17.712700,267.75224274,s,m,
1525732119.851,17.800200,19.14400000,s,l,
1525734163.9975,17.730200,1300.00000000,s,m,
1525746457.1848,18.170000,52.21800000,b,l,
1525739285.9403,17.905500,80.66313364,b,m,
1525754651.3693,18.400000,10.00000000,b,m,
1525751961.8988,18.499800,6.55376644,b,l,
1525742043.12,17.709300,0.00006207,s,m,
1525732132.384,17.788000,114.62811524,s,l,
1525746822.4027,18.250000,118.58838761,b,l,
1525751982.8521,18.499100,0.00257318,b,l,
1525732138.7398,17.788000,18.18879300,s,l,
1525752967.6084,18.322500,75.98245331,s,m,
1525759408.9073,18.250400,9.00000000,s,l,
1525746824.1026,18.250000,31.38023241,b,l,
1525746826.2779,18.260000,258.58626198,b,l,
1525753766.8536,18.285600,0.05224528,s,m,
1525734164.0011,17.730200,105.01200000,s,m,
1525734164.0057,17.730000,15.00000000,s,m,
1525762876.9689,18.300000,27.43265530,s,m,
1525746826.294,18.276800,0.00063622,b,l,
1525762927.6313,18.290600,0.00524785,b,m,
1525732164.5394,17.730600,4.00990000,s,l,
1525732165.064,17.725100,4.00990000,b,l,
1525747994.629,18.380000,6.34914915,b,l,
1525733857.1338,17.878900,36.92200000,b,l,
1525745804.5503,18.230100,5.09253896,s,l,
1525732164.5233,17.786000,3.00000000,s,l,
1525732164.6706,17.700000,14.96110140,s,m,
1525732119.8543,17.800000,90.27700000,s,l,
1525754419.409,18.298200,0.00000049,s,m,
1525740370.1746,17.900000,52.21800000,s,l,
1525748568.7952,18.326700,0.00002012,s,m,
1525733860.8631,17.900000,7.27002270,s,l,
1525762906.3687,18.292700,10.00000000,b,m,
1525762908.7992,18.250000,9.78201320,s,l,
1525762910.1014,18.250000,115.21159769,s,l,
1525762912.8523,18.250000,115.17600870,s,l,
1525746918.7728,18.450000,91.40402710,b,m,
1525732194.1703,17.665900,84.83034100,s,m,
1525762917.8924,18.250000,103.95310000,s,l,
1525746850.5721,18.300000,4.40000000,b,l,
1525740484.9781,17.951800,9.00000000,b,m,
1525748227.1406,18.380200,8.32000000,s,m,
1525747784.9094,18.300000,81.34197820,s,l,
1525762927.6395,18.292000,13.16378482,b,m,
1525732209.7906,17.799000,43.44451200,b,m,
1525738354.6121,17.800500,4.21336479,s,l,
1525747784.8765,18.399000,205.00000000,s,l,
1525745419.3894,18.114000,0.00000092,s,m,
1525755369.6148,18.370100,0.00259492,b,m,
1525748660.9328,18.494800,176.62239814,b,l,
1525754062.0573,18.287100,30.00000000,s,m,
1525762877.0466,18.300000,49.13654436,s,l,
1525740418.9581,17.900000,14.18455000,s,l,
1525763222.8098,18.219900,20.27620350,b,l,
1525745419.3852,18.114000,0.88396288,s,m,
1525755372.4571,18.370000,52.21800000,s,l,
1525751959.9222,18.499000,50.98404355,b,l,
1525760910.1117,18.410000,34.27537538,b,l,
1525750253.9488,18.320000,29.33858140,b,l,
1525751388.3432,18.499600,0.03189785,b,m,
1525760913.5436,18.410000,4.07387288,b,l,
1525752058.266,18.406200,30.27500000,s,l,
1525749784.3364,18.340000,0.00000034,b,l,
1525751961.9011,18.499800,0.01046928,b,l,
1525732164.5273,17.750000,15.00000000,s,l,
1525748635.0302,18.385500,52.21800000,b,l,
1525732165.0239,17.700000,14.31269883,s,m,
1525762976.2886,18.220000,60.36476117,s,m,
1525738882.9791,17.686800,55.19500000,s,m,
1525748645.8847,18.385500,52.21800000,b,l,
1525746161.7487,18.220000,0.00002141,b,l,
1525742851.2162,17.814900,7.14000000,b,m,
1525748649.762,18.385500,95.14240599,b,m,
1525761193.4775,18.377200,49.95000000,b,l,
1525758896.4442,18.349400,49.10093729,s,l,
1525739336.3471,17.950000,18.56550438,b,l,
1525748660.9208,18.439800,58.50676275,b,l,
1525760009.2707,18.377200,0.00391358,b,l,
1525760219.6635,18.409800,3.90600000,s,l,
1525742761.0981,17.799200,3.35379146,b,m,
1525746847.5624,18.300000,903.37040262,b,l,
1525761194.6385,18.412000,489.72530000,s,l,
1525747244.8033,18.450000,46.35792358,b,l,
1525750830.2461,18.355200,0.05409474,s,m,
1525758915.5454,18.349800,3.92374848,b,l,
1525740484.9834,17.983500,121.68262249,b,m,
1525750039.7614,18.300000,135.92965177,b,l,
1525749172.6728,18.223600,0.00775960,s,m,
1525746850.5973,18.300000,692.22959738,b,l,
1525746641.5895,18.230000,48.00000000,b,m,
1525756882.5221,18.250000,3.00000000,b,l,
1525750744.5494,18.474300,121.99524364,b,m,
1525745152.9631,18.090000,268.15811000,b,m,
1525748255.8877,18.300000,348.29070025,s,l,
1525758459.22,18.294500,0.00391213,b,l,
1525747878.8778,18.434400,59.43250800,b,m,
1525736423.3116,17.862600,4.19871687,s,l,
1525746855.2374,18.300000,0.03987230,b,l,
1525732554.8047,17.806200,0.84291015,b,l,
1525745152.9518,18.089400,7.14000000,b,m,
1525752967.6043,18.322700,8.32000000,s,m,
1525739285.9325,17.900000,0.00865852,b,m,
1525747019.8198,18.404400,4.03961062,b,l,
1525746826.2868,18.260000,0.00000106,b,l,
1525761193.4806,18.377300,1300.00000000,b,l,
1525761016.1377,18.409900,52.43351400,b,l,
1525761017.2088,18.412000,52.43351400,s,l,
1525746855.2395,18.300000,0.00006369,b,l,
1525763222.8021,18.219200,4.10760351,b,l,
1525745152.9598,18.090000,0.00005460,b,m,
1525761195.6642,18.412000,991.84500000,s,l,
1525762877.044,18.300000,49.16941273,s,l,
1525752058.3046,18.396600,42.23529257,s,m,
1525761196.8463,18.412000,991.84500000,s,l,
1525747543.5533,18.479800,2.55338054,s,m,
1525750830.2501,18.355200,0.00000036,s,m,
1525761197.7829,18.412000,27.25100830,s,m,
1525748568.7932,18.326700,0.00775960,s,m,
1525761043.9684,18.412000,10.00000000,s,l,
1525751982.8497,18.499100,3.21905349,b,l,
1525744663.8466,17.973600,5.56372000,b,l,
1525738521.7338,17.800500,4.20000000,b,m,
1525752058.2846,18.406100,9.00000000,s,l,
1525762877.0408,18.300000,784.45062949,s,l,
1525762906.3055,18.250000,39.87758250,s,l,
1525748767.2073,18.462300,38.00000000,b,l,
1525759009.6075,18.272500,52.21800000,s,l,
1525747386.7091,18.500000,246.95483653,b,l,
1525762908.9965,18.250000,12.70495630,s,l,
1525748660.9252,18.439800,0.00011435,b,l,
1525765474.4752,18.340000,2.58396947,s,l,
1525750830.244,18.355200,20.85976461,s,m,
1525746867.2052,18.330000,85.74496379,b,l,
1525750744.5439,18.411600,3.00000000,b,m,
1525745152.9578,18.090000,0.03620708,b,m,
1525737652.9812,17.848400,290.64200000,b,m,
1525759036.9918,18.347900,7.14000000,b,l,
1525747787.9022,18.300000,64.03088595,b,l,
1525753063.5008,18.328500,6.92000000,s,m,
1525747786.856,18.300000,5.99621494,b,l,
1525765185.9534,18.395900,134.08000000,b,m,
1525734164.0169,17.712700,0.29567416,s,m,
1525736518.4629,17.875900,4.00000000,b,m,
1525747994.1936,18.385700,3.22978758,s,l,
1525739020.9624,17.743400,216.34797319,s,m,
1525746871.4955,18.350000,122.11736100,b,l,
1525745506.5724,18.200000,0.24151673,b,l,
1525761197.5665,18.412000,20.00000000,s,l,
1525746872.9305,18.367900,0.00600030,b,l,
1525734482.111,17.863800,4.19329408,b,l,
1525757012.6186,18.279000,5.97457457,b,l,
1525732439.9999,17.710500,6.92000000,s,l,
1525732440.0025,17.710100,22.27010000,s,l,
1525750744.5414,18.411600,3.00000000,b,m,
1525762917.9167,18.250000,105.26734247,s,l,
1525757906.4635,18.350000,6.60430518,b,l,
1525737652.9784,17.847800,7.14000000,b,m,
1525746876.2869,18.389900,27.77600000,b,m,
1525762906.3598,18.292500,249.13202315,b,m,
1525759085.2095,18.337400,4.09000185,s,l,
1525761135.3472,18.412000,2.05900520,s,l,
1525754541.0503,18.297000,13.14701775,s,m,
1525759848.5425,18.254400,0.00008578,s,m,
1525739285.9504,17.949800,22.37760000,b,m,
1525744755.6746,17.935400,30.00000000,s,l,
1525746804.9879,18.230000,1225.06691403,b,l,
1525746805.009,18.230000,0.00078272,b,l,
1525733345.7034,17.700000,14.96110140,s,l,
1525748649.8433,18.390000,107.50508583,b,m,
1525745514.8671,18.240000,104.00000000,b,m,
1525748660.9295,18.483000,20.00000000,b,l,
1525755011.0679,18.377300,3.91304347,b,l,
1525757061.8712,18.279000,24.02542543,b,l,
1525746822.4098,18.250000,5.00000000,b,m,
1525752967.6106,18.322500,0.19704207,s,m,
1525746824.1069,18.250000,0.00003110,b,l,
1525746826.292,18.276800,0.53081614,b,l,
1525746882.0876,18.390000,0.05195686,b,l,
1525764284.2482,18.230900,8.32000000,s,l,
1525762927.636,18.291900,130.26590421,b,m,
1525739020.9584,17.748800,1300.00000000,s,m,
1525759408.8928,18.272500,2.50904000,s,l,
1525759125.653,18.350000,128.16830781,b,l,
1525763222.8137,18.220000,10.00000000,b,l,
1525739495.8159,18.000000,4.30352432,s,l,
1525753028.2617,18.450000,0.05055907,b,m,
1525762927.6333,18.290600,0.00000420,b,m,
1525750942.1459,18.450000,21.10000000,s,l,
1525746847.581,18.300000,396.62959738,b,l,
1525746850.5381,18.300000,603.37040262,b,l,
1525746851.536,18.300000,1300.00000000,b,l,
1525746852.7958,18.300000,178.21981982,b,l,
1525746886.3342,18.400000,100.00000000,b,l,
1525746854.8652,18.300000,1300.00000000,b,l,
1525746855.2437,18.300000,67.56677820,b,l,
1525742761.1075,17.815300,6.92000000,b,m,
1525761194.5455,18.412000,500.91320000,s,l,
1525763243.3181,18.234600,5.00500501,b,l,
1525761196.25,18.412000,1300.00000000,s,l,
1525761197.9898,18.412000,1300.00000000,s,l,
1525738882.9841,17.686800,0.56949092,s,m,
1525761199.6747,18.412000,482.08403215,s,l,
1525755057.2534,18.370900,3.61048724,b,m,
1525753766.8476,18.300000,49.72677594,s,m,
1525746867.355,18.330000,11.18412571,b,l,
1525746868.0775,18.330000,0.00000033,b,l,
1525746871.7161,18.350000,0.03570816,b,l,
1525746872.9269,18.367900,3.75618498,b,l,
1525747381.0083,18.499900,154.70422222,b,l,
1525748255.8683,18.347400,37.07976597,s,l,
1525746876.2925,18.390000,27.22400000,b,m,
1525732554.7959,17.806100,3.36603460,b,l,
1525746878.9489,18.390000,52.21800000,b,l,
1525747232.7427,18.450000,75.00000000,b,m,
1525746882.08,18.390000,32.52499257,b,l,
1525759171.3347,18.370000,67.72889766,b,l,
1525753028.2746,18.496800,36.96832066,b,m,
1525746885.2792,18.400000,32.61814003,b,l,
1525759174.9619,18.375200,10.48810000,s,l,
1525763271.6836,18.234600,4.11036206,b,l,
1525732554.8023,17.806100,0.00000215,b,l,
1525746893.9885,18.399200,4.02684563,s,l,
1525746894.9432,18.400000,11.09119970,b,l,
1525756109.394,18.220000,7.92713163,s,l,
1525746896.6182,18.400000,20.00000000,b,l,
1525746897.2808,18.399200,4.03745863,s,l,
1525746899.5191,18.399200,60.00000000,s,l,
1525746900.1284,18.400000,10.01001001,b,l,
1525746894.9369,18.400000,0.00000003,b,l,
1525747313.2887,18.423000,0.00028936,s,l,
1525746908.5623,18.450000,1.96316222,b,m,
1525739020.9717,17.717000,20.59322682,s,m,
1525751333.8574,18.407000,8.32000000,s,m,
1525746912.8696,18.450000,25.54838247,b,l,
1525742817.427,17.800000,21.95677993,s,l,
1525763298.8465,18.230400,6.92000000,s,l,
1525757158.2965,18.327700,4.09216650,s,l,
1525753063.5211,18.317000,241.00000000,s,m,
1525760046.9622,18.400000,12.00000000,b,m,
1525740780.8538,17.946900,5.00000000,b,l,
1525748227.1254,18.380600,7.14000000,s,m,
1525765362.1842,18.340000,60.36157800,s,l,
1525738882.9691,17.738600,119.92140000,s,m,
1525748981.6441,18.363700,50.26613354,b,l,
1525763319.3562,18.230300,7.57810000,s,l,
1525748255.8797,18.336600,10.00000000,s,l,
1525753028.272,18.454700,288.19000000,b,m,
1525763285.2597,18.234600,8.41499999,b,l,
1525746868.0806,18.330000,200.00000000,b,l,
1525738027.9732,17.741000,8.32000000,s,m,
1525747383.8819,18.500000,43.40611878,b,l,
1525762276.6323,18.300000,0.62101555,s,l,
1525734662.1112,17.711000,0.00001504,s,l,
1525747244.8,18.450000,0.00001143,b,l,
1525749002.8077,18.288100,3.00000000,s,l,
1525751388.3452,18.499600,0.00004288,b,m,
1525753028.2636,18.450000,0.00003712,b,m,
1525742043.1046,17.746300,31.50122216,s,m,
1525743491.1165,17.800000,4.02684563,b,l,
1525747019.8174,18.404300,4.03506018,b,l,
1525741818.6865,17.829300,48.78700000,s,l,
1525748660.9063,18.390000,40.87755417,b,l,
1525742883.1577,17.815500,47.81026000,b,l,
1525763364.4876,18.234600,26.88688689,b,l,
1525732165.0336,17.664000,8.95925584,s,m,
1525746908.5646,18.450000,0.00283778,b,m,
1525757231.5159,18.250000,0.00000009,s,m,
1525757231.5016,18.250000,203.60804256,s,m,
1525732817.3102,17.801500,15.00000000,s,l,
1525754419.402,18.298200,27.78775185,s,m,
1525746910.7997,18.450000,500.00000000,b,m,
1525747411.0896,18.500000,68.32511852,b,l,
1525759287.2164,18.375200,40.48986133,s,l,
1525764119.1256,18.230100,41.35501988,s,l,
1525748255.8714,18.347400,15.76221121,s,l,
1525758459.2102,18.294400,38.41300000,b,l,
1525756128.7542,18.220000,52.21800000,s,l,
1525747616.8814,18.588600,6.92000000,b,m,
1525765444.664,18.350000,3.92370572,b,l,
1525759848.5403,18.254400,0.03582782,s,m,
1525733480.4358,17.833100,3.25002441,b,m,
1525755638.5966,18.255100,92.76815085,b,l,
1525759305.8979,18.314500,3.00000000,s,l,
1525747019.8094,18.404300,4.04258186,b,l,
1525763298.8561,18.230000,45.29800000,s,l,
1525743501.5661,17.800000,0.00004568,b,l,
1525763409.7976,18.234600,17.71596905,b,l,
1525743843.0451,17.880000,22.15354506,b,m,
1525751125.8038,18.497400,13.69902650,b,m,
1525747031.984,18.411900,3.35842825,b,l,
1525762276.6371,18.300000,0.00148687,s,l,
1525747034.754,18.416400,4.02853544,b,l,
1525753180.678,18.411500,38.10300000,b,m,
1525751133.1759,18.498000,78.52456310,b,l,
1525763422.4102,18.252600,10.00003095,b,l,
1525747764.3948,18.402100,16.64490000,s,l,
1525765474.4493,18.340000,3232.54829335,s,l,
1525746867.2186,18.330000,225.00000000,b,m,
1525753063.5292,18.307200,0.00032843,s,m,
1525762276.641,18.300000,0.00000356,s,l,
1525757516.6574,18.349300,0.00260551,b,l,
1525755247.9402,18.372200,4.08225471,s,l,
1525743843.0529,17.916000,121.68262249,b,m,
1525753063.5311,18.307200,0.00000053,s,m,
1525762017.646,18.300000,4.31264594,s,l,
1525738882.9665,17.738800,1300.00000000,s,m,
1525751171.1035,18.409100,3.07755977,s,m,
1525745031.7203,18.000000,52.21800000,b,l,
1525751961.9032,18.499800,0.00001672,b,l,
1525756200.1464,18.257400,0.00259632,b,l,
1525745040.9963,18.000000,30.00000000,b,l,
1525747089.2161,18.450000,52.21800000,b,l,
1525748255.8593,18.380000,27.50468435,s,l,
1525738882.982,17.686800,407.34872311,s,m,
1525738906.582,17.783400,20.00000000,s,l,
1525751196.2378,18.498000,42.04204204,b,l,
1525747102.5143,18.450000,36.93551399,b,l,
1525758394.9767,18.295000,6.92000000,b,m,
1525763312.4252,18.234600,14.91118716,b,l,
1525734662.101,17.763600,20.00000000,s,l,
1525744539.1891,17.970000,40.00000000,b,l,
1525747784.9047,18.300100,42.68000000,s,l,
1525749158.3683,18.339100,4.32897770,b,m,
1525763499.2382,18.230600,6.50049938,b,l,
1525760242.617,18.362400,13.66416462,b,l,
1525749166.2946,18.339000,9.00000000,b,l,
1525759408.9103,18.250200,260.85542367,s,l,
1525758536.1317,18.294500,37.87397397,b,l,
1525745074.215,18.030000,39.96848414,b,l,
1525749172.6748,18.223600,0.00002012,s,m,
1525753063.5245,18.307200,128.70587549,s,m,
1525751223.7331,18.498000,3.89231268,b,l,
1525753063.5095,18.328000,78.70819511,s,m,
1525748639.2122,18.385500,3.91612955,b,l,
1525745506.5817,18.210000,0.00011393,b,l,
1525748981.6777,18.300000,250.00000000,s,m,
1525762976.304,18.200000,187.10173649,s,m,
1525753028.2689,18.454500,8.32000000,b,m,
1525752053.0319,18.500000,24.56400000,s,l,
1525751237.5884,18.498000,123.46964537,b,l,
1525742043.0958,17.789700,3.05904009,s,m,
1525734856.9464,17.705500,20.00000000,s,l,
1525734857.3795,17.700000,130.84156030,s,l,
1525738882.9718,17.714700,154.40016429,s,m,
1525759435.1667,18.371500,5.45000000,b,m,
1525759408.9201,18.250200,0.25953633,s,l,
1525732817.3128,17.800600,0.89942387,s,l,
1525751250.2538,18.499700,120.04592419,b,l,
1525765588.0328,18.340000,0.00003377,b,l,
1525747157.8775,18.431500,6.00000000,b,m,
1525749668.9605,18.326600,0.00261471,b,l,
1525755354.0614,18.370000,52.21800000,s,l,
1525754419.4071,18.298200,0.00018687,s,m,
1525741818.6833,17.829400,3.43100000,s,l,
1525732209.7838,17.780000,130.11969901,b,m,
1525739285.5015,17.900000,9.57109562,b,l,
1525756155.6516,18.220000,20.00000000,s,l,
1525747383.8759,18.500000,0.03828862,b,l,
1525755366.3937,18.370000,3.24443606,s,l,
1525755369.6036,18.370100,3.24624479,b,m,
1525745419.3874,18.114000,0.00158827,s,m,
1525738882.976,17.714600,5.64505000,s,m,
1525762976.3218,18.156700,10.84437363,s,m,
1525746908.5735,18.450000,18.78200000,b,m,
1525738961.1828,17.839600,4.73482497,b,l,
1525742780.0529,17.815500,100.00000000,b,m,
1525755380.9984,18.370000,52.21800000,s,l,
1525748649.8372,18.385500,8.35250818,b,m,
1525761193.9057,18.412000,7.63680000,s,l,
1525746872.9325,18.367900,0.00000958,b,l,
1525745152.9556,18.090000,22.66562832,b,m,
1525746826.3028,18.300000,595.97358470,b,l,
1525755399.2251,18.370000,107.83046160,s,l,
1525755401.6062,18.370000,232.27110234,s,l,
1525733438.8896,17.700300,9.00000000,s,m,
1525739020.9666,17.729700,308.70999999,s,m,
1525736172.3461,17.753600,4.32466864,s,l,
1525742851.2258,17.815300,8.32000000,b,m,
1525747313.2713,18.443100,27.11000000,s,l,
1525749271.589,18.342800,7.00000000,b,m,
1525749687.6159,18.333000,0.02563283,b,l,
1525741505.6608,17.829200,3.42754710,b,l,
1525747631.5343,18.487100,27.04500000,s,l,
1525736989.2445,17.848200,4.03402023,s,l,
1525738027.9872,17.740900,0.00005808,s,m,
1525751333.8648,18.407000,79.47337095,s,m,
1525751334.7093,18.407000,5.00000000,s,m,
1525741505.6711,17.829300,13.56971086,b,l,
1525751388.3561,18.499800,89.38164966,b,m,
1525747616.8783,18.588400,7.14000000,b,m,
1525747244.7932,18.450000,5.85188380,b,l,
1525762927.6214,18.290600,6.56505892,b,m,
1525742173.4248,17.831800,4.03759449,b,l,
1525753393.2461,18.398000,4.07653004,b,l,
1525748255.8646,18.347400,4.83649121,s,l,
1525749784.3343,18.340000,0.00028378,b,l,
1525761536.3576,18.366400,3.92011673,b,l,
1525748660.9358,18.499700,95.21572547,b,l,
1525747261.5105,18.450000,113.09070000,b,l,
1525750830.2253,18.355300,70.76600000,s,m,
1525747263.4816,18.450000,52.21800000,b,l,
1525732164.6734,17.700000,0.03879799,s,m,
1525754419.3247,18.298800,7.14000000,s,m,
1525760046.9562,18.377300,0.00912617,b,m,
1525742851.2283,17.815500,284.54000000,b,m,
1525750830.248,18.355200,0.00014029,s,m,
1525751171.1123,18.409100,1.92244023,s,m,
1525762906.3625,18.292600,19.48955058,b,m,
1525753028.2533,18.426200,20.53884060,b,m,
1525742043.1071,17.709300,92.41445556,s,m,
1525740484.9931,17.989900,479.76602206,b,m,
1525732554.7991,17.806100,0.00269068,b,l,
1525752058.2878,18.405800,119.37873176,s,l,
1525752058.3071,18.339400,132.98855696,s,m,
1525747616.856,18.537500,4.00785985,b,m,
1525751388.3484,18.499700,184.59068191,b,m,
1525747294.5616,18.452200,4.02371755,b,l,
1525739792.1906,17.949900,256.02634555,b,l,
1525733307.778,17.765100,41.74880644,s,l,
1525736172.3435,17.762500,61.92792087,s,l,
1525753766.8556,18.285600,0.00008928,s,m,
1525742043.1012,17.746400,10.10900000,s,m,
1525762906.3657,18.292600,135.34039582,b,m,
1525745506.5774,18.210000,46.95357935,b,l,
1525747313.279,18.430200,3.72487126,s,l,
1525739285.9473,17.922200,20.00000000,b,m,
1525758227.3249,18.220000,0.00098793,s,l,
1525746826.2959,18.276800,0.00000076,b,l,
1525747988.464,18.459900,15.93713943,b,l,
1525736172.3384,17.774800,313.64000000,s,l,
1525747383.8785,18.500000,0.00005901,b,l,
1525757516.6596,18.349300,0.00000208,b,l,
1525732164.6757,17.700000,0.00010061,s,m,
1525752095.8192,18.400000,0.10777159,b,l,
1525733312.5631,17.765100,96.76194336,s,l,
1525763716.8055,18.274500,20.00000000,b,l,
1525741505.667,17.829200,0.00000219,b,l,
1525758459.2248,18.294500,1.94518025,b,l,
1525750039.7744,18.300000,0.00012815,b,l,
1525746293.9921,18.230000,3.74801324,b,l,
1525747344.2747,18.474000,4.01725186,b,l,
1525763731.0229,18.274800,3.15800000,s,l,
1525747957.9944,18.385600,3.46414397,s,l,
1525758459.2221,18.294500,0.00000468,b,l,
1525746826.2997,18.280000,100.00000000,b,l,
1525747352.8033,18.499900,4.01800000,b,l,
1525740484.9807,17.952100,313.29000000,b,m,
1525747994.1911,18.387900,20.00000000,s,l,
1525747764.3981,18.402000,179.00000000,s,l,
1525757516.6324,18.349300,3.25948171,b,l,
1525753506.9012,18.398000,29.45200000,b,l,
1525762017.6578,18.300000,0.01035406,s,l,
1525753063.5125,18.326000,8.32000000,s,m,
1525755558.4435,18.234400,31.02328225,s,l,
1525747313.2865,18.423000,0.11269295,s,l,
1525747655.7864,18.447000,10.17000000,s,l,
1525748227.1167,18.387300,3.23076435,s,m,
1525733037.6088,17.821600,4.03961062,b,l,
1525743279.9843,17.839900,17.68114000,b,l,
1525741234.2122,17.886600,5.59078000,s,l,
1525741237.8822,17.872200,4.31578952,s,l,
1525747383.8728,18.500000,23.96867237,b,l,
1525747385.1383,18.500000,4.34135673,b,l,
1525747386.7002,18.500000,7.98722045,b,l,
1525752095.8148,18.400000,89.91743128,b,l,
1525747784.896,18.322200,299.54000000,s,l,
1525747389.4036,18.500000,112.74800000,b,l,
1525741246.1768,17.829300,8.40124244,s,l,
1525750389.2201,18.320000,5.85159980,b,l,
1525753028.2662,18.454100,7.14000000,b,m,
1525747616.8842,18.588900,265.42992748,b,m,
1525736172.3294,17.810000,20.00000000,s,l,
1525746197.6566,18.220000,3.00000000,b,l,
1525747408.8641,18.496700,3.34414607,b,l,
1525747409.6944,18.500000,122.11736100,b,l,
1525747411.6734,18.500000,3.78508474,b,l,
1525747412.6551,18.500000,122.11736100,b,l,
1525739222.127,17.780000,25.00000000,b,l,
1525740836.2378,17.963300,4.00785985,b,l,
1525747419.5881,18.500000,200.00000000,b,m,
1525742761.1109,17.815700,39.72620854,b,m,
1525747425.9356,18.500000,52.21800000,b,l,
1525739020.9691,17.717100,34.49700000,s,m,
1525751388.3397,18.499600,19.96805927,b,m,
1525747432.1847,18.500000,1300.00000000,b,l,
1525747433.1591,18.500000,3.44400000,b,m,
1525762906.2995,18.250600,5.00000000,s,l,
1525757906.4486,18.349500,6.48498113,b,l,
1525762906.3743,18.292900,19.48955058,b,m,
1525733857.1506,17.895200,5.58810000,b,l,
1525756200.1418,18.257400,3.24799646,b,l,
1525747784.9021,18.303100,1300.00000000,s,l,
1525747445.2292,18.500000,27.57461463,b,l,
1525755638.5998,18.255100,0.09184915,b,l,
1525747450.82,18.500000,35.00000000,b,m,
1525747452.5652,18.500000,64.51598919,b,l,
1525747453.3379,18.500000,52.21800000,b,l,
1525739262.6787,17.839400,7.14000000,b,l,
1525754541.0555,18.297000,0.00008841,s,m,
1525739265.513,17.840000,1291.68000000,b,l,
1525732209.7935,17.802500,297.89999999,b,m,
1525747459.93,18.500000,0.00031084,b,l,
1525747631.5404,18.475000,3.93599319,s,l,
1525735174.617,17.782900,10.39434425,b,l,
1525737223.4273,17.848800,16.95773385,b,m,
1525739273.4052,17.840000,907.39360000,b,l,
1525750744.5211,18.398000,168.45363900,b,m,
1525745419.3832,18.114000,491.97444793,s,m,
1525748568.7871,18.326700,2.99222023,s,m,
1525739277.8491,17.880000,25.00000000,b,l,
1525745425.8568,18.150000,27.96085480,b,l,
1525746868.0753,18.330000,0.00038075,b,l,
1525746894.9312,18.400000,280.65242250,b,l,
1525739285.9278,17.900000,5.42023227,b,m,
1525757231.5117,18.250000,0.52800809,s,m,
1525745440.6595,18.209600,6.88183115,b,m,
1525762976.2921,18.210000,5.00000000,s,m,
1525746882.0897,18.390000,0.00008057,b,l,
1525763881.7589,18.256200,20.00000000,b,l,
1525760009.2761,18.377300,70.99097654,b,l,
1525746311.1026,18.219600,20.00000000,s,l,
1525732164.5326,17.750000,10.00000000,s,l,
1525762499.2778,18.300000,3.70000000,s,l,
1525739485.3409,18.000000,12.80497030,s,l,
1525741234.2079,17.893300,3.00000000,s,l,
1525746826.2849,18.260000,0.00065986,b,l,
1525757747.4154,18.350000,52.86000000,b,m,
1525764284.2286,18.231400,6.06314912,s,l,
1525745461.3305,18.210000,100.00000000,b,m,
1525748020.978,18.380000,76.04104104,b,l,
1525747019.8139,18.404300,4.03795679,b,l,
1525748042.3735,18.380000,0.00001767,b,l,
1525746867.8122,18.330000,26.88812546,b,l,
1525733869.3393,17.900000,22.92695010,s,l,
1525745474.3216,18.210000,39.11736100,b,l,
1525745860.3153,18.199000,4.81761238,s,l,
1525733345.7079,17.700000,0.00010061,s,l,
1525746908.5788,18.450000,50.00000000,b,m,
1525740484.9749,17.941700,20.00000000,b,m,
1525739285.9352,17.900000,0.00001359,b,m,
1525747786.2994,18.300000,1300.00000000,b,l,
1525745383.9586,18.109300,5.52202000,b,l,
1525753028.2295,18.420600,3.24026540,b,m,
1525763222.8046,18.219200,0.00328345,b,l,
1525733790.9814,17.862800,10.00000000,b,l,
1525747543.5158,18.479800,11.44661946,s,m,
1525753691.7916,18.371300,3.00000000,b,m,
1525764302.7881,18.231200,0.00015420,s,l,
1525747631.5371,18.479700,3.81497144,s,l,
1525747552.5882,18.517500,20.00000000,b,l,
1525747344.284,18.499900,245.00000000,b,m,
1525745506.5795,18.210000,0.07500572,b,l,
1525750075.0306,18.329100,80.08008008,b,l,
1525762976.3173,18.200000,89.15562637,s,m,
1525759848.5445,18.254400,0.00000021,s,m,
1525740266.473,17.932500,0.00293454,b,l,
1525760046.968,18.410000,110.88466494,b,m,
1525739792.1879,17.949800,7.14000000,b,l,
1525762365.47,18.300000,0.14788464,s,l,
1525762835.4475,18.307300,4.09484758,b,l,
1525763731.0168,18.274900,20.00000000,s,l,
1525745524.2693,18.240000,96.00000000,b,l,
1525762365.4723,18.300000,0.00025728,s,l,
1525743479.4583,17.800000,78.04322007,s,l,
1525748660.9272,18.439800,0.00000016,b,l,
1525747616.8694,18.560000,12.47121197,b,m,
1525747294.5512,18.452200,4.02236884,b,l,
1525737450.4869,17.878600,91.00000000,b,m,
1525742043.1181,17.709300,0.02586534,s,m,
1525746885.27,18.400000,696.51564942,b,l,
1525752811.467,18.500000,186.70000000,b,l,
1525744771.9454,18.000000,4.00000000,b,l,
1525732165.0296,17.700000,5.00000000,s,m,
1525762843.0762,18.307000,3.93105368,b,l,
1525749002.7996,18.300100,31.25511485,s,l,
1525743501.5641,17.800000,0.02859632,b,l,
1525753742.1344,18.397100,3.91366030,s,l,
1525747693.7573,18.447000,52.21800000,s,l,
1525746908.5471,18.440000,53.91407890,b,l,
1525752058.3119,18.339300,0.00000003,s,m,
1525765367.3298,18.340000,52.21800000,s,l,
1525747616.8718,18.560000,0.01992206,b,m,
1525749668.9566,18.326600,3.27100566,b,l,
1525749669.157,18.333000,4.92184785,b,l,
1525753766.8507,18.285600,29.07739950,s,m,
1525747386.2039,18.500000,122.11736100,b,l,
1525757231.5139,18.250000,0.00136926,s,m,
1525747727.6028,18.410900,44.98015243,s,l,
1525747631.5102,18.487200,65.20403537,s,l,
1525739285.9432,17.905500,0.09586636,b,m,
1525735347.8013,17.777300,3.66827921,b,l,
1525763731.0201,18.274800,10.00000000,s,l,
1525746855.2267,18.300000,0.02949157,b,l,
1525749687.6119,18.333000,16.04615260,b,l,
1525748660.9174,18.400000,108.69565000,b,l,
1525748042.3709,18.380000,0.01771292,b,l,
1525747646.2287,18.460300,52.21800000,s,l,
1525747386.705,18.500000,0.00002038,b,l,
1525751388.3524,18.499700,0.00011392,b,m,
1525741505.6643,17.829200,0.00273985,b,l,
1525739458.787,18.000000,52.21800000,s,l,
1525747019.8269,18.404400,4.03246131,b,l,
1525741510.8683,17.829300,3.40313257,b,l,
1525747655.7826,18.460300,39.83000000,s,l,
1525747459.9279,18.500000,0.53130044,b,l,
1525745610.1719,18.240000,3.20691886,s,l,
1525734662.1094,17.711000,0.00579832,s,l,
1525749668.9626,18.326600,0.00000209,b,l,
1525753028.245,18.420600,0.00259014,b,m,
1525761016.1454,18.410000,0.13280822,b,l,
1525757906.456,18.349500,0.00388866,b,l,
1525746868.0709,18.330000,265.04729962,b,l,
1525749687.6178,18.333000,0.00003672,b,l,
1525749002.2831,18.300100,16.34486578,s,l,
1525745629.8706,18.200000,30.78578579,b,l,
1525746894.9478,18.400000,0.00002273,b,l,
1525755638.3541,18.255700,7.14000000,s,l,
1525755558.4406,18.234800,7.14000000,s,l,
1525747784.8921,18.330000,3.50714680,s,l,
1525737450.4817,17.878300,9.00000000,b,m,
1525745506.5676,18.200000,241.75824802,b,l,
1525753028.2472,18.420600,0.00000207,b,m,
1525753853.1721,18.289500,289.08518960,s,m,
1525758394.9714,18.294900,0.00261458,b,m,
1525753853.175,18.289500,0.00000001,s,m,
1525751125.8085,18.497700,1.30097350,b,m,
