time,bid,ask
1525776384,18.099200,18.100000
1525776386,18.099300,18.100000
1525776393,18.099400,18.100000
1525776396,18.099500,18.100000
1525776401,18.099600,18.100000
1525776404,18.099700,18.100000
1525776407,18.099800,18.100000
1525776412,18.099900,18.100000
1525770928,18.370600,18.499800
1525803698,18.080200,18.162900
1525776556,18.099900,18.120000
1525776557,18.100000,18.120000
1525776559,18.100100,18.120000
1525776571,18.100200,18.120000
1525776575,18.100300,18.120000
1525776577,18.100400,18.120000
1525776578,18.100500,18.120000
1525776582,18.100600,18.120000
1525776586,18.100700,18.120000
1525776588,18.100800,18.120000
1525776591,18.100900,18.120000
1525776593,18.101000,18.120000
1525776598,18.101100,18.120000
1525776601,18.101200,18.120000
1525776607,18.101300,18.120000
1525776611,18.101400,18.120000
1525776613,18.101500,18.120000
1525776615,18.101600,18.120000
1525776618,18.101700,18.120000
1525776623,18.101800,18.120000
1525776627,18.101900,18.120000
1525776632,18.102000,18.120000
1525776635,18.102100,18.120000
1525776639,18.102200,18.120000
1525776643,18.102300,18.120000
1525776648,18.102400,18.120000
1525776649,18.102500,18.120000
1525776652,18.102600,18.120000
1525776658,18.102700,18.120000
1525776659,18.102600,18.120000
1525776660,18.102800,18.120000
1525776661,18.102600,18.120000
1525776663,18.102800,18.120000
1525776672,18.102900,18.120000
1525770971,18.352000,18.498200
1525776676,18.103000,18.120000
1525776680,18.103100,18.120000
1525770972,18.352100,18.498200
1525776683,18.103000,18.120000
1525776687,18.102900,18.120000
1525776688,18.103100,18.120000
1525776693,18.103200,18.120000
1525776699,18.100600,18.120000
1525776700,18.103300,18.120000
1525776708,18.103400,18.120000
1525776710,18.103400,18.120000
1525803745,18.080600,18.162500
1525776712,18.103500,18.120000
1525776726,18.103600,18.120000
1525776729,18.103700,18.120000
1525776732,18.103800,18.120000
1525776755,18.103900,18.120000
1525776758,18.104000,18.120000
1525776759,18.104100,18.120000
1525766361,18.348700,18.439200
1525776767,18.104200,18.120000
1525776768,18.104100,18.120000
1525776769,18.104000,18.120000
1525776770,18.104300,18.120000
1525776780,18.104400,18.120000
1525776783,18.104500,18.120000
1525776786,18.104600,18.120000
1525776791,18.104700,18.120000
1525776794,18.104800,18.120000
1525776798,18.104900,18.120000
1525776799,18.105000,18.120000
1525776800,18.105100,18.120000
1525770992,18.353400,18.498100
1525776805,18.105200,18.120000
1525776808,18.105300,18.120000
1525776809,18.105400,18.120000
1525776811,18.105500,18.120000
1525776813,18.105600,18.120000
1525776815,18.105700,18.120000
1525776819,18.105800,18.120000
1525776822,18.105900,18.120000
1525776824,18.106000,18.120000
1525776825,18.106100,18.120000
1525776826,18.106200,18.120000
1525776828,18.106300,18.120000
1525776830,18.106400,18.120000
1525776832,18.106500,18.120000
1525776834,18.106600,18.120000
1525776837,18.106700,18.120000
1525776840,18.106800,18.120000
1525776841,18.106900,18.120000
1525776844,18.107000,18.120000
1525776847,18.107100,18.120000
1525776849,18.107200,18.120000
1525776850,18.107300,18.120000
1525776851,18.107400,18.120000
1525776852,18.107300,18.120000
1525776854,18.107500,18.120000
1525776856,18.107600,18.120000
1525776859,18.107600,18.120000
1525776864,18.107700,18.120000
1525776866,18.107800,18.120000
1525776868,18.131600,18.247400
1525776870,18.132200,18.246800
1525776872,18.132300,18.246800
1525776873,18.132300,18.246700
1525776875,18.132300,18.246600
1525776884,18.132300,18.246200
1525776890,18.132300,18.245800
1525776893,18.132200,18.245800
1525776896,18.132400,18.245800
1525776897,18.132400,18.245600
1525776900,18.132400,18.245500
1525776902,18.132400,18.245300
1525776903,18.132400,18.245200
1525776905,18.127000,18.200200
1525776909,18.127100,18.245200
1525776912,18.127100,18.245100
1525776916,18.127100,18.245500
1525776917,18.127100,18.245000
1525776919,18.127200,18.245000
1525776923,18.127300,18.245000
1525776926,18.127400,18.246900
1525776927,18.127400,18.246800
1525776928,18.127300,18.246800
1525776930,18.127500,18.247300
1525776931,18.127500,18.246700
1525776937,18.127600,18.246700
1525776938,18.127600,18.247200
1525776942,18.127600,18.247100
1525776948,18.127500,18.246900
1525776952,18.127600,18.246900
1525776953,18.127600,18.246800
1525776955,18.127800,18.246800
1525776956,18.127900,18.246800
1525771018,18.359000,18.494200
1525776958,18.127900,18.246700
1525776960,18.127900,18.246600
1525776963,18.127900,18.191200
1525776965,18.128000,18.191200
1525776970,18.128000,18.246600
1525776971,18.128000,18.246500
1525776975,18.128000,18.246700
1525776976,18.128000,18.246400
1525776977,18.128000,18.246700
1525776978,18.128000,18.246300
1525776981,18.127500,18.246300
1525776982,18.127600,18.246300
1525776985,18.127600,18.259400
1525776986,18.127800,18.259300
1525776989,18.127900,18.259200
1525776993,18.127900,18.259100
1525776994,18.127500,18.259100
1525776995,18.127500,18.259000
1525776998,18.127500,18.258700
1525777003,18.127500,18.258600
1525777005,18.127500,18.258200
1525777009,18.127500,18.258100
1525777010,18.127500,18.257900
1525777012,18.127500,18.257800
1525777013,18.127500,18.257700
1525777016,18.127500,18.257600
1525777019,18.127500,18.257500
1525777022,18.127500,18.257400
1525777023,18.127500,18.257300
1525777025,18.127500,18.257100
1525777028,18.127500,18.257000
1525777031,18.127500,18.256600
1525777033,18.127600,18.256600
1525777035,18.127600,18.256500
1525777038,18.127600,18.156300
1525777039,18.127500,18.156300
1525777040,18.127600,18.156300
1525777041,18.127500,18.156300
1525777045,18.127600,18.255800
1525777046,18.127600,18.255700
1525777048,18.127600,18.255600
1525777050,18.127500,18.255600
1525777051,18.127500,18.255300
1525777056,18.127500,18.255200
1525777057,18.127500,18.255000
1525777058,18.127500,18.254900
1525777061,18.127500,18.254800
1525777062,18.127500,18.254700
1525777063,18.127500,18.254200
1525777066,18.127500,18.254100
1525777069,18.127500,18.253900
1525777072,18.127500,18.253800
1525777074,18.127500,18.253700
1525777076,18.127500,18.253600
1525777077,18.127500,18.253500
1525777079,18.127500,18.253400
1525777083,18.127500,18.216400
1525777085,18.127500,18.216300
1525777090,18.127500,18.159900
1525777097,18.126700,18.159900
1525777108,18.126700,18.216100
1525777117,18.126700,18.216200
1525777118,18.126700,18.216000
1525777119,18.126700,18.216200
1525777120,18.126700,18.215900
1525777128,18.126700,18.215800
1525777137,18.126700,18.215700
1525777139,18.126700,18.215600
1525777146,18.126700,18.215500
1525777148,18.126800,18.215500
1525777150,18.126800,18.215500
1525777151,18.126800,18.159800
1525777154,18.126900,18.159800
1525777157,18.127000,18.159800
1525777172,18.127100,18.159800
1525777178,18.127200,18.215200
1525777180,18.130000,18.215100
1525777183,18.130100,18.215100
1525777184,18.159800,18.215000
1525777187,18.159800,18.214900
1525777191,18.159800,18.214800
1525777192,18.159800,18.214700
1525777194,18.159800,18.214600
1525777203,18.159800,18.214500
1525777205,18.159800,18.214400
1525777209,18.159800,18.214300
1525777212,18.159800,18.214200
1525777219,18.159800,18.214100
1525777220,18.130100,18.151200
1525798369,17.982400,18.107600
1525799316,17.905100,17.982400
1525777233,18.130300,18.151200
1525777238,18.130300,18.216300
1525791460,17.939300,18.072600
1525777241,18.130400,18.216300
1525777243,18.130400,18.216200
1525777244,18.130500,18.216200
1525777245,18.130600,18.216200
1525777250,18.130700,18.216200
1525777254,18.130800,18.216200
1525777256,18.130900,18.216200
1525777262,18.131000,18.216200
1525777264,18.131100,18.216300
1525777271,18.131200,18.216200
1525777274,18.131300,18.216200
1525777278,18.131400,18.142300
1525777281,18.131500,18.142300
1525777286,18.131600,18.142300
1525777287,18.131700,18.142300
1525777289,18.131800,18.142300
1525777292,18.131900,18.142300
1525777298,18.132000,18.142300
1525777300,18.132100,18.142300
1525777302,18.132200,18.142300
1525777304,18.132300,18.142300
1525777307,18.132400,18.142300
1525771077,18.402600,18.499500
1525777312,18.132400,18.216100
1525777313,18.132500,18.216100
1525777316,18.132600,18.216100
1525777318,18.132600,18.216200
1525777321,18.132700,18.216300
1525771079,18.403200,18.498900
1525777324,18.132800,18.216300
1525777328,18.132900,18.216300
1525777331,18.133000,18.216300
1525777333,18.133100,18.216300
1525777337,18.133200,18.216200
1525777341,18.133200,18.216100
1525777343,18.133300,18.216100
1525777346,18.133400,18.216100
1525777348,18.133500,18.216000
1525777350,18.133500,18.215900
1525777353,18.133600,18.144900
1525777358,18.133700,18.144900
1525777363,18.133800,18.144900
1525777366,18.150000,18.215700
1525777367,18.150000,18.215600
1525777369,18.150000,18.215500
1525777371,18.150000,18.215400
1525777373,18.150000,18.215300
1525777374,18.150000,18.215200
1525777379,18.150000,18.215100
1525777381,18.150000,18.215000
1525777382,18.150000,18.215100
1525777383,18.150000,18.214900
1525777386,18.150000,18.216400
1525777388,18.150000,18.214800
1525806955,18.081900,18.200000
1525777405,18.150000,18.214700
1525777406,18.150000,18.214800
1525777407,18.150000,18.214700
1525777410,18.150000,18.216200
1525777411,18.150000,18.214600
1525777413,18.150000,18.214500
1525777419,18.150000,18.214400
1525777420,18.150000,18.156900
1525777438,18.150000,18.216400
1525777468,18.150000,18.216300
1525777472,18.150100,18.216300
1525777475,18.150200,18.216300
1525777477,18.150300,18.216300
1525777481,18.150400,18.216300
1525777484,18.150500,18.216300
1525777485,18.150600,18.216300
1525777487,18.150700,18.216300
1525777488,18.150700,18.216300
1525777489,18.150800,18.216300
1525777493,18.150900,18.216300
1525777495,18.151000,18.216300
1525777496,18.151100,18.216300
1525777497,18.151200,18.216300
1525777500,18.151300,18.216300
1525777504,18.151400,18.216300
1525777506,18.151500,18.216300
1525777507,18.151600,18.216300
1525777513,18.151500,18.216300
1525777525,18.151400,18.216300
1525777527,18.150000,18.216300
1525771124,18.385200,18.500000
1525777596,18.150000,18.216200
1525777618,18.150000,18.216300
1525765667,18.306200,18.350000
1525777669,18.150000,18.216200
1525777671,18.150000,18.216100
1525777674,18.150000,18.216000
1525777676,18.150000,18.215900
1525777677,18.150000,18.215800
1525777679,18.150000,18.215700
1525777681,18.150000,18.215600
1525777683,18.150000,18.215500
1525777684,18.150000,18.215400
1525777686,18.150000,18.215300
1525777689,18.150000,18.215200
1525765679,18.306600,18.350000
1525777693,18.150000,18.215100
1525777697,18.150000,18.215000
1525777701,18.150000,18.214900
1525777703,18.150100,18.214900
1525777704,18.150100,18.215100
1525777705,18.150100,18.214800
1525777706,18.150000,18.214800
1525777707,18.150000,18.215100
1525777709,18.150000,18.214700
1525777710,18.150000,18.215100
1525777711,18.150000,18.214600
1525777712,18.150000,18.215100
1525777716,18.150000,18.216400
1525777721,18.150000,18.216300
1525765685,18.306700,18.350000
1525771148,18.386400,18.500000
1525777738,18.150000,18.216400
1525777746,18.150000,18.216300
1525777756,18.150000,18.160500
1525777768,18.150000,18.216300
1525771154,18.420500,18.499600
1525765697,18.307100,18.350000
1525777807,18.150000,18.216200
1525803928,18.130000,18.149600
1525777832,18.150000,18.216100
1525777835,18.150000,18.216000
1525777838,18.150000,18.215900
1525777841,18.150000,18.215800
1525777843,18.150000,18.215700
1525777845,18.150000,18.215600
1525777848,18.150000,18.215500
1525777851,18.150000,18.215400
1525777854,18.150000,18.215300
1525777857,18.150000,18.215200
1525777858,18.150000,18.215100
1525777860,18.150000,18.215000
1525777862,18.150000,18.214900
1525777863,18.150000,18.214800
1525777865,18.150000,18.214700
1525777866,18.150000,18.214600
1525777867,18.150000,18.214500
1525777869,18.150000,18.214400
1525765709,18.307500,18.350000
1525777872,18.150000,18.162000
1525777875,18.150000,18.214400
1525777877,18.150000,18.214300
1525777881,18.150000,18.214500
1525777882,18.150000,18.214200
1525777887,18.150000,18.216300
1525777888,18.150000,18.214100
1525777893,18.150000,18.216200
1525777905,18.150000,18.216100
1525765715,18.307700,18.350000
1525777912,18.150000,18.216000
1525777915,18.150000,18.216100
1525777916,18.150000,18.216000
1525777921,18.150000,18.216100
1525777923,18.150000,18.215900
1525777924,18.150000,18.215800
1525777940,18.150000,18.216300
1525765725,18.308100,18.350000
1525803955,18.130200,18.149200
1525765726,18.308200,18.350000
1525777989,18.150000,18.216200
1525777990,18.150000,18.216100
1525798497,17.956900,18.096800
1525771192,18.389000,18.499300
1525778003,18.150000,18.216000
1525778010,18.150000,18.216300
1525778011,18.150000,18.216300
1525778021,18.150000,18.216200
1525778026,18.150000,18.216300
1525771197,18.389200,18.499300
1525778050,18.150000,18.216200
1525778069,18.150000,18.216300
1525778074,18.150000,18.216200
1525778076,18.150000,18.216300
1525778077,18.150000,18.216100
1525778080,18.150000,18.216000
1525778083,18.150000,18.215900
1525778086,18.150000,18.215800
1525765745,18.308600,18.350000
1525778095,18.150000,18.200000
1525778097,18.150000,18.199900
1525778098,18.150000,18.200000
1525778099,18.150000,18.199800
1525765749,18.308800,18.350000
1525778114,18.150000,18.199700
1525778116,18.150000,18.199700
1525778120,18.130000,18.146500
1525771213,18.390300,18.499600
1525778129,18.130000,18.146400
1525778132,18.130000,18.146300
1525778133,18.125000,18.128000
1525778137,18.125000,18.146000
1525778138,18.125000,18.146100
1525778139,18.125000,18.145900
1525778140,18.125000,18.145800
1525765754,18.308900,18.350000
1525778142,18.125000,18.187600
1525778143,18.125000,18.145700
1525778145,18.125000,18.145700
1525778147,18.125000,18.145600
1525778149,18.118000,18.145600
1525778150,18.108000,18.113500
1525778152,18.108100,18.113500
1525778154,18.108000,18.113500
1525778157,18.108000,18.113400
1525778161,18.030000,18.042600
1525778164,18.030000,18.042500
1525778177,18.030000,18.042400
1525778181,18.030000,18.042300
1525778184,18.100000,18.117900
1525778186,18.030000,18.078400
1525778189,18.030000,18.077900
1525778190,18.030000,18.078300
1525778194,18.030000,18.078200
1525778196,18.030000,18.078100
1525778199,18.000000,18.078200
1525778201,18.000000,18.078000
1525778202,18.000000,18.078200
1525778210,18.000000,18.078100
1525778214,18.000000,18.078000
1525778218,18.000000,18.077900
1525778220,17.966000,18.000000
1525778223,17.966000,17.999900
1525778229,17.921000,17.999900
1525778233,17.921100,17.999900
1525778238,17.920800,17.999900
1525778239,17.920800,17.999900
1525778240,17.920800,17.950000
1525778245,17.920800,17.949900
1525778248,17.920800,17.949900
1525778250,17.911100,17.918300
1525778251,17.911000,17.918300
1525778253,17.911000,17.949900
1525778255,17.911000,17.950000
1525778256,17.911000,17.918200
1525778271,17.880000,17.900000
1525778274,17.880000,17.899900
1525778293,17.880000,17.900000
1525804009,18.130000,18.148400
1525778296,17.880000,17.900000
1525778306,17.880000,17.899900
1525778307,17.880000,17.900000
1525778336,17.880000,17.992900
1525778338,17.880000,17.992800
1525778340,17.880000,17.992500
1525778343,17.880000,17.992400
1525778344,17.880000,17.992300
1525778346,17.880000,17.992000
1525778351,17.880000,17.991900
1525778353,17.880000,17.991300
1525778358,17.880000,17.991200
1525778359,17.880000,17.991100
1525778361,17.880000,17.991000
1525778362,17.880000,17.990900
1525778364,17.880000,17.990600
1525798560,17.960800,18.082400
1525778370,17.880000,17.990200
1525778373,17.880000,17.990100
1525778377,17.880000,17.989500
1525778378,17.880000,17.989400
1525778383,17.880000,17.989300
1525778384,17.880000,17.989100
1525778386,17.880100,17.989100
1525778389,17.880100,17.989000
1525778394,17.880000,17.989000
1525778397,17.880000,17.988700
1525778400,17.880100,17.988700
1525778403,17.880100,17.988500
1525778408,17.880200,17.988400
1525778410,17.880700,17.987800
1525778414,17.880700,17.987700
1525778416,17.880700,17.987600
1525778418,17.880800,17.987600
1525778422,17.881100,17.987300
1525798569,17.961000,18.082200
1525778426,17.881100,17.987200
1525778429,17.881200,17.987300
1525778430,17.881600,17.987200
1525778432,17.881700,17.987200
1525778435,17.881800,17.987200
1525778436,17.882300,17.987500
1525778440,17.882400,17.987500
1525778441,17.882400,17.999300
1525778442,17.882500,17.999300
1525778444,17.882600,17.999100
1525778446,17.882600,17.999000
1525778447,17.882700,17.999000
1525778450,17.882800,17.999000
1525778452,17.882800,17.998700
1525778453,17.883100,17.998600
1525778454,17.893700,17.998600
1525778456,17.893800,17.998600
1525778457,17.894200,17.998600
1525778461,17.894300,17.999600
1525778465,17.894900,17.999600
1525778466,17.934200,17.999400
1525778469,17.934300,17.999400
1525778472,17.934300,17.961000
1525791250,17.971200,18.070500
1525778478,17.934400,17.961000
1525778479,17.934500,17.961000
1525778481,17.934600,17.961000
1525778484,17.934700,17.961000
1525778486,17.934800,17.961000
1525778487,17.934900,17.961000
1525778494,17.934500,17.961000
1525778495,17.935000,17.961000
1525778496,17.934600,17.961000
1525778503,17.934700,17.961000
1525778504,17.934600,17.961000
1525778505,17.934500,17.961000
1525778506,17.961000,18.000000
1525778512,17.961000,17.999900
1525778515,17.961000,18.000000
1525778517,17.935000,18.000000
1525778520,17.935100,18.000000
1525778522,17.936600,18.000000
1525778524,17.936700,18.000000
1525778527,17.936800,18.000000
1525778528,17.961500,18.000000
1525765821,18.309400,18.350000
1525778552,17.961000,18.000000
1525771284,18.408500,18.497200
1525778574,17.985700,18.000000
1525778588,17.985700,17.999900
1525778596,17.985700,18.000000
1525778597,17.985700,17.999900
1525778600,17.985700,18.000000
1525778659,17.961000,18.000000
1525778660,17.986000,18.000000
1525778675,17.986000,17.999900
1525778676,17.961000,17.999900
1525778689,17.961000,18.000000
1525778711,17.961000,17.999900
1525778721,17.961000,17.999400
1525778725,17.961000,17.999300
1525765852,18.309500,18.350000
1525778734,17.961000,17.999100
1525778736,17.961000,17.999000
1525778738,17.904500,17.999000
1525778739,17.904500,17.961000
1525778743,17.904500,17.960900
1525778746,17.903100,17.929100
1525778748,17.903300,17.929100
1525778752,17.903300,17.961000
1525778754,17.903300,17.960700
1525778755,17.903300,17.961000
1525778756,17.902700,17.961000
1525778759,17.902700,17.960900
1525778760,17.902900,17.960900
1525778766,17.902900,17.960800
1525778767,17.903000,17.960800
1525778769,17.903000,17.997300
1525778770,17.903000,17.997300
1525778771,17.903000,17.997100
1525778773,17.903100,17.996900
1525778777,17.903100,17.996800
1525778779,17.903300,17.996200
1525778782,17.903300,17.996100
1525778784,17.903300,17.996000
1525778785,17.903300,17.995900
1525778786,17.903300,17.995800
1525778787,17.902900,17.995700
1525778791,17.902900,17.995600
1525778793,17.903000,17.995300
1525778794,17.903000,17.995200
1525778795,17.903000,17.995100
1525778796,17.903000,17.995200
1525778797,17.903000,17.995100
1525778800,17.903100,17.994700
1525778801,17.903100,17.994600
1525778802,17.903100,17.994500
1525778805,17.903100,17.993900
1525778806,17.903300,17.993900
1525778807,17.903300,17.993800
1525778810,17.903300,17.993700
1525778812,17.903300,17.993500
1525778813,17.903100,17.993500
1525778816,17.903100,17.993400
1525778819,17.903600,17.993400
1525778821,17.903600,17.993300
1525778823,17.903600,17.993200
1525778824,17.903600,17.993100
1525778828,17.903600,17.993000
1525778830,17.903600,17.992900
1525778832,17.903600,17.992800
1525778834,17.903700,17.992700
1525778836,17.903700,17.992600
1525778837,17.903700,17.992500
1525778838,17.903700,17.992400
1525778839,17.903700,17.992400
1525778840,17.903700,17.992300
1525778842,17.903700,17.992200
1525778851,17.903700,17.992100
1525778854,17.903700,17.992000
1525778857,17.902700,17.992000
1525778858,17.902700,17.991900
1525771335,18.367800,18.380000
1525765874,18.309700,18.350000
1525778865,17.902700,17.991800
1525778867,17.902700,17.991700
1525778870,17.902700,17.991600
1525778871,17.902700,17.991500
1525778874,17.902700,17.991400
1525778875,17.902700,17.991300
1525778877,17.902700,17.991200
1525778879,17.902700,17.991100
1525778880,17.902700,17.990900
1525778883,17.902700,17.990800
1525778885,17.902700,17.990700
1525778886,17.902700,17.990200
1525778887,17.902700,17.986800
1525778888,17.902700,17.986700
1525778889,17.902700,17.986600
1525778890,17.902700,17.986500
1525778892,17.902700,17.986300
1525778893,17.902700,17.975200
1525778894,17.902700,17.975100
1525778896,17.893100,17.902500
1525765880,18.309900,18.350000
1525778900,17.892300,17.902500
1525778903,17.892300,17.902400
1525778919,17.880100,17.902400
1525778930,17.880100,17.902300
1525778932,17.880100,17.902200
1525778934,17.880100,17.902100
1525778937,17.880000,17.902100
1525778940,17.880000,17.902000
1525778954,17.880100,17.902000
1525778962,17.880000,17.902000
1525778963,17.880100,17.902000
1525778967,17.880000,17.902000
1525778972,17.880100,17.902000
1525778978,17.880000,17.902000
1525778979,17.880000,17.881000
1525778985,17.880000,17.880900
1525771363,18.304600,18.412100
1525779037,17.851800,17.880000
1525779038,17.851800,17.880900
1525765904,18.310200,18.350000
1525779054,17.851800,17.880800
1525779057,17.851800,17.880800
1525779059,17.851800,17.880600
1525769824,18.601900,18.700000
1525771370,18.305100,18.412000
1525779075,17.851800,17.880500
1525779080,17.851800,17.880400
1525779086,17.851800,17.880300
1525771373,18.305200,18.412000
1525779091,17.851800,17.880200
1525771374,18.305600,18.411900
1525771375,18.305700,18.411900
1525771377,18.305800,18.411900
1525779114,17.851800,17.880100
1525770917,18.370500,18.475400
1525779122,17.851800,17.880000
1525779154,17.851800,17.879900
1525765923,18.310300,18.350000
1525779159,17.851800,17.879800
1525765925,18.310300,18.350000
1525798694,17.960200,18.035800
1525804156,18.078900,18.140000
1525772051,18.300000,18.376000
1525771395,18.356100,18.447900
1525779237,17.815600,17.879800
1525779238,17.815500,17.879800
1525779239,17.815700,17.879800
1525779243,17.815800,17.879800
1525779246,17.815900,17.879800
1525779248,17.816000,17.879800
1525779250,17.816100,17.879800
1525779251,17.816100,17.880000
1525779253,17.816200,17.880000
1525779256,17.816300,17.880000
1525779259,17.816400,17.880000
1525779264,17.816500,17.880000
1525779266,17.816600,17.880000
1525804171,18.143100,18.201700
1525779268,17.816700,17.880000
1525779270,17.823000,17.880000
1525779271,17.823100,17.880000
1525779288,17.823200,17.880000
1525779290,17.823300,17.880000
1525779291,17.823400,17.880000
1525779293,17.823500,17.880000
1525779295,17.823600,17.880000
1525779298,17.823700,17.880000
1525779299,17.823800,17.880000
1525806313,18.133000,18.238200
1525779302,17.823900,17.880000
1525779304,17.824000,17.880000
1525779306,17.824100,17.880000
1525779307,17.824200,17.880000
1525779309,17.824300,17.880000
1525779310,17.824400,17.880000
1525779312,17.824500,17.880000
1525779313,17.824600,17.880000
1525771411,18.307500,18.447900
1525779316,17.856400,17.880000
1525779318,17.856500,17.880000
1525779320,17.856400,17.880000
1525779322,17.856600,17.880000
1525779333,17.856400,17.880000
1525779338,17.856500,17.880000
1525771415,18.307700,18.447900
1525776380,18.099100,18.100000
1525779349,17.816100,17.880000
1525779350,17.823200,17.880000
1525779351,17.825400,17.880000
1525779353,17.844400,17.880000
1525779356,17.844500,17.880000
1525804750,18.110500,18.199900
1525797943,18.020000,18.107400
1525769834,18.602700,18.699800
1525779367,17.844600,17.880000
1525779369,17.844700,17.880000
1525779371,17.844600,17.880000
1525779372,17.844700,17.880000
1525779375,17.844800,17.880000
1525779376,17.844900,17.880000
1525779379,17.845000,17.880000
1525779390,17.845100,17.880000
1525779391,17.857400,17.880000
1525779394,17.857500,17.880000
1525775544,18.150000,18.199800
1525779433,17.857600,17.880000
1525779435,17.857500,17.880000
1525779436,17.857600,17.880000
1525779439,17.857700,17.880000
1525779442,17.857800,17.880000
1525779445,17.857900,17.880000
1525779448,17.857500,17.880000
1525779449,17.858000,17.880000
1525779455,17.857400,17.880000
1525779457,17.857500,17.880000
1525779476,17.857600,17.880000
1525779478,17.857700,17.880000
1525779479,17.857800,17.880000
1525779481,17.857900,17.880000
1525771439,18.309100,18.447000
1525779484,17.858000,17.880000
1525779486,17.858100,17.880000
1525779489,17.857500,17.880000
1525779490,17.857400,17.880000
1525779491,17.858200,17.880000
1525779493,17.857400,17.880000
1525779494,17.858300,17.880000
1525765980,18.310700,18.350000
1525779500,17.858400,17.880000
1525779501,17.857500,17.880000
1525779502,17.857400,17.880000
1525779503,17.858500,17.880000
1525779505,17.857500,17.880000
1525779506,17.858600,17.880000
1525779509,17.858700,17.880000
1525779512,17.858800,17.880000
1525779514,17.858900,17.880000
1525779517,17.859000,17.880000
1525779519,17.880000,17.881000
1525779529,17.859100,17.881000
1525779530,17.859200,17.881000
1525779533,17.859300,17.881000
1525779536,17.859400,17.881000
1525779538,17.859500,17.881000
1525779539,17.859600,17.881000
1525779541,17.859700,17.881000
1525779543,17.859800,17.881000
1525779546,17.859900,17.881000
1525779547,17.860000,17.881000
1525779548,17.860100,17.881000
1525779551,17.860200,17.881000
1525779554,17.860300,17.881000
1525779558,17.881400,17.986500
1525779560,17.881400,17.888100
1525779561,17.881500,17.888100
1525779570,17.881600,17.888100
1525779575,17.881700,17.888100
1525779578,17.881800,17.888100
1525779579,17.882000,17.888100
1525779581,17.882100,17.888100
1525779584,17.882200,17.888100
1525779585,17.882500,17.888100
1525779588,17.882600,17.888100
1525779590,17.882700,17.888100
1525779591,17.883200,17.888100
1525765996,18.310700,18.350000
1525779599,17.883100,17.888100
1525779602,17.883200,17.888100
1525779603,17.883500,17.888100
1525786209,17.859200,18.018200
1525779609,17.883600,17.888100
1525779610,17.883700,17.888100
1525779612,17.883800,17.888100
1525779616,17.884400,17.888100
1525779618,17.884500,17.888100
1525779623,17.884700,17.888100
1525779624,17.884800,17.888100
1525779630,17.885100,17.888100
1525779632,17.885200,17.888100
1525779636,17.885600,17.888100
1525779639,17.885700,17.888100
1525779642,17.886300,17.888100
1525779644,17.886400,17.888100
1525779648,17.886600,17.888100
1525779651,17.886700,17.888100
1525779654,17.886800,17.888100
1525779655,17.887000,17.888100
1525779658,17.887100,17.888100
1525779661,17.887300,17.888100
1525779662,17.887400,17.888100
1525779668,17.888000,17.888100
1525779669,17.888100,17.986600
1525779672,17.888300,17.986600
1525779675,17.888400,17.986600
1525779681,17.888700,17.986600
1525779682,17.888700,17.995300
1525779685,17.888800,17.995300
1525779688,17.888900,17.995100
1525779693,17.888900,17.994600
1525779694,17.889500,17.994500
1525779697,17.889600,17.994500
1525779698,17.889600,17.994400
1525779700,17.889800,17.994400
1525779701,17.889900,17.994200
1525779705,17.889900,17.994100
1525779707,17.889900,17.994000
1525779708,17.889900,17.994000
1525779709,17.890200,17.993800
1525779710,17.950000,17.993800
1525779712,17.950000,17.993700
1525779714,17.950000,17.993600
1525779716,17.950000,17.993700
1525779718,17.950000,17.993600
1525779719,17.950000,17.993500
1525779724,17.950000,17.993400
1525779727,17.950000,17.993300
1525779729,17.950000,17.993200
1525779730,17.950000,17.993100
1525779732,17.950000,17.993000
1525779737,17.950000,17.992900
1525779740,17.950000,17.992800
1525779742,17.950000,17.992700
1525779743,17.950000,17.992600
1525779746,17.950000,17.992500
1525779750,17.950000,17.992400
1525779751,17.950000,17.992300
1525779754,17.950000,17.992200
1525779758,17.950000,17.992100
1525779761,17.950000,17.992000
1525779765,17.950000,17.991900
1525779768,17.950000,17.991800
1525779772,17.950000,17.991700
1525779774,17.950000,17.991600
1525779776,17.950000,17.991500
1525779778,17.950000,17.991400
1525779780,17.873400,17.950000
1525779783,17.873500,17.950000
1525779786,17.873400,17.950000
1525779788,17.873400,17.949900
1525779791,17.873400,17.949800
1525779793,17.854700,17.949800
1525779794,17.854700,17.949700
1525779795,17.854700,17.949500
1525779799,17.854800,17.949400
1525779800,17.854800,17.949100
1525771492,18.312200,18.401100
1525779802,17.854800,17.949000
1525779803,17.854800,17.948900
1525779804,17.854900,17.948900
1525779806,17.855000,17.948900
1525779808,17.855100,17.948900
1525779810,17.855100,17.948000
1525779811,17.855200,17.948000
1525779814,17.855200,17.947900
1525779817,17.855200,17.947800
1525779818,17.855200,17.947700
1525779820,17.855200,17.947600
1525779821,17.855200,17.947500
1525779825,17.855200,17.947100
1525779830,17.812000,17.947100
1525779831,17.812300,17.946900
1525779836,17.812400,17.946700
1525779837,17.812600,17.946700
1525779838,17.812700,17.946600
1525779840,17.812700,17.946500
1525779841,17.812800,17.946500
1525779842,17.812800,17.946400
1525779845,17.813000,17.946300
1525779846,17.813000,17.946100
1525779848,17.813100,17.946000
1525779850,17.797500,17.800000
1525779856,17.797600,17.800000
1525779862,17.797700,17.800000
1525779864,17.797600,17.800000
1525779865,17.797800,17.800000
1525779867,17.797600,17.800000
1525779877,17.790600,17.797100
1525779885,17.790700,17.797100
1525766047,18.312100,18.350000
1525779902,17.790700,17.800000
1525766048,18.312200,18.350000
1525779908,17.790600,17.800000
1525771510,18.313600,18.401100
1525806494,18.112200,18.200000
1525766051,18.312400,18.350000
1525771513,18.313700,18.401100
1525779928,17.783200,17.788700
1525779930,17.783300,17.788700
1525779932,17.783400,17.788700
1525779934,17.786600,17.788700
1525779936,17.786700,17.788700
1525798822,17.960300,18.063800
1525779942,17.786800,17.788700
1525779951,17.786800,17.800000
1525771519,18.314000,18.401100
1525779964,17.786900,17.800000
1525779967,17.787000,17.800000
1525779968,17.787100,17.800000
1525779970,17.787200,17.800000
1525798827,17.960500,18.063800
1525779973,17.787300,17.800000
1525779979,17.787400,17.800000
1525779980,17.787400,17.800000
1525779982,17.787500,17.800000
1525779988,17.787600,17.800000
1525779991,17.787700,17.800000
1525779993,17.787800,17.800000
1525779994,17.810800,17.945700
1525779996,17.810800,17.945600
1525779997,17.811300,17.945600
1525779998,17.810800,17.945200
1525779999,17.811700,17.945200
1525780001,17.739200,17.750000
1525780003,17.739300,17.750000
1525780004,17.750000,17.945200
1525780005,17.750000,17.945000
1525780006,17.750100,17.945000
1525780009,17.750200,17.945000
1525780010,17.750200,17.932600
1525780011,17.750300,17.932400
1525780015,17.750400,17.932300
1525780017,17.750500,17.932300
1525780019,17.750500,17.932200
1525780021,17.750600,17.932200
1525780023,17.750800,17.932200
1525780025,17.787400,17.932200
1525780027,17.787500,17.932200
1525780029,17.787800,17.932200
1525780031,17.787900,17.932200
1525780035,17.788500,17.932200
1525766583,18.365400,18.450900
1525780040,17.788500,17.932100
1525780042,17.788600,17.932100
1525780043,17.788600,17.931900
1525780044,17.788800,17.931900
1525780046,17.788900,17.931900
1525780047,17.789000,17.931800
1525780050,17.789100,17.931800
1525780051,17.789200,17.931800
1525780052,17.789100,17.931800
1525780053,17.789100,17.931800
1525780054,17.789400,17.931800
1525780055,17.789400,17.945600
1525780056,17.789500,17.945500
1525780057,17.789600,17.945500
1525780060,17.790200,17.945500
1525780064,17.790300,17.945500
1525780065,17.790400,17.945500
1525780067,17.790600,17.945500
1525780068,17.790700,17.945500
1525780069,17.790800,17.945500
1525780072,17.790800,17.945400
1525780073,17.790900,17.945400
1525780075,17.791100,17.945400
1525780078,17.791200,17.945400
1525780081,17.791600,17.945300
1525780087,17.791900,17.944800
1525780092,17.792000,17.944800
1525780093,17.792100,17.944700
1525771541,18.315400,18.401100
1525780096,17.792200,17.944700
1525780097,17.792300,17.944700
1525780099,17.792400,17.944700
1525780101,17.792500,17.944700
1525780103,17.792600,17.944700
1525780107,17.792600,17.972600
1525780108,17.792800,17.972500
1525780112,17.792900,17.972500
1525780114,17.793300,17.972500
1525780115,17.793300,17.972400
1525780117,17.793400,17.972400
1525780118,17.793400,17.972200
1525780120,17.793500,17.972100
1525780123,17.793600,17.972100
1525780124,17.793700,17.972100
1525780129,17.793800,17.972100
1525780132,17.793900,17.972100
1525780133,17.794200,17.975600
1525780134,17.794200,17.975500
1525780135,17.794300,17.975500
1525780139,17.794500,17.975500
1525780144,17.794500,17.975400
1525780145,17.794600,17.975400
1525780146,17.794600,17.975300
1525780148,17.794700,17.975300
1525780150,17.794800,17.975300
1525780153,17.795000,17.975300
1525780155,17.795100,17.975200
1525780156,17.795100,17.975300
1525780157,17.795200,17.975700
1525780159,17.795300,17.975700
1525780160,17.795400,17.975700
1525771552,18.350000,18.401100
1525780164,17.795500,17.975700
1525780165,17.796100,17.975500
1525780168,17.796200,17.975500
1525780171,17.796300,17.975500
1525780172,17.796400,17.975400
1525780173,17.796500,17.975400
1525780174,17.796600,17.975400
1525780176,17.796600,17.975300
1525780177,17.796700,17.975300
1525780182,17.796900,17.975300
1525780186,17.797000,17.975300
1525780187,17.797000,17.975200
1525780188,17.797100,17.974900
1525780190,17.797200,17.974800
1525780191,17.797300,17.974800
1525780193,17.797300,17.974700
1525780194,17.797400,17.974100
1525780195,17.797900,17.974100
1525780198,17.798000,17.974100
1525780199,17.798100,17.974100
1525780201,17.798100,17.974000
1525780202,17.798200,17.974000
1525780203,17.798300,17.975900
1525780204,17.798300,17.973900
1525780205,17.798400,17.973900
1525780206,17.798400,17.975800
1525780207,17.798500,17.975800
1525780208,17.798500,17.975700
1525780211,17.798600,17.975700
1525780212,17.798700,17.975700
1525780214,17.798800,17.975600
1525780215,17.798800,17.975500
1525780216,17.799000,17.975200
1525780220,17.799100,17.975200
1525780222,17.799400,17.975100
1525780224,17.799500,17.975100
1525780225,17.799500,17.975000
1525780226,17.799600,17.975000
1525780227,17.799700,17.974900
1525780228,17.800100,17.974900
1525766102,18.313600,18.350000
1525780231,17.800200,17.974900
1525780234,17.800400,17.974700
1525780238,17.800500,17.974700
1525780239,17.800500,17.974600
1525780240,17.800600,17.974500
1525780241,17.800500,17.974500
1525780243,17.800800,17.974200
1525780244,17.800900,17.974200
1525780249,17.801300,17.973900
1525780251,17.801400,17.973900
1525780252,17.801500,17.973900
1525780254,17.801600,17.973900
1525780255,17.802200,17.973700
1525780257,17.802300,17.973700
1525780261,17.802400,17.973700
1525780262,17.802500,17.973500
1525780266,17.802600,17.973500
1525780268,17.802600,17.973400
1525780269,17.802900,17.973400
1525766109,18.313800,18.350000
1525780272,17.802900,17.973300
1525780274,17.803100,17.972900
1525780278,17.803200,17.972900
1525780280,17.803200,17.972800
1525780281,17.803600,17.972700
1525780283,17.803700,17.972700
1525780284,17.803700,17.972600
1525780287,17.803900,17.972400
1525780291,17.804000,17.972400
1525780292,17.804000,17.968200
1525780294,17.804100,17.968200
1525780297,17.804200,17.968200
1525780298,17.804200,17.968100
1525780300,17.804500,17.968000
1525780301,17.804500,17.928500
1525780302,17.804600,17.928500
1525780304,17.804600,17.928100
1525780305,17.805000,17.928100
1525780307,17.805100,17.928100
1525780311,17.805700,17.928100
1525780312,17.805700,17.927800
1525780313,17.805800,17.927800
1525780314,17.805900,17.927800
1525780318,17.806000,17.927700
1525780320,17.806100,17.927700
1525780322,17.806100,17.927600
1525780323,17.806200,17.927600
1525780324,17.806200,17.927500
1525780326,17.806500,17.927300
1525780328,17.806600,17.927300
1525780330,17.806700,17.927300
1525780332,17.807100,17.927200
1525780333,17.807100,17.926900
1525780335,17.807200,17.926800
1525780337,17.807300,17.926700
1525780339,17.807900,17.926100
1525780341,17.807900,17.926000
1525780342,17.808000,17.926000
1525780344,17.808000,17.926100
1525780346,17.808100,17.925800
1525780353,17.808300,17.926000
1525780357,17.808400,17.926000
1525780358,17.808500,17.928200
1525780359,17.808500,17.928100
1525780360,17.808900,17.928100
1525780365,17.808900,17.927900
1525780366,17.809300,17.927900
1525780369,17.809400,17.927900
1525780372,17.809500,17.927800
1525780375,17.809600,17.928300
1525780376,17.809600,17.928200
1525780377,17.809700,17.928200
1525780379,17.810000,17.928200
1525780384,17.810200,17.928200
1525780387,17.810300,17.928200
1525780390,17.810400,17.928200
1525780391,17.811000,17.968000
1525780394,17.811000,17.967900
1525780397,17.811100,17.967700
1525780399,17.811200,17.967700
1525780401,17.811300,17.967700
1525780403,17.811400,17.967700
1525780405,17.811700,17.968000
1525780408,17.811700,17.967900
1525780410,17.811800,17.967900
1525780411,17.811900,17.967900
1525780412,17.812200,17.967500
1525780414,17.812300,17.967500
1525780415,17.812400,17.967500
1525780417,17.812500,17.967500
1525780418,17.812900,17.967300
1525780424,17.813000,17.967100
1525780426,17.813200,17.967100
1525780427,17.813200,17.967000
1525780429,17.813300,17.967000
1525780431,17.813600,17.966900
1525780435,17.813600,17.966800
1525780436,17.813700,17.966800
1525780437,17.813900,17.966800
1525780440,17.813900,17.966700
1525780441,17.813900,17.966600
1525780442,17.814000,17.966600
1525780443,17.814600,17.966100
1525780450,17.814700,17.966000
1525780452,17.814800,17.966000
1525780453,17.814900,17.966500
1525780455,17.815000,17.966400
1525780456,17.815100,17.966400
1525780457,17.815200,17.966400
1525780461,17.815300,17.966400
1525780462,17.815400,17.966300
1525780463,17.815800,17.966400
1525780464,17.815800,17.966300
1525780466,17.815900,17.966200
1525780468,17.816000,17.966200
1525780470,17.816600,17.966200
1525780473,17.816700,17.966100
1525780475,17.816900,17.966100
1525780476,17.816900,17.966000
1525780479,17.817000,17.966000
1525780480,17.817000,17.943900
1525780484,17.817100,17.943800
1525780486,17.817200,17.943800
1525780488,17.817400,17.943600
1525780489,17.817500,17.943600
1525780491,17.817600,17.943600
1525780494,17.817700,17.943600
1525780495,17.818000,17.943600
1525780496,17.818000,17.943700
1525780497,17.818100,17.943700
1525780498,17.818200,17.943700
1525766147,18.388700,18.451000
1525780501,17.818300,17.943700
1525780502,17.818800,17.943300
1525780504,17.818900,17.943300
1525780507,17.819000,17.943300
1525780508,17.819100,17.943300
1525780509,17.819100,17.943200
1525780510,17.819300,17.943200
1525780511,17.819200,17.943200
1525780512,17.819300,17.943200
1525780515,17.819600,17.943200
1525780516,17.819700,17.943200
1525780520,17.819800,17.943600
1525780521,17.819800,17.943500
1525780522,17.820200,17.943500
1525780524,17.820300,17.943500
1525780526,17.820800,17.943300
1525780532,17.820900,17.943300
1525780533,17.821000,17.943200
1525780536,17.821100,17.943200
1525780539,17.821200,17.943700
1525780540,17.821200,17.943600
1525780541,17.821500,17.943600
1525780544,17.821600,17.943600
1525780547,17.822000,17.943500
1525780550,17.822100,17.943500
1525780552,17.822100,17.943400
1525780558,17.822200,17.943400
1525780559,17.822700,17.943300
1525780561,17.822800,17.943300
1525780564,17.823000,17.943300
1525780565,17.823000,17.943200
1525780567,17.823100,17.943200
1525780570,17.823100,17.943100
1525780571,17.823400,17.943100
1525780576,17.823500,17.943100
1525780577,17.823900,17.943100
1525780580,17.823900,17.943000
1525780581,17.824000,17.943000
1525780583,17.824600,17.943000
1525780585,17.824700,17.943000
1525780589,17.824900,17.943000
1525780592,17.825000,17.943000
1525780595,17.825000,17.943700
1525780596,17.825000,17.943900
1525780597,17.825100,17.943600
1525780599,17.825100,17.943500
1525780600,17.825200,17.943500
1525780603,17.825600,17.943500
1525780605,17.825700,17.943500
1525780608,17.825700,17.943300
1525780609,17.826300,17.943300
1525780612,17.826400,17.943300
1525780614,17.826400,17.943200
1525780618,17.826500,17.943200
1525780620,17.826500,17.943100
1525780621,17.826700,17.942900
1525780623,17.826800,17.942900
1525780624,17.826700,17.942800
1525780625,17.826800,17.942700
1525780628,17.827200,17.942400
1525780633,17.827400,17.942100
1525780635,17.827500,17.942000
1525780637,17.827500,17.941900
1525780639,17.827600,17.941700
1525780646,17.827900,17.941400
1525780650,17.827900,17.941300
1525780652,17.827900,17.941200
1525780653,17.828000,17.940900
1525780657,17.828000,17.940800
1525780659,17.828000,17.940200
1525780660,17.828600,17.940200
1525780661,17.828600,17.940100
1525780663,17.828600,17.940000
1525780665,17.828600,17.939800
1525780666,17.828700,17.939700
1525780668,17.828700,17.939600
1525780669,17.828200,17.939500
1525780670,17.828300,17.939500
1525780672,17.828300,17.939400
1525780673,17.828600,17.939100
1525780677,17.828600,17.939000
1525780679,17.828700,17.938600
1525780681,17.828700,17.938500
1525780683,17.828700,17.938400
1525780685,17.829300,17.937900
1525780688,17.829300,17.937800
1525780691,17.829400,17.937700
1525780692,17.829400,17.937500
1525780694,17.800900,17.937400
1525780695,17.829500,17.937400
1525780698,17.829500,17.937300
1525780701,17.829500,17.937000
1525780702,17.824400,17.937000
1525780703,17.824400,17.936900
1525780704,17.824500,17.936900
1525780706,17.824500,17.936500
1525780707,17.824900,17.936500
1525780710,17.824900,17.936400
1525780712,17.825100,17.935800
1525780716,17.825100,17.935700
1525780717,17.825200,17.935600
1525780718,17.825200,17.935400
1525780719,17.825400,17.935300
1525780720,17.825400,17.904200
1525773807,18.250100,18.251700
1525780723,17.825500,17.904100
1525780730,17.808700,17.904100
1525780732,17.808800,17.904100
1525780738,17.809400,17.903500
1525780742,17.809400,17.903400
1525780743,17.809500,17.903300
1525780744,17.809700,17.903300
1525780745,17.809700,17.903100
1525780749,17.809800,17.903100
1525780750,17.794600,17.903000
1525780751,17.794600,17.902900
1525780754,17.810100,17.902800
1525780758,17.810100,17.902700
1525780759,17.810100,17.902400
1525780761,17.794600,17.902400
1525780762,17.772900,17.902400
1525780763,17.773000,17.902400
1525780765,17.773100,17.901900
1525780769,17.773200,17.901900
1525780770,17.773300,17.901800
1525780771,17.773300,17.901700
1525780773,17.773300,17.883400
1525780774,17.773400,17.883300
1525780778,17.773600,17.883300
1525780781,17.773700,17.883300
1525780782,17.773700,17.883400
1525780783,17.773800,17.883300
1525780784,17.774100,17.883300
1525780786,17.774200,17.883300
1525780790,17.774800,17.882700
1525774246,18.250000,18.301900
1525780793,17.774900,17.882700
1525780795,17.775000,17.882700
1525780796,17.775000,17.882700
1525780797,17.775100,17.882500
1525780798,17.775200,17.882400
1525780800,17.775300,17.882400
1525770973,18.352200,18.498200
1525780804,17.775300,17.864100
1525780807,17.775400,17.864100
1525780808,17.775400,17.864000
1525780812,17.775500,17.864000
1525780814,17.775600,17.864000
1525780817,17.775700,17.864000
1525780820,17.775800,17.864000
1525780822,17.775800,17.821300
1525780824,17.776000,17.821300
1525780827,17.776100,17.821300
1525770974,18.352700,18.498200
1525780833,17.776200,17.821300
1525780839,17.776300,17.821300
1525780840,17.776400,17.821300
1525780842,17.776400,17.853100
1525780843,17.776400,17.853000
1525780845,17.776300,17.852900
1525780846,17.776300,17.852800
1525780849,17.776300,17.778700
1525804435,18.090200,18.175200
1525780856,17.776400,17.778700
1525780868,17.776500,17.778700
1525766210,18.343600,18.448900
1525780880,17.750000,17.773200
1525780891,17.750000,17.778700
1525780895,17.708800,17.729700
1525780899,17.708900,17.778600
1525780900,17.708900,17.778500
1525780901,17.708900,17.778400
1525780905,17.708900,17.732500
1525780906,17.708300,17.732500
1525766215,18.344100,18.448400
1525780928,17.708300,17.732400
1525780939,17.708300,17.732300
1525780945,17.708300,17.732200
1525780948,17.708300,17.732100
1525780953,17.708300,17.732000
1525780954,17.700100,17.707600
1525780956,17.700100,17.707500
1525766225,18.343900,18.447500
1525780969,17.700100,17.707400
1525780974,17.691500,17.700000
1525780979,17.691500,17.699900
1525780982,17.691500,17.698200
1525780984,17.570700,17.698100
1525780986,17.570800,17.698100
1525780987,17.600700,17.698100
1525780989,17.600700,17.698000
1525780992,17.600700,17.697800
1525780993,17.600800,17.697800
1525780995,17.600800,17.697700
1525780997,17.601000,17.697700
1525780998,17.601000,17.697400
1525781001,17.601000,17.697300
1525781002,17.601100,17.697300
1525781004,17.601400,17.696900
1525781007,17.601500,17.696800
1525766232,18.344000,18.447100
1525781011,17.601500,17.696200
1525781012,17.601600,17.696200
1525781015,17.601700,17.696200
1525781018,17.601700,17.696800
1525781019,17.601900,17.696800
1525781020,17.601900,17.731700
1525781021,17.601900,17.731700
1525781023,17.602000,17.696700
1525781026,17.602200,17.731600
1525781030,17.602200,17.700500
1525781032,17.602300,17.700500
1525781033,17.602600,17.700400
1525781036,17.696800,17.700300
1525781041,17.696800,17.700200
1525781043,17.696800,17.700100
1525781048,17.603400,17.696800
1525781050,17.696900,17.700100
1525781051,17.603400,17.696700
1525781052,17.603700,17.696400
1525781054,17.603800,17.696400
1525781055,17.603800,17.696300
1525781057,17.603900,17.696300
1525781058,17.604300,17.695900
1525781060,17.604400,17.695800
1525781062,17.604500,17.695800
1525766241,18.344100,18.446500
1525781064,17.605000,17.695200
1525781066,17.605000,17.690600
1525771703,18.305500,18.401100
1525781069,17.604700,17.690600
1525781071,17.605100,17.690600
1525781073,17.604800,17.690500
1525781079,17.605000,17.694800
1525781081,17.605100,17.694800
1525781087,17.605100,17.700100
1525781088,17.605200,17.694700
1525781092,17.605100,17.700100
1525781093,17.605100,17.694600
1525781095,17.605700,17.694600
1525781097,17.589800,17.694600
1525781098,17.605800,17.694600
1525781104,17.605300,17.770000
1525781106,17.605400,17.770000
1525781108,17.605400,17.769800
1525781109,17.605500,17.769800
1525781111,17.605600,17.769800
1525781112,17.605600,17.769700
1525781113,17.605800,17.769700
1525781114,17.605900,17.769700
1525771711,18.306100,18.401000
1525781116,17.605900,17.769600
1525775348,18.172800,18.290000
1525781118,17.606200,17.769100
1525781120,17.606200,17.709600
1525781126,17.606300,17.709600
1525781128,17.606400,17.709500
1525781129,17.629600,17.709500
1525781130,17.629700,17.709500
1525781132,17.630000,17.709500
1525781136,17.630100,17.709500
1525781138,17.630200,17.709500
1525781139,17.630500,17.709500
1525781141,17.630600,17.709500
1525781144,17.630700,17.709500
1525781145,17.631200,17.709500
1525781148,17.711600,17.769000
1525781152,17.713500,17.769000
1525781153,17.713500,17.768800
1525781155,17.713500,17.768700
1525766257,18.331300,18.445500
1525781161,17.711600,17.768700
1525781163,17.713600,17.768700
1525781165,17.711600,17.768700
1525781167,17.713700,17.768700
1525781169,17.713700,17.840700
1525781172,17.714300,17.840700
1525781173,17.714300,17.840100
1525781175,17.714300,17.840000
1525781180,17.714300,17.839900
1525781182,17.694600,17.839900
1525781183,17.676000,17.839800
1525781184,17.694700,17.839800
1525781186,17.676000,17.839800
1525781187,17.694800,17.839800
1525781189,17.694800,17.840700
1525781190,17.694900,17.839700
1525781193,17.695000,17.839700
1525781194,17.695000,17.786700
1525781199,17.695200,17.786700
1525781200,17.695300,17.786700
1525781201,17.695400,17.786600
1525781203,17.695500,17.786600
1525781204,17.695600,17.786600
1525781205,17.696000,17.786200
1525781206,17.700000,17.786200
1525781207,17.700000,17.786100
1525781208,17.700100,17.786100
1525766266,18.337800,18.443900
1525781215,17.700000,17.852500
1525781216,17.700200,17.786000
1525781223,17.700200,17.839700
1525781225,17.700300,17.839600
1525781229,17.700400,17.839500
1525781230,17.700400,17.839100
1525781231,17.700400,17.829900
1525781233,17.700400,17.829800
1525781236,17.700400,17.829200
1525781237,17.700600,17.829200
1525781238,17.700600,17.829100
1525781240,17.700600,17.829000
1525781242,17.700600,17.828900
1525781243,17.700600,17.828700
1525781245,17.700300,17.828600
1525781247,17.700200,17.828500
1525781248,17.700200,17.723400
1525799040,17.901500,18.028300
1525781250,17.700300,17.723400
1525781254,17.700400,17.723400
1525781265,17.700400,17.771300
1525781267,17.700400,17.771200
1525781268,17.662600,17.771200
1525781270,17.662700,17.771200
1525766276,18.339700,18.443800
1525781274,17.662500,17.771200
1525781276,17.662800,17.770900
1525781277,17.662800,17.770800
1525781281,17.662800,17.700400
1525781283,17.662900,17.700400
1525781289,17.663100,17.770400
1525781291,17.663100,17.770600
1525781293,17.663100,17.770500
1525781297,17.643600,17.770300
1525781299,17.643600,17.770200
1525781304,17.669500,17.770200
1525781306,17.669500,17.771200
1525781307,17.669800,17.770900
1525781309,17.669800,17.727200
1525781314,17.670000,17.727200
1525802633,18.000000,18.090900
1525781322,17.670200,17.727200
1525781324,17.670200,17.769900
1525781325,17.670200,17.769800
1525781326,17.670200,17.769600
1525781328,17.670200,17.769500
1525781329,17.669700,17.769500
1525781335,17.669500,17.769200
1525781336,17.669800,17.769200
1525781339,17.669800,17.769100
1525781341,17.669600,17.769100
1525781343,17.670000,17.769100
1525781346,17.670000,17.769000
1525781349,17.670000,17.768400
1525781351,17.670400,17.768400
1525781354,17.670400,17.768300
1525775356,18.172800,18.289100
1525781358,17.670000,17.768300
1525781360,17.670000,17.768700
1525781361,17.670000,17.768000
1525781362,17.670100,17.742000
1525781365,17.670100,17.741900
1525781366,17.670100,17.741800
1525781369,17.670200,17.741800
1525781375,17.670400,17.741800
1525781380,17.670500,17.741800
1525781389,17.670500,17.780300
1525781390,17.670500,17.780200
1525781391,17.670500,17.766800
1525781395,17.670500,17.766700
1525781398,17.670500,17.766300
1525781400,17.670500,17.766200
1525781405,17.670500,17.765600
1525781406,17.670500,17.765500
1525781409,17.670500,17.765300
1525766299,18.338900,18.442600
1525781412,17.670500,17.765200
1525781417,17.670500,17.764900
1525781418,17.670500,17.764800
1525781423,17.670500,17.764400
1525781425,17.670500,17.764300
1525781426,17.670500,17.750600
1525781430,17.670500,17.750500
1525781435,17.670500,17.749900
1525781436,17.670500,17.749800
1525781440,17.670500,17.749600
1525781444,17.670500,17.749500
1525781446,17.670500,17.749600
1525781448,17.670500,17.750600
1525781449,17.670500,17.749400
1525781451,17.670500,17.750500
1525781452,17.751100,17.789700
1525781454,17.751100,17.789600
1525781456,17.751100,17.789600
1525771768,18.309700,18.400700
1525781458,17.751200,17.789600
1525766307,18.339600,18.442000
1525781461,17.751100,17.789600
1525781464,17.751100,17.852100
1525781466,17.751300,17.852000
1525781467,17.751300,17.851900
1525771770,18.309800,18.400700
1525781470,17.751300,17.851800
1525781473,17.751400,17.851700
1525781474,17.751700,17.851700
1525781477,17.751700,17.851800
1525781482,17.751900,17.851700
1525781486,17.751900,17.851800
1525781487,17.751900,17.851700
1525781488,17.751900,17.851600
1525781489,17.751500,17.851600
1525781490,17.751500,17.835000
1525781491,17.752100,17.835000
1525804542,18.104100,18.174600
1525781498,17.747300,17.835000
1525781500,17.747300,17.851000
1525781501,17.747300,17.850900
1525781504,17.747400,17.850900
1525771776,18.310500,18.400700
1525781510,17.747400,17.850800
1525781515,17.747500,17.850700
1525781516,17.748100,17.850700
1525781518,17.748100,17.850600
1525781521,17.748200,17.850500
1525781523,17.748300,17.850500
1525781524,17.748400,17.850500
1525781526,17.748500,17.850700
1525781527,17.748600,17.850600
1525781530,17.748700,17.850700
1525781531,17.748800,17.850700
1525781532,17.749000,17.850700
1525781535,17.749100,17.850700
1525781537,17.749200,17.850700
1525781538,17.749200,17.909600
1525781539,17.749300,17.909500
1525781541,17.749400,17.909500
1525781542,17.749700,17.909500
1525766321,18.340100,18.441600
1525781544,17.749800,17.909800
1525781546,17.749900,17.909800
1525781547,17.749900,17.909400
1525781548,17.762200,17.909200
1525781553,17.762300,17.909200
1525781555,17.762500,17.909200
1525781556,17.762600,17.880900
1525781557,17.782900,17.880900
1525781559,17.783000,17.909500
1525781560,17.783100,17.909500
1525766324,18.340400,18.441500
1525781562,17.783200,17.909400
1525781563,17.783200,17.910000
1525781564,17.783500,17.910000
1525781566,17.783600,17.910000
1525781567,17.783600,17.909600
1525781568,17.786700,17.909600
1525781570,17.786700,17.909200
1525781571,17.786800,17.909200
1525781572,17.786900,17.909200
1525781574,17.787000,17.909200
1525781576,17.787500,17.909200
1525781577,17.787500,17.909000
1525781580,17.799900,17.909000
1525781581,17.799900,17.909600
1525781584,17.799900,17.909400
1525781587,17.800000,17.909400
1525781590,17.800100,17.909400
1525781592,17.800400,17.909300
1525781594,17.800500,17.909300
1525781597,17.800600,17.909300
1525781599,17.800700,17.909300
1525781600,17.801000,17.910000
1525781602,17.801000,17.909900
1525781604,17.801100,17.909900
1525781605,17.801100,17.908000
1525781607,17.801200,17.908000
1525781608,17.801300,17.908000
1525781610,17.801300,17.907900
1525781611,17.801300,17.908000
1525781612,17.801200,17.907900
1525781614,17.800800,17.907900
1525781616,17.801300,17.907900
1525781617,17.801400,17.907900
1525781618,17.801400,17.908000
1525781620,17.801700,17.910000
1525781622,17.801800,17.910000
1525781624,17.801800,17.909900
1525781625,17.801900,17.909900
1525781627,17.802000,17.909900
1525781629,17.802100,17.909900
1525781633,17.802200,17.909900
1525781634,17.802700,17.909900
1525774686,18.250500,18.288200
1525781637,17.802800,17.909900
1525781639,17.815100,17.909900
1525781642,17.815200,17.909900
1525766338,18.340800,18.441400
1525781648,17.815200,17.910000
1525781649,17.815200,17.909900
1525781650,17.815200,17.909600
1525781651,17.815200,17.909500
1525781653,17.815200,17.897000
1525781654,17.815200,17.896900
1525781657,17.815300,17.896900
1525774275,18.250000,18.301800
1525781665,17.815400,17.896900
1525781669,17.815600,17.896900
1525781675,17.815700,17.896900
1525781677,17.816000,17.896900
1525781679,17.816100,17.909900
1525781681,17.816100,17.896800
1525781682,17.816200,17.910000
1525781685,17.816300,17.910000
1525781687,17.816400,17.910000
1525781689,17.816800,17.910000
1525781691,17.818300,17.910000
1525781693,17.818400,17.910000
1525781695,17.818500,17.910000
1525781699,17.818600,17.910000
1525781701,17.818700,17.910000
1525781703,17.819000,17.910000
1525781706,17.819100,17.910000
1525781708,17.819000,17.910000
1525781709,17.819100,17.910000
1525781712,17.819200,17.910000
1525781713,17.819300,17.910000
1525781714,17.819300,17.877900
1525781715,17.819700,17.877900
1525781717,17.825100,17.877900
1525781720,17.825200,17.877900
1525781727,17.825300,17.877900
1525781731,17.825500,17.877900
1525799121,17.900300,18.010700
1525781736,17.825600,17.933100
1525781739,17.825600,17.933000
1525781740,17.825600,17.932900
1525781742,17.825600,17.932300
1525781746,17.825600,17.932200
1525781747,17.825600,17.932100
1525781757,17.825600,17.931800
1525781759,17.825600,17.931700
1525781761,17.825600,17.931600
1525781762,17.825600,17.931200
1525781764,17.816500,17.823100
1525781769,17.816700,17.930900
1525781771,17.816700,17.930800
1525781775,17.816700,17.930600
1525781777,17.816300,17.930600
1525781778,17.816300,17.930500
1525781783,17.815500,17.930200
1525781784,17.815500,17.868000
1525781785,17.815500,17.867900
1525781789,17.815500,17.867800
1525781791,17.815200,17.867700
1525781798,17.815200,17.867600
1525781801,17.815200,17.867500
1525781810,17.815200,17.867200
1525781813,17.815200,17.867100
1525781817,17.815200,17.866700
1525766367,18.348800,18.439100
1525781820,17.815200,17.866600
1525781823,17.815200,17.866500
1525781825,17.815200,17.866400
1525781830,17.815200,17.866200
1525781833,17.815200,17.866100
1525766370,18.349200,18.450900
1525781838,17.815200,17.866000
1525766643,18.366400,18.423300
1525781841,17.815200,17.846200
1525781843,17.815200,17.846100
1525781847,17.815200,17.845700
1525781849,17.815200,17.845600
1525781855,17.815200,17.845000
1525781857,17.815200,17.844900
1525781860,17.815200,17.844800
1525781861,17.815200,17.844700
1525781863,17.815200,17.844600
1525781869,17.815200,17.844800
1525799144,17.900900,17.983300
1525781874,17.754600,17.844700
1525781877,17.754600,17.814300
1525781880,17.755000,17.814300
1525781882,17.755000,17.844700
1525781884,17.755000,17.844600
1525781888,17.754600,17.844600
1525781889,17.754600,17.844700
1525781893,17.754600,17.899400
1525781895,17.754400,17.898300
1525781896,17.754700,17.898300
1525781897,17.754800,17.898200
1525781900,17.766800,17.844600
1525781903,17.766900,17.844600
1525781904,17.767000,17.844600
1525781906,17.771100,17.844600
1525781908,17.771200,17.844600
1525781912,17.771400,17.844600
1525781915,17.771500,17.844600
1525781916,17.771500,17.899400
1525781917,17.771500,17.899300
1525781918,17.771600,17.899300
1525781921,17.771700,17.899400
1525781922,17.771700,17.899200
1525781923,17.771800,17.899200
1525781924,17.772000,17.899200
1525781925,17.772000,17.898900
1525781926,17.780900,17.898900
1525781928,17.781000,17.898900
1525781930,17.781100,17.898900
1525781932,17.781400,17.898900
1525781933,17.793400,17.898800
1525781936,17.793400,17.899200
1525781937,17.793500,17.899200
1525781940,17.793600,17.899200
1525781942,17.793700,17.899200
1525781943,17.793800,17.899200
1525781945,17.793900,17.899600
1525781947,17.794000,17.899600
1525781950,17.794200,17.899600
1525781951,17.794300,17.899600
1525781952,17.794200,17.899600
1525781957,17.794600,17.899600
1525781958,17.794600,17.899500
1525781962,17.794700,17.899400
1525781963,17.794900,17.899400
1525781968,17.807100,17.899400
1525781970,17.807200,17.899400
1525781972,17.807300,17.899400
1525781976,17.807400,17.899400
1525781977,17.807600,17.899400
1525781979,17.807700,17.899300
1525781982,17.807800,17.899300
1525781984,17.807900,17.899300
1525781986,17.808000,17.899300
1525781990,17.808100,17.899300
1525781991,17.808100,17.899200
1525781992,17.808700,17.899200
1525781994,17.808800,17.899200
1525781997,17.821200,17.899200
1525782000,17.821300,17.899200
1525782002,17.821400,17.899200
1525782004,17.821400,17.899100
1525782006,17.821500,17.899100
1525782008,17.821600,17.899100
1525782009,17.822000,17.899100
1525782012,17.822100,17.899100
1525782015,17.822700,17.899100
1525782018,17.822800,17.899900
1525782019,17.822900,17.899800
1525782020,17.823000,17.899800
1525782022,17.823100,17.899800
1525782023,17.823200,17.899900
1525782024,17.835200,17.899900
1525782026,17.835200,17.907400
1525782028,17.835300,17.907400
1525782029,17.835300,17.907300
1525782033,17.835400,17.907300
1525782034,17.835400,17.907200
1525782036,17.835300,17.907200
1525782037,17.835500,17.907200
1525782038,17.835800,17.907200
1525782040,17.835900,17.907200
1525782042,17.848200,17.907200
1525782046,17.848300,17.907200
1525782051,17.848400,17.907200
1525766406,18.363300,18.449800
1525782054,17.848500,17.907200
1525782057,17.848600,17.930400
1525782060,17.848700,17.930300
1525782061,17.848800,17.930300
1525782064,17.849100,17.930300
1525782068,17.849200,17.930300
1525782071,17.849300,17.930400
1525782073,17.849400,17.930400
1525782074,17.849400,17.930300
1525782075,17.849500,17.930300
1525782076,17.850000,17.930300
1525782079,17.850100,17.930200
1525782082,17.850200,17.930200
1525782085,17.850300,17.930200
1525782086,17.850300,17.930100
1525782087,17.850400,17.930100
1525782089,17.850700,17.930100
1525782092,17.850800,17.930100
1525782094,17.850900,17.930100
1525782096,17.851300,17.939400
1525782099,17.851400,17.939400
1525782100,17.851600,17.939400
1525782102,17.851600,17.939300
1525782107,17.851700,17.939300
1525782108,17.851700,17.939200
1525782109,17.851800,17.939200
1525782111,17.851800,17.939100
1525782113,17.851900,17.939100
1525782114,17.864200,17.939100
1525782118,17.864300,17.939000
1525782119,17.864400,17.939000
1525782121,17.864400,17.939200
1525782122,17.864500,17.938900
1525782123,17.864800,17.938900
1525782124,17.864900,17.938900
1525782126,17.865000,17.938900
1525782127,17.865000,17.939100
1525782129,17.865600,17.939100
1525782130,17.865700,17.939100
1525782132,17.865800,17.939100
1525782133,17.878200,17.939100
1525782135,17.878200,17.958600
1525782138,17.878200,17.991600
1525782143,17.878300,17.991600
1525782146,17.878400,17.991600
1525782148,17.878500,17.991600
1525782149,17.878900,17.991600
1525782154,17.879000,17.991600
1525782156,17.879600,17.991600
1525782157,17.879600,17.991800
1525782159,17.879700,17.991800
1525782162,17.880000,17.992400
1525782163,17.880100,17.992400
1525782166,17.880200,17.992400
1525782168,17.880300,17.992400
1525782170,17.880600,17.992400
1525782174,17.880700,17.992400
1525782175,17.880800,17.992400
1525782176,17.881100,17.992300
1525782177,17.881200,17.992300
1525782179,17.881300,17.992300
1525782180,17.881400,17.992300
1525782182,17.881500,17.992300
1525782183,17.882200,17.992300
1525782185,17.882300,17.992300
1525782187,17.882400,17.992300
1525782189,17.882600,17.992300
1525782190,17.882700,17.992300
1525782192,17.882800,17.992300
1525782193,17.882800,17.992400
1525782195,17.882900,17.992400
1525782197,17.883100,17.992400
1525782200,17.883200,17.992400
1525782202,17.895400,17.992400
1525782205,17.895500,17.992400
1525782208,17.895600,17.992400
1525782212,17.896100,17.992400
1525782215,17.896200,17.992400
1525782220,17.896200,17.992300
1525782227,17.908700,17.992300
1525782228,17.950000,17.992300
1525782233,17.950000,18.000000
1525782237,17.950000,17.990000
1525782248,17.950000,17.989900
1525799207,17.901600,17.983200
1525782271,17.950000,17.999800
1525782276,17.950000,18.000000
1525782277,17.950000,17.999700
1525782285,17.950000,18.000000
1525782286,17.950000,17.999600
1525782292,17.950000,17.999400
1525782300,17.950000,17.999800
1525782306,17.950000,17.999700
1525782310,17.950000,17.999600
1525782311,17.950000,17.999400
1525772115,18.300000,18.401700
1525782331,17.965300,17.999400
1525782335,17.965300,17.991400
1525782345,17.892700,17.991400
1525782349,17.892900,17.991400
1525782351,17.892900,17.999400
1525782352,17.893000,17.999400
1525782355,17.893000,18.000000
1525782358,17.893100,18.000000
1525782359,17.893100,17.999700
1525782360,17.905500,17.999700
1525782363,17.905600,17.999700
1525782364,17.905700,17.999600
1525782371,17.905700,17.999400
1525782375,17.905600,17.999400
1525782379,17.905600,17.999800
1525782381,17.912100,17.999800
1525782384,17.912100,17.999700
1525782390,17.912100,17.999600
1525782392,17.857800,17.999600
1525782395,17.857900,17.999600
1525782396,17.858100,17.938900
1525782399,17.858200,17.938900
1525782401,17.858300,17.938900
1525782402,17.858400,17.938900
1525782411,17.858600,17.938900
1525782412,17.858700,17.938900
1525782417,17.858800,17.938900
1525782419,17.858900,17.938900
1525782421,17.859000,17.938900
1525782422,17.859100,17.938900
1525782424,17.859100,17.978100
1525782426,17.859100,17.978000
1525782430,17.859300,17.978000
1525766617,18.366300,18.450800
1525782436,17.859300,17.978500
1525782438,17.859100,17.978700
1525782439,17.859000,17.978600
1525782440,17.859200,17.978600
1525782441,17.859000,17.977900
1525782443,17.859500,17.977900
1525782444,17.859500,17.977800
1525782449,17.859500,17.977400
1525782450,17.859500,17.977300
1525782451,17.859400,17.977300
1525782454,17.859400,17.977400
1525782455,17.859600,17.977400
1525782456,17.859600,17.976700
1525782458,17.871900,17.933500
1525804704,18.109700,18.179000
1525782473,17.871900,17.977800
1525782475,17.871900,17.977400
1525772120,18.300000,18.402800
1525782481,17.871900,17.976600
1525782483,17.871900,17.976000
1525804708,18.109700,18.200000
1525782490,17.871900,17.976400
1525782495,17.871900,17.976300
1525782503,17.871900,17.976200
1525804711,18.109600,18.200000
1525782510,17.871900,17.976100
1525782511,17.871900,17.975600
1525804712,18.109700,18.200000
1525782518,17.871900,17.941900
1525804715,18.109800,18.200000
1525782534,17.871900,17.975500
1525782536,17.871900,17.975000
1525782537,17.871900,17.974900
1525782543,17.871900,17.974800
1525782547,17.871900,17.974700
1525782549,17.871900,17.974500
1525782553,17.871900,17.974400
1525782555,17.871900,17.974200
1525782557,17.871900,17.940200
1525804720,18.110000,18.199900
1525782574,17.871900,17.973600
1525782578,17.871900,17.973300
1525771956,18.312400,18.370100
1525782586,17.871900,17.973200
1525799263,17.865900,17.900000
1525782589,17.871900,17.973100
1525804725,18.110300,18.199900
1525782596,17.871900,17.973300
1525782598,17.871900,17.973000
1525782600,17.871900,17.972900
1525782601,17.871900,17.939800
1525771961,18.312500,18.370000
1525782622,17.871900,17.972200
1525782626,17.871900,17.978500
1525782631,17.871900,17.978400
1525782636,17.871900,17.978300
1525782643,17.872000,17.978300
1525782645,17.872000,17.999200
1525782646,17.872100,17.999200
1525782647,17.872200,17.999100
1525782650,17.872500,17.999100
1525782652,17.872600,17.999100
1525782654,17.872700,17.999000
1525782657,17.872800,17.999000
1525782658,17.885200,17.999000
1525782676,17.885200,17.999400
1525782677,17.885200,17.998900
1525782684,17.885200,17.998800
1525799282,17.905100,17.960900
1525782703,17.885200,17.999400
1525782705,17.885200,17.999300
1525782708,17.885200,17.999200
1525782709,17.885200,17.999200
1525782713,17.885200,17.999300
1525782715,17.885200,17.999100
1525804746,18.110400,18.199900
1525782719,17.885200,17.999000
1525782722,17.885200,17.999100
1525782723,17.885200,17.999000
1525782725,17.874800,17.885200
1525782731,17.864800,17.885200
1525782736,17.864000,17.885200
1525782738,17.838100,17.885200
1525782740,17.838200,17.885200
1525782741,17.838400,17.885200
1525766521,18.363700,18.436100
1525782744,17.838500,17.885200
1525782745,17.838600,17.885200
1525782747,17.838700,17.885200
1525782748,17.839100,17.885200
1525782750,17.839200,17.885200
1525782751,17.839300,17.885200
1525782753,17.839400,17.885200
1525782755,17.840000,17.885200
1525782758,17.840100,17.885200
1525782761,17.840300,17.885200
1525782765,17.840400,17.885200
1525782768,17.840500,17.885200
1525782770,17.840800,17.885200
1525766526,18.363700,18.436000
1525782776,17.841000,17.885200
1525782780,17.885200,17.997900
1525782782,17.841600,17.997900
1525782783,17.841600,17.997800
1525782786,17.841600,17.997700
1525782787,17.841600,17.997500
1525782789,17.841400,17.997500
1525782791,17.841500,17.997500
1525782794,17.841500,17.997400
1525782796,17.841600,17.997300
1525782801,17.842100,17.997200
1525782808,17.842200,17.997200
1525782809,17.842200,17.997300
1525782813,17.842200,17.996900
1525782819,17.842300,17.996900
1525782821,17.842300,17.997300
1525782826,17.842400,17.997000
1525804765,18.109900,18.200000
1525782832,17.842400,17.996900
1525782839,17.842400,17.996700
1525804767,18.110600,18.200000
1525782844,17.842500,17.996700
1525782845,17.842600,17.996700
1525782847,17.842700,17.997100
1525782852,17.842900,17.997000
1525782856,17.843000,17.997000
1525782857,17.843000,17.996900
1525782859,17.843000,17.996800
1525782861,17.843000,17.997200
1525782862,17.843000,17.976600
1525782869,17.843000,17.976400
1525782872,17.843000,17.976300
1525804772,18.105500,18.200000
1525782878,17.843100,17.976200
1525782879,17.843100,17.976100
1525782881,17.843100,17.976000
1525782882,17.843100,17.975900
1525782883,17.843200,17.975600
1525782888,17.843200,17.975500
1525782890,17.843200,17.975200
1525782893,17.843300,17.975200
1525782895,17.843300,17.975100
1525782896,17.843300,17.974900
1525782898,17.843400,17.974900
1525804777,18.105500,18.199700
1525782904,17.843400,17.974700
1525782905,17.843500,17.974700
1525782909,17.843600,17.974600
1525782911,17.843600,17.974200
1525782913,17.843600,17.974100
1525782914,17.843600,17.931000
1525782922,17.843600,17.930800
1525782929,17.843600,17.931000
1525782931,17.843700,17.930900
1525782934,17.843800,17.930900
1525782937,17.843900,17.930900
1525782941,17.843900,17.930800
1525782944,17.844000,17.930700
1525782947,17.844000,17.930600
1525782949,17.844000,17.885000
1525782951,17.844000,17.884900
1525782961,17.844000,17.884800
1525782962,17.844100,17.884900
1525782964,17.844100,17.884700
1525782965,17.844100,17.884600
1525782975,17.844100,17.884500
1525782976,17.844100,17.884400
1525782977,17.844100,17.884500
1525782981,17.844100,17.884400
1525766561,18.364700,18.450900
1525782985,17.840700,17.884400
1525782987,17.840700,17.884300
1525782988,17.840700,17.884200
1525782991,17.840800,17.884200
1525782993,17.810000,17.836300
1525783004,17.810000,17.875600
1525783007,17.810000,17.875400
1525783011,17.810000,17.875300
1525783013,17.810000,17.875200
1525783015,17.810000,17.875100
1525783016,17.810000,17.874900
1525783017,17.810000,17.874800
1525783018,17.810000,17.874900
1525783019,17.810000,17.874800
1525783020,17.810000,17.874900
1525783021,17.810000,17.874700
1525783027,17.810000,17.874600
1525804798,18.090000,18.199300
1525783030,17.810000,17.874100
1525766570,18.364900,18.429700
1525783038,17.810000,17.874500
1525783042,17.810000,17.874900
1525783043,17.810000,17.874400
1525783051,17.810000,17.874300
1525783055,17.810000,17.874100
1525804803,18.090000,18.199800
1525783061,17.810000,17.873900
1525783064,17.810000,17.873800
1525783070,17.810000,17.874500
1525783072,17.810000,17.874300
1525783080,17.810000,17.874500
1525783081,17.810000,17.943300
1525783084,17.810000,17.943100
1525783088,17.810000,17.943000
1525783090,17.810000,17.942600
1525783093,17.810000,17.942500
1525783095,17.810000,17.942400
1525783096,17.810000,17.942300
1525766580,18.365200,18.451000
1525783098,17.810000,17.942200
1525783101,17.810000,17.941700
1525783102,17.810000,17.941600
1525783104,17.810000,17.941600
1525783106,17.810000,17.941500
1525783108,17.810000,17.941400
1525783112,17.810000,17.941300
1525783114,17.810000,17.941200
1525799351,17.869800,17.966500
1525783117,17.810000,17.940800
1525783118,17.810100,17.940700
1525783121,17.810000,17.940700
1525783122,17.810000,17.940300
1525783128,17.810000,17.939900
1525783133,17.810000,17.939800
1525783134,17.803200,17.939800
1525783135,17.803200,17.939700
1525783139,17.803200,17.939600
1525783140,17.803200,17.939500
1525783141,17.803200,17.939400
1525804817,18.090500,18.199300
1525799356,17.870000,17.966500
1525783147,17.803200,17.939100
1525783150,17.803200,17.939000
1525783151,17.803200,17.938900
1525783154,17.803200,17.938800
1525783155,17.803200,17.938300
1525766590,18.365700,18.450900
1525783158,17.803200,17.938200
1525783161,17.803200,17.938100
1525783162,17.803200,17.938000
1525783168,17.803200,17.937900
1525783170,17.803200,17.937700
1525783175,17.803200,17.937400
1525783179,17.803200,17.937300
1525783186,17.803200,17.936700
1525766596,18.365800,18.450900
1525783194,17.803200,17.936600
1525783199,17.803200,17.937000
1525783202,17.803200,17.936800
1525783209,17.803200,17.936700
1525783215,17.803200,17.936300
1525783219,17.803200,17.936200
1525799369,17.870900,18.002300
1525783224,17.803200,17.936700
1525783228,17.772900,17.936400
1525766602,18.366000,18.426700
1525783231,17.773500,17.936400
1525783233,17.773600,17.936400
1525783234,17.773600,17.936100
1525799371,17.871100,18.002200
1525783236,17.773800,17.936000
1525783238,17.773800,17.935900
1525783239,17.773900,17.935400
1525783240,17.774400,17.935400
1525783243,17.774500,17.935400
1525783245,17.774600,17.935400
1525783246,17.774800,17.935400
1525783248,17.774900,17.935800
1525783252,17.775000,17.935800
1525783253,17.805700,17.935800
1525783256,17.805700,17.935700
1525783258,17.805700,17.935600
1525783259,17.806000,17.935300
1525783265,17.806100,17.935200
1525799377,17.871300,18.002200
1525783272,17.806100,17.935100
1525783273,17.805700,17.935100
1525783274,17.806300,17.934800
1525783278,17.806300,17.934700
1525783281,17.806400,17.934700
1525783283,17.806400,17.935100
1525783285,17.806500,17.935100
1525783286,17.806700,17.935100
1525804841,18.090600,18.186900
1525799380,17.871400,18.023000
1525783291,17.807200,17.935100
1525783293,17.807300,17.935100
1525783294,17.807400,17.935100
1525783296,17.807600,17.934900
1525783297,17.807900,17.934900
1525783298,17.807500,17.934900
1525804843,18.090700,18.186500
1525783301,17.807600,17.934900
1525783302,17.807800,17.934900
1525783305,17.807800,17.935000
1525783307,17.807900,17.934800
1525783310,17.808000,17.934800
1525783311,17.808200,17.934800
1525799384,17.871800,18.022700
1525783316,17.808300,17.935000
1525783318,17.808700,17.934600
1525783319,17.808700,17.934900
1525783324,17.808800,17.934900
1525783325,17.808900,17.934300
1525783328,17.809000,17.934200
1525783331,17.809200,17.934200
1525783334,17.809300,17.934200
1525783335,17.809300,17.934600
1525783336,17.809300,17.934100
1525766620,18.366300,18.450500
1525783341,17.809600,17.934800
1525783342,17.809600,17.934600
1525783343,17.809600,17.934000
1525783344,17.809700,17.934000
1525783345,17.809700,17.934600
1525783348,17.810100,17.934500
1525783350,17.810200,17.934500
1525783352,17.810200,17.934400
1525783353,17.810800,17.934400
1525783354,17.810800,17.934300
1525783356,17.810900,17.934300
1525783358,17.811000,17.934300
1525783359,17.811100,17.934300
1525783360,17.811300,17.934100
1525783362,17.811400,17.934100
1525783365,17.811400,17.934000
1525783368,17.811700,17.933900
1525783369,17.811800,17.933900
1525783370,17.811800,17.933800
1525783373,17.811800,17.933700
1525783374,17.812200,17.933700
1525783375,17.812300,17.933600
1525783380,17.812900,17.933600
1525783381,17.812900,17.933100
1525783383,17.813000,17.933100
1525783386,17.813000,17.933000
1525783387,17.813200,17.933000
1525783389,17.813200,17.932900
1525783390,17.813300,17.932900
1525783392,17.813300,17.932800
1525783394,17.813400,17.932700
1525783395,17.813400,17.932600
1525783396,17.813400,17.932700
1525783397,17.813600,17.932500
1525783401,17.813700,17.932500
1525783402,17.813700,17.932400
1525783404,17.813700,17.932100
1525783407,17.813700,17.932000
1525783408,17.813800,17.932000
1525783410,17.814300,17.932000
1525783411,17.814300,17.931800
1525804885,18.101200,18.188800
1525783416,17.814400,17.931700
1525783417,17.814500,17.931700
1525783418,17.814500,17.931600
1525783419,17.814600,17.931600
1525783420,17.814600,17.931500
1525783421,17.814700,17.931500
1525783422,17.814700,17.931200
1525783424,17.815000,17.931100
1525804864,18.091200,18.188700
1525783426,17.815000,17.931000
1525783427,17.815000,17.930900
1525783428,17.815100,17.930900
1525783429,17.815200,17.930600
1525783430,17.815200,17.930500
1525783431,17.815300,17.930500
1525783432,17.815300,17.930400
1525783433,17.815300,17.930300
1525783436,17.815300,17.930200
1525783438,17.814900,17.930200
1525783439,17.815900,17.930100
1525783441,17.815900,17.929900
1525783442,17.816000,17.929800
1525804867,18.091300,18.188700
1525783445,17.816000,17.929700
1525783449,17.815000,17.929600
1525783450,17.814900,17.929600
1525766639,18.366200,18.450500
1525783454,17.814900,17.929400
1525783455,17.814900,17.929300
1525783457,17.814900,17.929200
1525783459,17.814900,17.929100
1525783461,17.765900,17.929100
1525783462,17.765900,17.929000
1525783464,17.766300,17.928600
1525783465,17.766300,17.928200
1525783466,17.766300,17.928100
1525783468,17.766300,17.928000
1525783470,17.766500,17.927900
1525783471,17.766500,17.927400
1525783475,17.766500,17.927300
1525783476,17.766500,17.927200
1525783478,17.766100,17.927100
1525783481,17.766100,17.927000
1525783484,17.766100,17.926900
1525783485,17.766200,17.914900
1525799413,17.873500,17.999700
1525783492,17.766200,17.914700
1525783493,17.766100,17.914600
1525774336,18.250000,18.282800
1525804876,18.092000,18.188400
1525783498,17.766300,17.914000
1525766647,18.366600,18.423300
1525783500,17.766300,17.913900
1525783502,17.766300,17.913800
1525783503,17.766300,17.913700
1525783504,17.766300,17.913600
1525783506,17.765900,17.913600
1525783507,17.765900,17.913500
1525783508,17.765900,17.913400
1525783511,17.765900,17.913300
1525783512,17.730400,17.913300
1525783513,17.730500,17.913200
1525783515,17.730500,17.913000
1525783516,17.730600,17.913000
1525783519,17.730600,17.912800
1525783520,17.731000,17.912700
1525804880,18.092000,18.188300
1525799419,17.873500,17.998900
1525783524,17.731300,17.912100
1525783526,17.731400,17.912100
1525783527,17.731400,17.912000
1525783528,17.731400,17.911900
1525766652,18.366800,18.423300
1525783530,17.731400,17.911700
1525783532,17.731600,17.911600
1525783533,17.731600,17.911500
1525783535,17.731700,17.911400
1525783536,17.731700,17.907700
1525783538,17.731700,17.907600
1525783539,17.732000,17.907500
1525783543,17.732100,17.907500
1525783544,17.732100,17.907400
1525783546,17.732500,17.907100
1525783548,17.732600,17.907000
1525783551,17.732600,17.906700
1525783552,17.733200,17.906700
1525783555,17.733300,17.906600
1525783558,17.733300,17.906500
1525783559,17.733500,17.906400
1525783560,17.733500,17.906300
1525783562,17.734000,17.906300
1525783563,17.734000,17.906200
1525783567,17.734300,17.905900
1525783569,17.734300,17.900600
1525783571,17.734400,17.900600
1525783573,17.734400,17.900500
1525783574,17.734500,17.900500
1525783575,17.734800,17.900600
1525783576,17.734800,17.900500
1525783578,17.734900,17.900500
1525783579,17.734900,17.899900
1525783580,17.735100,17.899900
1525783582,17.735200,17.899800
1525766661,18.367000,18.450500
1525783584,17.735300,17.899700
1525783585,17.735400,17.899600
1525783587,17.735500,17.899500
1525783588,17.735600,17.899500
1525783589,17.735700,17.899400
1525783591,17.735700,17.899300
1525783592,17.735700,17.899200
1525783593,17.735800,17.899200
1525783594,17.736100,17.899100
1525783595,17.736100,17.899000
1525783596,17.736200,17.899000
1525783600,17.736300,17.898500
1525783601,17.736600,17.898500
1525783603,17.736700,17.898500
1525783604,17.736700,17.898400
1525783605,17.736800,17.898400
1525783606,17.737000,17.898400
1525783607,17.737600,17.897800
1525783610,17.737700,17.897700
1525783611,17.771400,17.897700
1525783612,17.771500,17.897600
1525783614,17.771500,17.897500
1525783615,17.771700,17.897500
1525783620,17.771800,17.897400
1525783622,17.771700,17.897400
1525783623,17.772000,17.897400
1525783624,17.772000,17.897300
1525783625,17.772000,17.897200
1525783626,17.772100,17.897200
1525783627,17.772200,17.897200
1525783628,17.772600,17.897200
1525783629,17.772600,17.897300
1525783630,17.772700,17.897300
1525783631,17.772700,17.897200
1525783635,17.773300,17.897200
1525783640,17.897200,17.897300
1525783645,17.897200,17.898300
1525783646,17.897200,17.898200
1525783650,17.772700,17.898200
1525783652,17.772800,17.898200
1525783654,17.773200,17.929800
1525783655,17.773200,17.929400
1525783658,17.773200,17.929300
1525783661,17.773500,17.929000
1525783663,17.773500,17.928900
1525783667,17.773500,17.928800
1525783669,17.773100,17.928700
1525783675,17.771500,17.928600
1525783676,17.771800,17.928500
1525783679,17.771900,17.928500
1525783684,17.772100,17.928500
1525783685,17.772300,17.928500
1525783687,17.772300,17.928400
1525783688,17.772700,17.928000
1525783693,17.772800,17.928000
1525783694,17.773000,17.928000
1525783696,17.773000,17.927900
1525783697,17.773100,17.927900
1525783698,17.773100,17.928100
1525783699,17.773200,17.928100
1525783701,17.773300,17.928100
1525783702,17.773200,17.928100
1525766681,18.363400,18.450300
1525783705,17.773400,17.928100
1525783706,17.773200,17.928100
1525783707,17.773700,17.927800
1525783710,17.773700,17.927700
1525783712,17.773700,17.927600
1525783713,17.773800,17.927600
1525783715,17.773900,17.927600
1525783716,17.774500,17.927600
1525799141,17.900800,17.983300
1525783719,17.774600,17.927600
1525766684,18.363400,18.450400
1525783722,17.813900,17.927500
1525783723,17.813900,17.927400
1525783726,17.813900,17.927300
1525783730,17.813900,17.927200
1525783731,17.813700,17.927200
1525783735,17.814000,17.927100
1525783738,17.814000,17.961500
1525783741,17.814100,17.961200
1525783746,17.814200,17.961300
1525783747,17.814200,17.961100
1525783748,17.814800,17.961100
1525783749,17.814800,17.960500
1525766689,18.363500,18.423300
1525783752,17.814900,17.960500
1525783754,17.815100,17.960500
1525783756,17.815100,17.960900
1525766690,18.363600,18.423200
1525783761,17.815200,17.960900
1525783762,17.857200,17.960900
1525783763,17.857200,17.961300
1525783766,17.857300,17.961300
1525783770,17.857700,17.961200
1525783772,17.857800,17.961200
1525804922,18.101200,18.188500
1525783774,17.857900,17.961200
1525783777,17.858000,17.961200
1525783778,17.858000,17.999300
1525783779,17.858500,17.999300
1525799462,17.875700,17.984400
1525783782,17.858800,17.999200
1525783786,17.858900,17.999500
1525783791,17.858900,17.999700
1525783794,17.896800,17.999700
1525783796,17.897100,17.999400
1525783799,17.897100,17.999300
1525783801,17.897100,17.999200
1525783802,17.897100,17.998900
1525783804,17.896800,17.998900
1525783806,17.897200,17.998900
1525783807,17.897300,17.998900
1525783808,17.897400,17.998600
1525783813,17.897500,17.998600
1525783816,17.897500,17.998800
1525783820,17.897600,17.998800
1525783821,17.897600,17.998700
1525783822,17.897800,17.998700
1525783825,17.897900,17.998700
1525783829,17.897900,17.998500
1525783834,17.898100,17.998000
1525783836,17.898200,17.998000
1525799472,17.876100,17.983800
1525783842,17.897800,17.998300
1525783843,17.898300,17.998300
1525783847,17.897700,17.998300
1525783848,17.898400,17.998500
1525783849,17.898400,17.998200
1525783850,17.897800,17.998200
1525783851,17.898500,17.998200
1525783853,17.897900,17.998200
1525783855,17.898600,17.997900
1525766707,18.364000,18.413200
1525783861,17.898700,17.997900
1525783863,17.898700,17.999300
1525783864,17.897500,17.999300
1525783870,17.897100,17.999500
1525799477,17.876400,17.983700
1525783876,17.896900,18.000000
1525783877,17.896800,18.000000
1525783883,17.897100,17.999700
1525783888,17.897100,17.999600
1525783889,17.897200,17.999600
1525783893,17.897200,17.999400
1525783894,17.897400,17.999400
1525770773,18.414000,18.420000
1525799482,17.877000,17.983200
1525783902,17.897000,17.999800
1525799483,17.877100,17.983200
1525783909,17.896800,18.000000
1525783910,17.897100,17.999700
1525783916,17.897100,17.999600
1525783917,17.897200,17.999600
1525799485,17.877600,17.982600
1525783922,17.897200,17.999400
1525783923,17.897400,17.998900
1525783925,17.897400,17.998800
1525783927,17.897400,17.998700
1525783928,17.897400,17.998600
1525769318,18.649800,18.700000
1525783931,17.897000,17.998500
1525783935,17.897000,17.998400
1525783936,17.897000,17.998100
1525783937,17.848500,17.998100
1525783938,17.848500,17.998000
1525783939,17.848600,17.998000
1525783940,17.848600,17.997900
1525783942,17.848600,17.997500
1525783944,17.848600,17.997400
1525783946,17.848600,17.997300
1525783947,17.848600,17.997200
1525783948,17.848800,17.997200
1525783949,17.848800,17.997100
1525783952,17.848800,17.997000
1525783956,17.848900,17.996900
1525783958,17.848900,17.996800
1525783959,17.848900,17.996700
1525783962,17.848900,17.996600
1525783963,17.848900,17.996500
1525783966,17.848900,17.996400
1525783967,17.848900,17.996100
1525783969,17.848900,17.996000
1525783970,17.848900,17.996100
1525783971,17.848900,17.996000
1525783973,17.848900,17.995900
1525783974,17.848900,17.995800
1525805253,18.103200,18.199300
1525783979,17.848900,17.995200
1525783981,17.848900,17.995100
1525783983,17.848900,17.995000
1525783984,17.848900,17.994900
1525783985,17.848900,17.990000
1525783989,17.848900,17.989900
1525783991,17.848900,17.989800
1525783994,17.848900,17.989500
1525783998,17.848900,17.989400
1525784000,17.848900,17.989300
1525784001,17.849000,17.989300
1525784002,17.849100,17.989300
1525783115,17.810000,17.940900
1525784005,17.849700,17.989300
1525784007,17.849700,17.989200
1525784008,17.849700,17.989200
1525784011,17.849700,17.989100
1525784012,17.849700,17.989000
1525784013,17.849000,17.989000
1525799501,17.877900,18.022800
1525784016,17.849100,17.989000
1525784019,17.849100,17.988800
1525784022,17.849100,17.988700
1525784023,17.849100,17.988600
1525784026,17.849100,17.988200
1525784027,17.849100,17.988100
1525784029,17.849200,17.988100
1525784031,17.849200,17.988000
1525784032,17.849200,17.987900
1525784036,17.849200,17.987800
1525784038,17.849200,17.987600
1525784043,17.849200,17.987500
1525784048,17.849200,17.987400
1525784049,17.849300,17.987400
1525784050,17.849300,17.987300
1525784051,17.849300,17.987200
1525784057,17.849400,17.986900
1525784063,17.849400,17.986800
1525784064,17.849400,17.986400
1525784066,17.849400,17.986300
1525784067,17.849400,17.986200
1525784069,17.849400,17.986100
1525784070,17.849500,17.986000
1525784072,17.849500,17.985900
1525766743,18.365100,18.411400
1525784078,17.849800,17.985800
1525784079,17.849800,17.985700
1525784081,17.849900,17.985700
1525784085,17.849900,17.985300
1525784086,17.850000,17.985300
1525784088,17.850000,17.985200
1525784089,17.850000,17.985000
1525784090,17.850100,17.985000
1525784091,17.850100,17.984900
1525784094,17.850300,17.984900
1525784098,17.850400,17.984900
1525766747,18.365200,18.411400
1525784101,17.850500,17.984900
1525784103,17.850500,17.985000
1525784105,17.850800,17.984800
1525784106,17.850900,17.984800
1525784110,17.851300,17.985200
1525784114,17.889600,17.985200
1525784117,17.890200,17.985200
1525784118,17.890200,17.990000
1525784125,17.889800,17.990000
1525784130,17.889600,17.990000
1525804982,18.101600,18.189000
1525773901,18.156600,18.250000
1525784138,17.889900,17.990000
1525784146,17.890000,17.990000
1525784150,17.890200,17.990000
1525784158,17.889800,17.990000
1525799525,17.901400,18.021400
1525784165,17.889900,17.990000
1525784172,17.890000,17.990000
1525784178,17.890200,17.990000
1525766761,18.370100,18.423300
1525784186,17.889800,17.990000
1525784192,17.889900,17.990000
1525784198,17.890000,17.990000
1525784203,17.890200,17.990000
1525784212,17.889800,17.990000
1525784217,17.889900,18.000000
1525766767,18.370200,18.423300
1525784223,17.890000,18.000000
1525784229,17.890000,17.999900
1525784230,17.890200,17.999900
1525784236,17.890200,17.999700
1525784238,17.889800,17.999700
1525784244,17.889600,18.000000
1525784246,17.889900,18.000000
1525784252,17.890000,18.000000
1525799541,17.901900,18.020600
1525784258,17.890200,18.000000
1525784266,17.889800,18.000000
1525784271,17.889900,18.000000
1525784273,17.889900,17.999900
1525784278,17.890000,17.999900
1525784286,17.890200,17.999900
1525784287,17.890200,17.999800
1525784290,17.890200,17.999700
1525784291,17.890200,17.999600
1525784293,17.890200,17.999500
1525784294,17.889800,17.999500
1525784299,17.889600,17.999500
1525784302,17.889600,17.999900
1525784304,17.889900,17.999400
1525784305,17.889900,17.999900
1525784307,17.889900,17.999300
1525784309,17.890000,17.999300
1525784313,17.890000,17.999900
1525784315,17.890200,17.999900
1525784323,17.889800,17.999900
1525784329,17.889600,17.999900
1525784330,17.889900,17.999900
1525784338,17.889600,17.999900
1525784341,17.890000,17.999900
1525784345,17.890000,17.999800
1525784346,17.890000,17.999700
1525784348,17.890200,17.999200
1525784352,17.890200,17.999100
1525784356,17.889800,17.999100
1525784357,17.889800,18.000000
1525784358,17.889800,17.999900
1525784360,17.889800,17.999000
1525784361,17.889600,17.999000
1525784362,17.889900,17.999000
1525784363,17.889900,17.999800
1525784368,17.890000,17.999900
1525784369,17.890000,17.999700
1525784370,17.890000,18.000000
1525784371,17.890000,17.999900
1525784373,17.890200,17.999900
1525784374,17.890200,17.999600
1525784379,17.890200,17.999900
1525784380,17.890200,17.999500
1525784382,17.889800,17.999900
1525784385,17.889800,17.999400
1525784386,17.889900,17.999400
1525784391,17.889900,17.999900
1525784393,17.890000,17.999900
1525784399,17.890200,17.999900
1525784406,17.889800,17.999900
1525784412,17.889600,17.999900
1525784413,17.889900,17.999900
1525784419,17.890000,17.999900
1525784425,17.890200,17.999900
1525784433,17.889600,17.999900
1525784436,17.889600,18.000000
1525784437,17.889800,17.999900
1525784444,17.889600,17.999900
1525784446,17.889900,17.999600
1525784448,17.889900,17.999500
1525784450,17.890000,17.999500
1525784455,17.890200,17.999500
1525784456,17.890200,17.999300
1525805037,18.090400,18.188700
1525784464,17.889800,18.000000
1525784467,17.889800,17.999900
1525784469,17.889800,17.999600
1525784470,17.889900,17.999600
1525784477,17.890000,17.999400
1525784481,17.890000,17.999300
1525784483,17.890200,17.999300
1525784484,17.890200,17.999200
1525784487,17.890200,17.999100
1525784491,17.889800,17.999100
1525784493,17.889800,17.999200
1525784494,17.889800,17.999000
1525784496,17.889900,17.998900
1525784498,17.889900,17.998600
1525784499,17.889900,17.998500
1525784503,17.890000,17.998400
1525784505,17.890000,17.998300
1525784510,17.851200,17.998200
1525784511,17.851700,17.998200
1525784512,17.851700,17.998100
1525784514,17.851700,17.998200
1525784515,17.851700,17.998000
1525784516,17.851700,17.997900
1525784517,17.851700,17.997800
1525784518,17.851300,17.997800
1525784521,17.851300,17.997700
1525784524,17.851200,17.997700
1525784525,17.851200,17.997400
1525784526,17.851400,17.997400
1525784527,17.851400,17.997300
1525784528,17.851400,17.997200
1525784530,17.851400,17.997100
1525784532,17.851500,17.996800
1525784533,17.851500,17.996700
1525784538,17.851700,17.996100
1525784539,17.851700,17.996000
1525784541,17.851700,17.995900
1525784542,17.851700,17.996000
1525784544,17.851800,17.995800
1525784546,17.851800,17.995700
1525784548,17.851800,17.995600
1525784551,17.851800,17.995500
1525784553,17.851800,17.995400
1525804923,18.101200,18.188300
1525784559,17.851800,17.995100
1525784561,17.851800,17.995000
1525784562,17.851800,17.994800
1525784565,17.851800,17.994700
1525784566,17.851500,17.994700
1525784568,17.851700,17.994600
1525784569,17.851700,17.994400
1525784571,17.851700,17.994300
1525784572,17.851800,17.994300
1525784573,17.851800,17.994200
1525784574,17.851800,17.994000
1525784577,17.851900,17.994000
1525784578,17.851900,17.993900
1525784582,17.851900,17.993800
1525784584,17.851900,17.993700
1525784587,17.851900,17.993800
1525784589,17.852200,17.993500
1525784593,17.852300,17.993500
1525784595,17.852700,17.993200
1525784600,17.852900,17.993000
1525784602,17.853000,17.993000
1525784608,17.853000,17.993400
1525784609,17.853200,17.993200
1525784613,17.853300,17.993200
1525784615,17.853600,17.993200
1525784616,17.853600,17.992900
1525784618,17.853700,17.992900
1525784620,17.853700,17.992800
1525784621,17.854100,17.992800
1525784625,17.854200,17.992800
1525784628,17.854800,17.992800
1525784629,17.854800,17.993100
1525784631,17.854900,17.999900
1525784632,17.854900,18.000000
1525784634,17.854900,17.992900
1525784635,17.854400,17.992900
1525784636,17.854900,17.992900
1525784641,17.854400,17.992900
1525784642,17.855200,17.999600
1525784643,17.855200,17.999500
1525784645,17.855300,17.999400
1525784653,17.855700,17.999000
1525784658,17.856000,17.999000
1525784659,17.856000,17.998800
1525784665,17.856100,17.998800
1525784666,17.892500,18.000000
1525784670,17.892500,17.999900
1525784672,17.892800,17.999600
1525805072,18.120000,18.188900
1525784678,17.892900,17.999500
1525784684,17.893100,17.999500
1525784685,17.893100,18.000000
1525784692,17.892700,18.000000
1525784699,17.892500,18.000000
1525784702,17.892600,18.000000
1525784703,17.892900,18.000000
1525784705,17.893000,18.000000
1525784712,17.893000,17.999900
1525784717,17.892900,18.000000
1525784718,17.893200,18.000000
1525784721,17.893300,18.000000
1525784723,17.893400,18.000000
1525784731,17.893700,18.000000
1525784733,17.893800,18.000000
1525784735,17.893900,18.000000
1525784736,17.894300,18.000000
1525784739,17.894400,18.000000
1525784741,17.894500,18.000000
1525784743,17.894600,18.000000
1525784744,17.895000,18.000000
1525784750,17.895100,18.000000
1525784752,17.895200,18.000000
1525784753,17.895300,18.000000
1525784754,17.895400,18.000000
1525784756,17.895500,18.000000
1525784757,17.895700,18.000000
1525784760,17.895800,18.000000
1525784762,17.895900,18.000000
1525784764,17.896200,18.000000
1525784765,17.936700,18.000000
1525784769,17.937300,18.000000
1525784777,17.937000,18.000000
1525769906,18.606800,18.699400
1525784783,17.937100,18.000000
1525784788,17.937200,18.000000
1525784791,17.937300,18.000000
1525784795,17.937900,18.000000
1525784803,17.936900,18.000000
1525784804,17.938000,18.000000
1525784805,17.938100,18.000000
1525784808,17.981600,18.000000
1525784817,17.982000,18.000000
1525784823,17.981600,18.000000
1525784824,17.982200,18.000000
1525784829,17.981800,18.000000
1525784835,17.981900,18.000000
1525784844,17.982000,18.000000
1525784850,17.982200,18.000000
1525784858,17.981800,18.000000
1525766874,18.423300,18.449900
1525784862,18.000000,18.078300
1525784863,18.000000,18.078200
1525784865,18.000000,18.078100
1525784870,18.000000,18.077800
1525775473,18.150800,18.200000
1525784875,18.000000,18.077700
1525784876,18.000000,18.077300
1525784879,18.000000,18.077200
1525784881,18.000000,18.077100
1525784883,18.000000,18.077000
1525784884,18.000000,18.076900
1525784886,18.000000,18.076800
1525784887,18.000000,18.076700
1525784890,18.000000,18.076600
1525784892,18.000000,18.076500
1525784896,18.000000,18.076300
1525784897,18.000000,18.076200
1525784901,18.000000,18.076100
1525784903,18.000000,18.075500
1525784907,18.000000,18.075400
1525784909,18.000000,18.075300
1525784913,18.000000,18.075200
1525784918,18.000000,18.074900
1525784921,18.000000,18.074800
1525784924,18.000000,18.074400
1525784930,18.000000,18.074300
1525784931,18.000000,18.074300
1525784934,18.000000,18.074200
1525784936,18.000000,18.074100
1525784939,18.000000,18.074000
1525784944,18.000000,18.073900
1525784947,18.000000,18.073800
1525784951,18.000000,18.073600
1525784954,18.000000,18.073500
1525784957,18.000000,18.073000
1525784958,18.000000,18.072900
1525784960,18.000100,18.072800
1525784961,18.000100,18.072700
1525784964,18.000100,18.072600
1525784965,18.000100,18.072500
1525784969,18.000100,18.072400
1525784971,18.000100,18.072300
1525784973,18.000100,18.072300
1525784977,18.000100,18.072200
1525784983,18.000000,18.072200
1525784984,18.000000,18.072100
1525784985,18.000000,18.072000
1525784989,18.000000,18.071900
1525784992,18.000000,18.071800
1525784993,18.000000,18.071700
1525784995,18.000000,18.071600
1525772358,18.300000,18.418900
1525805128,18.091800,18.188700
1525785015,18.000000,18.071500
1525785037,18.000000,18.071400
1525785039,18.000000,18.071300
1525783289,17.806800,17.935100
1525785050,18.000000,18.071100
1525785052,18.000000,18.071000
1525785055,18.000000,18.070900
1525785067,18.000000,18.070800
1525785071,18.000000,18.070700
1525785078,18.000000,18.070600
1525785079,17.982400,18.070600
1525785082,17.982400,18.070500
1525785085,17.982400,18.070400
1525785087,17.982100,18.070400
1525785090,17.982100,18.070300
1525785092,17.982000,18.070200
1525785093,17.982000,18.070100
1525785095,17.982000,18.070000
1525785096,17.982000,18.069900
1525785100,17.982000,18.094400
1525785101,17.982000,18.094300
1525785102,17.982000,18.069800
1525785107,17.982400,18.069700
1525785111,17.982400,18.069600
1525785114,17.982000,18.069600
1525785116,17.982000,18.069500
1525785117,17.982200,18.069500
1525785122,17.982200,18.069400
1525772379,18.300000,18.383800
1525785125,17.982300,18.069400
1525785129,17.982300,18.069300
1525785132,17.982400,18.069300
1525785133,17.982400,18.069200
1525785137,17.982400,18.069100
1525785140,17.982000,18.069100
1525785143,17.982600,18.069100
1525785148,17.982600,18.069000
1525785151,17.982200,18.069000
1525785152,17.982200,18.068900
1525785155,17.982200,18.068800
1525785157,17.982300,18.068800
1525785159,17.982300,18.068700
1525785161,17.982300,18.068600
1525785163,17.982400,18.068600
1525785167,17.982400,18.068500
1525785169,17.982600,18.068500
1525785175,17.982600,18.068400
1525785177,17.982200,18.068400
1525785182,17.982200,18.068300
1525785183,17.982100,18.068300
1525785184,17.982300,18.068300
1525785185,17.982300,18.068200
1525783313,17.808300,17.934700
1525785192,17.982200,18.068100
1525785195,17.982200,18.068000
1525785197,17.982800,18.068000
1525785200,17.982800,18.068300
1525785201,17.982800,18.068200
1525785203,17.982800,18.067900
1525785205,17.982400,18.067900
1525785208,17.982400,18.067800
1525785212,17.981700,18.067800
1525785213,17.982000,18.067800
1525785214,17.982000,18.089600
1525785215,17.982000,18.067700
1525785218,17.982100,18.067700
1525802228,17.940900,18.000000
1525785220,17.982100,18.067600
1525785223,17.982200,18.067600
1525785226,17.982200,18.088900
1525785227,17.982200,18.067500
1525785231,17.981800,18.067500
1525785233,17.981800,18.067400
1525785238,17.981900,18.067400
1525785239,17.981900,18.067300
1525785243,17.982000,18.067200
1525785251,17.981600,18.067100
1525785257,17.981600,18.067000
1525785261,17.981800,18.067000
1525785262,17.981800,18.066900
1525785269,17.981600,18.066900
1525785272,17.981600,18.066800
1525785275,17.981900,18.066800
1525785277,17.981900,18.066700
1525785281,17.982000,18.066700
1525785289,17.981600,18.066600
1525785294,17.981700,18.066500
1525785296,17.981900,18.066500
1525785297,17.981900,18.066400
1525785301,17.982000,18.066400
1525785302,17.982000,18.066300
1525785308,17.982100,18.066200
1525785311,17.982100,18.066100
1525785314,17.982300,18.066100
1525785317,17.982300,18.066000
1525805180,18.102400,18.199300
1525785322,17.981900,18.065900
1525785324,17.981900,18.065800
1525803353,17.948800,18.048200
1525785327,17.981900,18.065700
1525785328,17.981600,18.065700
1525785329,17.981600,18.065600
1525785333,17.981600,18.065500
1525785340,17.981600,18.065400
1525785347,17.981600,18.065300
1525785350,17.981600,18.065200
1525785355,17.981600,18.099900
1525785358,17.981600,18.099800
1525785361,17.981600,18.099700
1525785362,17.981900,18.099700
1525785364,17.981900,18.099600
1525785367,17.982000,18.099600
1525785368,17.982000,18.099200
1525785373,17.982200,18.098900
1525785379,17.982200,18.098800
1525785381,17.981800,18.098700
1525785386,17.981900,18.098400
1525785389,17.981900,18.098300
1525785390,17.981900,18.098200
1525785392,17.981900,18.098100
1525785393,17.982000,18.097800
1525785395,17.982000,18.097700
1525785397,17.982000,18.097600
1525785399,17.982200,18.097100
1525785404,17.982200,18.097000
1525785405,17.982200,18.096900
1525785407,17.981600,18.096800
1525785408,17.981600,18.096700
1525785410,17.981800,18.096700
1525785411,17.981800,18.096500
1525785415,17.981800,18.096400
1525785416,17.981800,18.096300
1525785418,17.954000,18.096300
1525785420,17.954000,18.096200
1525785422,17.954300,18.096100
1525785423,17.954300,18.095900
1525785425,17.954300,18.095800
1525785426,17.954300,18.095700
1525785428,17.954300,18.095300
1525785429,17.954400,18.095300
1525785431,17.954500,18.095200
1525785433,17.954500,18.095100
1525785434,17.954600,18.094500
1525785438,17.954600,18.094400
1525785439,17.954600,18.094300
1525785440,17.954600,18.094200
1525785442,17.954700,18.094100
1525785444,17.954700,18.094000
1525785446,17.954700,18.093900
1525785449,17.954700,18.093800
1525785451,17.954700,18.093700
1525785452,17.954700,18.093600
1525785455,17.954700,18.093300
1525785457,17.954700,18.093200
1525785459,17.954700,18.093100
1525785460,17.954700,18.093000
1525785463,17.954700,18.092900
1525785466,17.954700,18.092300
1525785468,17.954700,18.092200
1525785469,17.954700,18.092100
1525785471,17.954700,18.091900
1525785474,17.954700,18.091800
1525785476,17.954700,18.091700
1525785479,17.954700,18.091600
1525785480,17.954700,18.091400
1525785484,17.954700,18.091300
1525785486,17.954700,18.091100
1525805208,18.120200,18.199300
1525785493,17.954700,18.091000
1525785497,17.954700,18.090900
1525785499,17.954700,18.090300
1525785501,17.954700,18.090200
1525785504,17.954700,18.090100
1525785511,17.954700,18.089900
1525805212,18.120400,18.199300
1525785516,17.954700,18.089700
1525785519,17.954700,18.089600
1525785521,17.954700,18.088900
1525785529,17.954700,18.088800
1525785535,17.954700,18.088700
1525785538,17.954700,18.088400
1525785541,17.954700,18.088300
1525785543,17.954700,18.088300
1525785544,17.954700,18.087800
1525785548,17.954700,18.087700
1525785550,17.954700,18.087100
1525785555,17.954700,18.087000
1525785557,17.954700,18.086900
1525785560,17.954700,18.086800
1525785561,17.954700,18.086600
1525785564,17.954800,18.086500
1525785566,17.954800,18.086400
1525785567,17.954900,18.086400
1525785569,17.955000,18.086400
1525785572,17.955000,18.086000
1525785574,17.955100,18.086000
1525785576,17.955200,18.086000
1525785578,17.955700,18.086000
1525785579,17.955800,18.086000
1525785580,17.955800,18.085900
1525785582,17.955900,18.085900
1525785584,17.956000,18.085900
1525785585,17.956100,18.085900
1525785590,17.956200,18.085900
1525785591,17.956300,18.085800
1525785592,17.956400,18.085900
1525785595,17.956500,18.085800
