time,price,volume,buy_or_sell,market_or_limit,misc
1525809154.3467,749.14000,1.00000000,s,l,
1525918379.8422,751.22000,0.65913598,s,m,
1525809156.9323,749.74000,0.24292903,b,l,
1525809160.046,749.11000,1.00000000,s,m,
1525850375.0058,721.62000,1.54190000,s,l,
1525951306.3405,759.43000,1.08017062,b,m,
1525841922.8604,721.65000,1.61881996,b,l,
1525808588.6031,746.60000,0.20354450,s,l,
1525776387.2107,744.56000,5.41366747,s,l,
1525840619.2301,720.70000,0.16678700,b,m,
1525791018.1019,732.81000,0.07004268,s,l,
1525840659.3225,718.31000,0.00000754,s,m,
1525809156.9181,749.64000,4.75707096,b,l,
1525805743.678,747.00000,0.00378378,b,l,
1525874723.755,742.00000,0.26954000,s,l,
1525872135.0619,745.32000,0.31105503,s,m,
1525885617.2173,755.05000,1.54504902,b,m,
1525890965.1261,751.95000,0.03287761,s,l,
1525874729.9149,742.10000,1.50000000,b,l,
1525768645.6038,756.71000,5.08181231,s,l,
1525972999.924,742.00000,12.42137039,s,l,
1525875016.6358,741.94000,0.80295590,b,l,
1525802129.5878,736.00000,0.10000000,s,m,
1525835536.5813,722.11000,6.70000000,b,m,
1525809160.0492,748.90000,0.44871736,s,m,
1525965361.8452,758.94000,1.53085580,b,m,
1525907642.5703,750.80000,1.62022778,b,m,
1525899581.8777,742.80000,1.22400000,s,l,
1525809207.2082,749.70000,0.99989990,b,l,
1525874745.9168,741.08000,0.17000000,s,m,
1525809211.7964,750.50000,0.92440303,b,m,
1525874750.3481,741.20000,0.50000000,s,m,
1525896639.0751,751.00000,0.13315000,b,m,
1525940288.5124,762.56000,0.04000000,b,l,
1525776395.554,744.28000,0.35523681,s,m,
1525885509.1773,751.18000,4.65576149,b,m,
1525974327.7136,738.70000,8.47369781,s,m,
1525865065.2252,744.58000,0.02600000,b,m,
1525856831.7034,729.14000,0.39900000,b,l,
1525874764.1118,742.20000,0.10000000,s,l,
1525816518.2074,747.01000,1.00000000,b,m,
1525809231.4434,749.18000,0.99989990,s,l,
1525975961.5067,738.99000,0.18685031,b,m,
1525866848.4614,740.90000,4.50000000,b,m,
1525838837.167,711.99000,0.00007713,b,l,
1525809235.073,749.13000,0.13195655,s,l,
1525840661.6017,718.31000,0.08000000,s,l,
1525809237.6072,749.12000,0.10400000,s,l,
1525929048.1737,762.86000,0.44264974,b,l,
1525874776.4691,742.20000,0.16500000,s,m,
1525809245.8312,749.00000,2.00000000,s,l,
1525809247.089,749.46000,2.08910000,b,m,
1525841936.202,721.79000,1.05877416,b,l,
1525864454.8775,742.24000,0.08005775,b,l,
1525765478.2121,759.98000,0.02400000,b,m,
1525809254.8555,748.79000,0.02200000,b,l,
1525779263.8751,732.08000,51.16111773,s,l,
1525764110.6162,757.07000,0.00000005,b,l,
1525809260.1861,748.76000,0.02300000,s,l,
1525839028.9898,711.90000,0.00901332,b,m,
1525809262.1019,749.50000,0.05946717,b,l,
1525907648.6869,748.92000,0.02600000,s,m,
1525856831.5094,729.14000,4.13900000,b,l,
1525940340.9808,762.56000,0.26000000,b,l,
1525881864.7069,747.76000,0.02300000,b,m,
1525849130.8258,722.69000,0.50000000,b,m,
1525833937.4144,733.01000,0.11188701,s,m,
1525896554.8834,750.00000,0.00015948,b,m,
1525809279.3064,749.20000,0.60000000,b,l,
1525954140.4684,757.11000,1.00000000,s,m,
1525973256.089,747.10000,17.00000000,b,m,
1525836298.222,723.09000,0.12036827,b,m,
1525831019.8906,744.00000,1.10564300,s,l,
1525973293.993,743.60000,0.33867334,b,m,
1525841942.5058,721.79000,9.58700000,b,l,
1525775593.6147,741.93000,0.30623188,s,l,
1525913661.3539,754.70000,0.14649300,b,m,
1525874825.573,742.20000,0.16155726,s,l,
1525874827.3809,742.20000,0.31302000,b,l,
1525973496.3123,737.67000,0.04008720,b,m,
1525787330.9157,731.00000,4.23734894,b,l,
1525870889.1056,744.00000,2.24100000,b,l,
1525858232.3501,731.30000,1.61672252,s,l,
1525842518.2713,719.65000,0.06836111,b,m,
1525841944.5469,721.79000,0.11844778,b,l,
1525839443.6709,713.56000,3.47534612,b,m,
1525787331.5721,731.00000,3.03948498,b,l,
1525794074.7392,730.10000,5.00000000,s,l,
1525965052.0007,757.92000,0.07857825,b,l,
1525972432.866,753.00000,0.65508724,s,l,
1525841945.9137,722.03000,0.02700000,b,l,
1525784723.0754,738.89000,0.04900000,b,m,
1525912691.0531,758.14000,0.02000000,b,m,
1525914503.9899,754.45000,0.02000000,b,l,
1525940380.0736,763.00000,0.42358320,b,l,
1525927865.6271,763.44000,15.69408579,b,l,
1525940383.5311,763.00000,0.88843935,b,l,
1525940385.2165,763.00000,0.34000000,b,l,
1525841947.9212,722.34000,0.56060000,b,l,
1525939438.7868,764.47000,0.03300000,b,m,
1525893204.8534,744.00000,0.12000000,s,m,
1525809321.1823,749.55000,0.02200000,b,m,
1525774332.4269,744.50000,50.44212365,b,m,
1525840664.9294,719.01000,0.18046954,b,l,
1525973021.4379,743.78000,0.04641687,b,l,
1525783744.325,734.04000,3.00124938,b,l,
1525895005.8519,747.99000,0.27500000,s,l,
1525838482.4003,717.44000,0.00000296,s,l,
1525761777.1959,754.97000,5.00000000,b,l,
1525812295.8968,744.32000,1.00000000,s,l,
1525974334.9669,739.70000,1.50000000,s,m,
1525812275.6077,744.80000,0.20735088,s,m,
1525972582.8213,749.00000,28.09754707,s,l,
1525885857.3317,758.00000,2.53300000,s,l,
1525912033.5377,758.68000,2.42225022,b,m,
1525831030.5911,744.01000,0.04200000,s,l,
1525852876.5174,716.94000,0.90852439,b,m,
1525973455.7098,737.20000,0.02070543,s,m,
1525858631.2588,731.84000,0.20636178,b,m,
1525913524.9118,750.50000,0.14961000,s,m,
1525940435.2519,763.00000,0.40736866,b,l,
1525969527.8679,761.91000,0.02000000,b,l,
1525779562.2346,733.30000,9.09300000,s,l,
1525885850.611,756.56000,5.00000000,b,l,
1525780981.0792,720.98000,0.06309994,b,l,
1525896571.8662,751.00000,0.07792744,b,l,
1525927118.8115,763.43000,0.15717455,b,m,
1525855539.7094,724.06000,13.00000000,b,l,
1525885649.9435,755.59000,0.44939170,b,l,
1525927315.505,761.47000,0.15000000,s,l,
1525795966.3726,737.55000,108.46737269,b,l,
1525972912.4808,740.01000,0.61800000,s,l,
1525787347.0896,732.00000,0.02100000,b,l,
1525940469.0626,763.00000,0.30660000,b,l,
1525795966.313,735.04000,0.02200000,b,l,
1525789559.014,735.00000,0.00351967,b,m,
1525786110.0319,733.29000,0.02200000,b,l,
1525927118.7199,763.32000,0.07302727,b,m,
1525962111.3525,762.00000,1.29470559,b,m,
1525940476.8423,763.00000,0.02000000,b,m,
1525841962.6039,722.00000,0.50756606,s,m,
1525810115.8521,748.11000,0.00089804,s,m,
1525837062.8643,723.92000,2.37132759,s,m,
1525839029.0041,712.36000,0.38407859,b,m,
1525867177.4534,742.10000,1.44435000,b,l,
1525804986.1374,746.45000,0.00000005,b,m,
1525837481.3364,725.82000,0.02100000,s,m,
1525865216.658,745.00000,1.20000000,b,l,
1525874960.3146,742.20000,0.10682228,b,m,
1525852888.6994,717.13000,0.03610225,b,l,
1525874483.6286,742.90000,1.40300000,s,m,
1525831043.8336,744.00000,0.03800000,s,l,
1525921411.7455,756.32000,0.03900000,s,m,
1525871001.4134,742.97000,0.18044659,b,l,
1525831044.2372,744.00000,0.13887800,s,l,
1525973040.5482,743.99000,0.04091500,b,l,
1525874979.9754,742.00000,1.00028000,s,l,
1525835125.4328,723.60000,3.21212956,s,m,
1525896582.0019,751.00000,3.00000000,b,l,
1525972620.401,741.74000,0.00000877,s,m,
1525773018.4557,736.99000,0.00000005,b,l,
1525809449.2522,749.77000,0.12989740,s,l,
1525858394.6223,731.01000,0.34260525,s,l,
1525864004.537,738.00000,1.60500000,s,l,
1525913604.6079,751.39000,5.00000000,s,m,
1525931868.8971,758.60000,0.11611600,s,l,
1525940532.5955,763.00000,1.16200879,b,m,
1525850377.0831,721.69000,1.00000000,s,l,
1525951883.7085,758.43000,0.03300000,b,m,
1525871314.9161,745.96000,0.02200000,b,m,
1525759925.4452,753.64000,0.00006663,b,l,
1525858344.9541,731.28000,1.23700000,s,l,
1525820127.688,752.40000,0.28383387,s,l,
1525912033.69,761.00000,5.00000000,b,m,
1525862788.531,734.85000,0.00000003,b,m,
1525867508.8853,750.00000,7.50000000,b,l,
1525927331.3086,761.85000,0.04900000,b,l,
1525809478.1692,749.74000,0.02200000,b,l,
1525809479.7641,749.98000,0.02300000,b,m,
1525875016.6454,741.98000,2.29426874,b,l,
1525804907.483,745.15000,0.02300000,b,m,
1525836349.7094,723.07000,0.50000000,b,l,
1525809207.5286,748.90000,0.02000000,s,m,
1525833523.8167,731.00000,7.74700000,b,l,
1525973633.5796,742.11000,0.00003776,b,m,
1525809487.1505,749.71000,0.86703291,b,l,
1525809490.4685,749.98000,0.04700000,b,m,
1525958673.4044,765.40000,0.02000000,b,l,
1525809493.1028,749.99000,1.30100000,b,l,
1525809494.8057,749.98000,2.19899999,b,l,
1525809495.5904,749.98000,0.78429279,b,l,
1525809496.0719,750.39000,2.38129277,b,l,
1525951965.3941,756.02000,0.55717143,s,l,
1525835544.055,723.20000,0.10125600,b,m,
1525809500.5417,750.38000,0.02400000,b,m,
1525875586.3954,744.93000,0.02600000,b,m,
1525863824.3516,740.45000,0.06838000,s,l,
1525899591.0331,741.92000,11.58740000,s,l,
1525809211.7441,750.00000,4.26000000,b,m,
1525809509.2611,750.37000,0.02000000,b,m,
1525857490.8695,729.56000,0.01963089,b,l,
1525973052.0796,743.99000,1.81949999,s,l,
1525780918.2689,721.32000,0.00053790,s,m,
1525929362.4388,764.55000,0.02500000,b,m,
1525776445.5203,744.77000,0.16700000,b,m,
1525940593.3262,763.00000,0.22184561,b,l,
1525834019.658,732.97000,0.99100000,b,m,
1525940596.3287,763.00000,0.83013421,b,l,
1525874750.3174,741.20000,1.00000000,s,m,
1525904695.16,751.62000,0.07886226,b,l,
1525910503.7953,753.00000,0.02000000,b,m,
1525823375.3666,747.86000,11.13457394,s,m,
1525858129.4542,732.61000,0.02500000,b,m,
1525854742.9365,722.81000,0.06983010,s,l,
1525781750.0751,725.01000,1.68586752,s,m,
1525809538.5198,750.30000,0.47700000,b,m,
1525940611.1,763.00000,0.46651451,b,l,
1525960622.5556,764.82000,1.68477082,s,l,
1525784970.075,740.38000,0.02600000,b,m,
1525841985.6778,722.34000,0.59600000,b,l,
1525788297.4696,733.52000,0.02600000,b,l,
1525940617.1294,763.91000,0.05000000,b,m,
1525770839.9752,749.80000,0.49510440,b,l,
1525973058.8872,744.00000,3.00000000,b,l,
1525791742.6734,732.71000,0.02600000,b,m,
1525912033.7023,761.00000,3.04400000,b,m,
1525858606.6345,729.80000,0.36900000,s,l,
1525888721.7529,749.92000,0.02300000,b,m,
1525825396.7235,742.17000,0.43289562,b,l,
1525916960.2103,754.25000,79.14800000,s,l,
1525809563.997,750.29000,1.00000000,b,m,
1525809564.2437,750.37000,0.02000000,b,m,
1525831066.1704,744.00000,0.02300000,s,m,
1525899593.4842,742.05000,0.07014104,s,l,
1525778186.7938,736.01000,2.10460000,s,l,
1525858647.9922,732.20000,0.37300000,b,m,
1525977589.4229,738.73000,0.02600000,b,m,
1525934176.9492,757.00000,0.12300000,s,l,
1525809577.0891,750.38000,1.97700000,b,m,
1525912687.2879,756.80000,0.97811891,s,l,
1525794845.9671,735.07000,0.31968000,b,l,
1525973064.7979,745.23000,2.26513600,b,m,
1525885683.0961,755.55000,0.02000000,b,l,
1525842632.2423,713.82000,17.80726275,s,m,
1525973893.6694,742.69000,2.87099961,s,m,
1525835998.9741,718.99000,0.06954200,s,l,
1525972432.8614,753.00000,2.11438725,s,l,
1525792629.5792,731.91000,0.12033668,s,l,
1525809603.1225,749.95000,1.94847191,s,l,
1525809604.3815,749.95000,3.69296709,s,l,
1525809605.3304,748.77000,2.59291359,s,m,
1525809606.4626,748.77000,1.00000000,s,m,
1525841996.1964,722.35000,4.53994601,b,l,
1525809612.4621,748.40000,4.32000000,s,l,
1525878159.0661,747.38000,0.33332445,b,m,
1525835387.0673,718.06000,5.00000000,s,m,
1525831075.6155,744.00000,13.25471800,s,l,
1525776462.3079,745.00000,1.81666159,s,l,
1525809625.4659,748.40000,1.59391877,s,l,
1525887132.8914,757.83000,0.69200000,b,m,
1525841999.5814,722.69000,0.02000000,b,l,
1525859980.6298,728.79000,0.00000475,b,l,
1525973072.4336,742.83000,5.00000000,s,m,
1525885691.6029,760.00000,0.07414257,b,l,
1525926974.021,759.86000,0.02000000,b,l,
1525762113.3184,751.17000,1.00000000,s,m,
1525787853.7432,728.62000,0.19786642,s,m,
1525770449.6967,755.59000,10.00000000,s,l,
1525809645.0373,747.12000,1.00000000,s,l,
1525907648.6447,748.92000,0.00028000,s,m,
1525804024.9775,736.98000,5.98000000,b,m,
1525858316.1252,731.01000,0.59080869,s,l,
1525865654.2405,742.29000,0.08633133,b,l,
1525866862.6521,741.20000,0.02146918,b,m,
1525831081.8022,744.00000,1.00000000,s,m,
1525781298.328,720.94000,2.15895524,s,m,
1525809657.3112,747.02000,0.06125488,s,l,
1525859321.9279,733.27000,0.02600000,b,m,
1525973077.7749,744.50000,7.20559774,b,l,
1525978002.1765,742.97000,0.02200000,b,l,
1525870884.0501,745.59000,3.00000000,s,l,
1525858257.444,731.74000,0.98900000,s,l,
1525879205.0861,745.98000,0.07979532,b,l,
1525849143.8707,722.41000,4.08620970,s,l,
1525835551.7664,723.60000,0.02100000,b,l,
1525831085.9986,744.00000,0.04000000,s,m,
1525886317.0834,758.00000,9.00000000,b,l,
1525918901.8666,751.72000,4.98703371,s,m,
1525776582.0726,746.71000,1.52624780,b,m,
1525875219.5609,742.00000,0.10927264,b,m,
1525798318.6237,733.17000,0.05000000,b,l,
1525899597.8645,742.31000,0.45757523,s,l,
1525972694.1476,741.68000,3.37765348,b,l,
1525831087.9355,744.00000,29.61060004,s,l,
1525769199.0854,757.32000,0.04800000,b,l,
1525973082.753,743.50000,1.00000000,s,l,
1525889659.8121,751.99000,0.02400000,b,m,
1525885701.9521,756.90000,1.00000000,b,m,
1525795090.2912,736.89000,0.00003948,b,l,
1525809698.8149,746.52000,0.08043428,s,l,
1525912691.0579,758.16000,5.00000000,b,m,
1525760474.2857,753.32000,0.02000000,s,l,
1525791458.7096,732.07000,0.06060170,b,m,
1525911853.9014,755.43000,2.77400771,s,l,
1525867212.3868,744.99000,0.01900000,b,m,
1525940788.8253,763.97000,1.12000000,b,l,
1525783602.9733,730.00000,0.99880429,b,l,
1525831092.1721,744.17000,1.66900000,b,l,
1525899661.9062,738.00000,0.67315879,b,l,
1525875259.7811,742.00000,4.03498204,b,l,
1525963161.3548,760.35000,0.49450500,s,l,
1525875261.559,742.00000,0.49700371,b,l,
1525857490.017,729.56000,0.50929510,b,l,
1525875265.4724,742.00000,0.97654970,b,l,
1525875266.0281,742.00000,0.16005204,b,l,
1525820171.9699,752.21000,0.01437861,s,m,
1525877810.6085,746.68000,0.80000000,s,m,
1525776481.025,745.76000,0.02200000,b,l,
1525831095.3904,744.00000,1.00000000,s,m,
1525816328.2183,746.80000,0.22811599,s,m,
1525805743.6697,746.98000,0.02300000,b,l,
1525929413.271,765.35000,0.02000000,b,m,
1525921411.7638,756.32000,0.02200000,s,m,
1525799215.8948,732.00000,0.19593897,b,m,
1525780220.2699,731.99000,0.08111185,b,m,
1525821471.7916,754.00000,1.00000000,b,m,
1525774197.0462,743.45000,0.22939918,b,l,
1525772101.0172,746.31000,7.70000000,b,l,
1525809754.3024,746.61000,0.27887247,s,l,
1525885711.3614,756.34000,0.66785000,b,l,
1525879959.167,748.00000,1.79151246,b,m,
1525863866.8959,739.97000,6.82300000,s,l,
1525809758.5858,746.61000,0.00287011,s,m,
1525863867.6236,739.97000,1.00000000,s,l,
1525809254.8666,749.40000,0.62867276,b,l,
1525910511.3716,751.10000,1.50000000,s,l,
1525955394.2325,756.80000,0.00000111,b,l,
1525875306.8371,742.00000,0.30742156,b,m,
1525791022.2205,730.40000,4.75510637,s,m,
1525962173.6682,762.00000,1.89458950,b,m,
1525890871.5306,752.12000,3.57000000,s,m,
1525856831.6372,729.14000,0.39800000,b,l,
1525809781.4591,746.62000,0.08441477,b,l,
1525797034.8676,734.89000,0.04800000,b,l,
1525776256.3301,743.00000,1.32328331,b,m,
1525880520.4494,749.00000,0.01950000,b,l,
1525896639.0867,751.45000,0.25000000,b,m,
1525862502.206,733.55000,0.54599703,b,m,
1525940863.84,763.97000,0.60865755,b,l,
1525809795.5113,746.62000,0.21000000,b,m,
1525787414.8652,730.93000,0.31712019,s,m,
1525783941.8352,734.11000,0.00251031,s,m,
1525833523.9359,731.00000,1.22630324,b,l,
1525840680.7306,720.80000,5.00000000,b,m,
1525789559.031,735.43000,0.67178961,b,m,
1525900571.9873,742.47000,0.13933415,b,l,
1525973496.3347,738.19000,2.72159576,b,m,
1525973102.6048,743.00000,0.00001032,s,l,
1525839192.6867,712.40000,3.89063350,s,m,
1525833937.4297,733.01000,0.86000000,s,m,
1525956982.1435,761.93000,0.03600000,b,m,
1525920844.4539,755.28000,0.00000005,b,l,
1525929413.1624,764.88000,0.02000000,b,l,
1525940896.0954,763.41000,2.00000000,s,m,
1525938752.6757,764.70000,0.17069500,b,l,
1525870541.5727,746.17000,29.49122065,s,m,
1525907569.68,749.09000,0.02700000,b,l,
1525852956.257,716.81000,0.25485373,s,l,
1525906049.7743,752.39000,7.63542000,b,l,
1525803243.818,731.10000,0.03372174,s,m,
1525855957.8266,727.31000,0.62224120,b,m,
1525975041.9645,744.00000,0.00649217,b,m,
1525772555.7944,740.01000,1.00000000,s,l,
1525770849.2454,749.99000,0.32485746,b,l,
1525907573.3032,749.51000,0.02300000,b,l,
1525834135.916,732.44000,0.19798743,b,m,
1525910258.9434,750.23000,0.02400000,b,m,
1525807948.8514,746.34000,0.02000000,b,l,
1525927355.7328,762.00000,0.14800000,s,l,
1525809868.2405,746.62000,3.22284758,b,l,
1525848183.7316,720.35000,22.50000000,s,l,
1525838500.6499,717.13000,0.64879081,s,m,
1525848183.7035,720.99000,10.75313725,s,l,
1525842041.6857,723.00000,0.98852987,s,m,
1525759517.0762,748.66000,2.56390882,b,l,
1525809882.3731,746.66000,1.00000000,b,l,
1525875419.9378,742.00000,0.20000000,b,l,
1525931057.9085,762.99000,0.07508566,b,m,
1525885733.351,757.10000,0.03000000,b,m,
1525918909.8779,752.04000,0.02400000,b,m,
1525940961.5154,763.50000,0.02000000,s,m,
1525809890.1426,746.80000,10.82000000,b,l,
1525775215.1941,748.39000,0.36549379,b,m,
1525885734.3263,756.10000,0.90154192,b,m,
1525870893.0306,744.00000,9.51571024,b,l,
1525896657.0679,752.28000,0.02000000,b,l,
1525899604.7866,742.00000,0.48407502,b,l,
1525809897.3048,747.00000,10.93747529,b,l,
1525973496.0681,737.64000,1.00000000,b,l,
1525812087.4661,747.65000,0.03800000,b,l,
1525863890.6557,738.45000,0.12330439,s,l,
1525940975.8672,763.51000,0.02323312,s,m,
1525885736.8982,757.19000,2.50000000,b,l,
1525940978.7633,764.17000,0.02400000,b,m,
1525875443.6775,742.00000,2.74435412,b,l,
1525940984.2334,763.50000,1.00000000,s,m,
1525866873.9372,740.50000,1.40000000,s,m,
1525940989.2578,763.97000,0.12965715,b,l,
1525809918.9852,746.90000,1.00000000,b,l,
1525809919.9338,747.10000,14.60360651,b,l,
1525875456.0994,742.80000,0.10384688,b,l,
1525809921.8829,747.10000,0.03000000,b,l,
1525831720.0118,745.25000,2.75000000,b,l,
1525807950.7415,747.00000,0.31772801,b,l,
1525809925.3079,747.10000,3.39410000,b,l,
1525794636.6611,734.97000,2.55000000,b,l,
1525875463.6578,741.68000,0.04000000,s,m,
1525809928.7685,747.10000,32.44900135,b,l,
1525809929.3545,747.30000,0.03000000,b,l,
1525809931.3018,747.10000,0.09700000,s,l,
1525809932.0871,747.30000,15.75619309,b,l,
1525809933.896,747.30000,1.52931477,b,l,
1525809934.7181,747.56000,0.02200000,b,l,
1525810892.6691,748.16000,0.02600000,b,l,
1525887063.183,757.06000,1.07176761,b,m,
1525941011.8067,763.55000,0.15289027,s,m,
1525976514.989,735.87000,0.53160813,b,l,
1525772015.3416,742.34000,0.41504276,s,m,
1525858518.6102,728.10000,0.10000000,s,l,
1525941017.5014,764.23000,5.93610404,b,m,
1525941019.1358,763.53000,0.15073464,s,l,
1525832245.8462,743.51000,0.05000000,s,l,
1525835541.9477,722.61000,0.99700000,b,l,
1525809951.0234,748.00000,0.24330330,b,l,
1525885744.676,757.65000,0.72000000,b,m,
1525807951.4343,747.00000,5.66910151,b,l,
1525829535.3007,742.59000,4.28000000,b,l,
1525835361.278,712.00000,4.99999954,s,m,
1525941031.3936,764.29000,1.00000000,b,m,
1525900572.6534,742.60000,0.57929482,b,l,
1525863900.5723,738.44000,0.20000000,s,m,
1525809962.6064,748.00000,0.02000000,b,l,
1525907591.9368,749.63000,0.42000000,s,m,
1525918514.6179,751.79000,1.39677852,b,l,
1525875504.4782,741.84000,0.96000000,s,m,
1525840958.1096,720.79000,0.04200000,b,l,
1525941043.3028,764.29000,6.48035878,b,l,
1525882933.5976,750.68000,0.77400000,b,m,
1525875518.5314,742.71000,1.00000000,b,l,
1525875519.6371,742.96000,0.02200000,b,m,
1525917065.0675,754.73000,0.40998843,s,m,
1525809986.482,748.00000,1.00000000,b,m,
1525836018.6826,722.08000,1.87400000,b,l,
1525972583.1394,748.00000,4.00000000,s,l,
1525973804.9091,741.07000,0.71813770,s,m,
1525797041.2756,735.00000,10.00000000,s,l,
1525809994.3947,748.00000,0.15500789,b,l,
1525797591.8603,733.57000,0.65524305,b,l,
1525862509.5635,733.85000,2.71550000,b,l,
1525794859.9065,734.50000,5.58100000,b,m,
1525834232.6725,730.00000,1.48531642,s,l,
1525896675.8303,752.98000,0.13489848,b,l,
1525885733.3368,756.97000,0.72000000,b,m,
1525787499.9881,730.23000,0.10000000,s,m,
1525787449.3056,731.18000,0.09256552,b,l,
1525810011.7764,748.00000,9.41831119,b,l,
1525912028.0405,756.69000,0.18874043,b,l,
1525807953.3384,747.52000,4.96100000,b,l,
1525834645.3563,729.44000,1.98245074,b,l,
1525886359.2233,758.25000,1.24900000,s,l,
1525810020.9967,747.97000,0.05133599,s,l,
1525875557.4795,743.80000,1.00000000,b,m,
1525930172.9524,767.00000,0.07200000,b,m,
1525930160.7817,765.59000,0.02715727,b,l,
1525818520.0213,754.99000,0.06343487,b,m,
1525973138.4614,743.00000,0.35732065,s,l,
1525870021.665,750.06000,0.02000000,b,m,
1525885757.7612,758.09000,37.81545181,b,m,
1525946610.8787,762.10000,0.52814030,s,l,
1525810034.7031,747.93000,0.13555409,b,l,
1525875572.2805,743.20000,0.23876100,s,l,
1525918526.9573,751.52000,0.62276566,s,m,
1525801361.4414,737.47000,0.19446209,s,l,
1525769571.7559,757.49000,0.02400000,b,m,
1525786209.2284,730.80000,0.16123000,s,m,
1525918527.003,751.22000,2.38900516,s,m,
1525807954.6315,748.72000,0.69461788,b,m,
1525941117.27,763.63000,0.02000000,s,l,
1525875586.3821,744.00000,0.00003350,b,m,
1525886714.6678,756.19000,5.00000000,s,l,
1525941126.7633,763.99000,0.08073609,b,m,
1525941128.8166,764.29000,0.00114457,b,m,
1525930161.0844,765.99000,0.10000000,b,m,
1525941130.5941,764.29000,0.00917000,b,m,
1525786132.2769,734.20000,0.26031267,b,l,
1525831149.4862,744.00000,15.94400000,s,l,
1525768674.073,756.01000,0.14433387,s,l,
1525810071.4636,747.97000,10.58788227,b,l,
1525861518.5113,730.93000,0.02200000,b,l,
1525886360.7021,756.10000,13.21700000,s,l,
1525810074.2182,748.50000,5.00000000,b,m,
1525831151.1463,744.00000,36.90823765,s,l,
1525973146.9657,743.48000,0.73283715,b,m,
1525795198.9451,736.68000,0.20190385,b,m,
1525818506.4452,754.50000,0.24900000,b,m,
1525818684.6274,754.51000,0.16390563,s,m,
1525783914.0223,737.55000,0.18300000,s,l,
1525872031.8534,745.99000,0.20250410,b,l,
1525772555.9315,737.04000,13.50000000,s,m,
1525779240.5603,733.79000,0.02200000,b,l,
1525941167.5515,763.66000,0.00000006,s,m,
1525759946.8193,755.65000,0.27422856,b,m,
1525792680.91,732.79000,0.06011825,b,m,
1525835542.4896,722.98000,0.02400000,b,l,
1525941173.3819,764.28000,0.22242866,b,l,
1525882786.8325,749.80000,0.13346264,b,m,
1525918924.6315,753.00000,0.27281897,b,m,
1525875641.2493,744.98000,2.72222094,b,m,
1525968189.9691,760.97000,0.02500000,b,l,
1525840690.0608,720.78000,0.04000000,b,m,
1525781769.9457,723.52000,9.57314899,s,m,
1525951306.3469,759.43000,2.89700000,b,m,
1525941183.8931,764.28000,0.11779024,b,m,
1525915104.578,755.02000,0.52888129,s,m,
1525866812.3388,738.64000,7.82000000,b,l,
1525810115.8457,748.14000,1.00000000,s,m,
1525875259.7708,742.00000,0.00077916,b,l,
1525907617.1165,749.63000,0.75430429,s,m,
1525803592.4933,733.77000,0.14712845,s,m,
1525769365.1755,756.40000,0.67964648,s,l,
1525820005.5932,752.51000,3.00000000,s,m,
1525853005.8131,717.30000,0.18000000,s,l,
1525828559.7949,741.01000,0.50000000,s,l,
1525875667.4884,744.30000,0.16680000,s,l,
1525825415.7789,744.34000,0.88869182,b,m,
1525773393.9006,739.19000,0.02300000,b,m,
1525825396.7953,742.90000,0.13460000,b,m,
1525941217.6295,764.29000,6.72636604,b,m,
1525810146.0947,748.49000,3.00000000,b,m,
1525842086.1551,723.75000,0.02100000,b,m,
1525941222.1275,765.00000,0.02000000,b,l,
1525834233.5618,730.19000,1.39969838,b,l,
1525841498.701,721.19000,0.10000000,b,m,
1525837687.1384,722.48000,0.49389644,b,l,
1525783116.2975,728.64000,0.00004001,b,l,
1525974615.5093,737.57000,1.71000000,s,l,
1525759588.0866,749.62000,0.97400000,b,l,
1525843321.7491,720.67000,1.00000000,b,m,
1525776552.4686,747.14000,0.02101541,b,m,
1525759072.9118,750.10000,0.75000000,s,l,
1525899613.119,741.90000,0.29596000,b,l,
1525809321.1877,749.64000,0.05325721,b,m,
1525863935.8082,738.83000,0.41000000,b,m,
1525831168.0706,742.90000,1.31128093,s,l,
1525867542.8759,752.22000,1.00000000,b,m,
1525977321.8346,737.04000,0.51182589,b,l,
1525896705.2959,753.27000,0.02000000,b,l,
1525810187.7157,748.49000,1.00000000,b,l,
1525977825.9693,740.00000,5.80842176,b,l,
1525972459.2394,748.00000,0.04278074,s,m,
1525875728.2617,744.82000,0.04000000,b,l,
1525810193.8345,748.49000,0.05870000,s,m,
1525870895.1228,744.00000,9.51571024,b,l,
1525875734.6244,744.20000,0.00558435,s,l,
1525885785.0005,759.40000,11.00000000,b,l,
1525875738.7293,744.23000,0.03053056,s,m,
1525906161.987,751.00000,0.00000050,s,l,
1525875740.6206,744.86000,0.02300000,b,m,
1525885786.0883,760.00000,1.99503343,s,l,
1525896709.4862,754.00000,8.05352411,b,l,
1525879525.8346,744.00000,15.02659456,b,l,
1525867893.1006,748.05000,0.17681094,s,m,
1525886521.6617,758.13000,0.66367185,b,l,
1525889284.8726,751.74000,0.02000000,b,m,
1525783955.7587,734.86000,0.00000005,b,l,
1525975994.0634,738.80000,2.87099961,b,l,
1525838616.9596,714.27000,0.38490465,s,m,
1525820254.5089,751.51000,1.41200000,s,m,
1525788320.4576,733.51000,5.00000000,b,m,
1525778295.0575,730.00000,3.11751416,b,l,
1525976516.1514,736.12000,0.02500000,b,l,
1525941313.571,764.99000,0.28000000,b,l,
1525831179.8228,742.90000,1.75218000,s,l,
1525869064.5565,749.19000,3.76000000,b,m,
1525872486.4874,746.99000,0.24556406,b,l,
1525942056.8646,762.73000,1.55717168,b,m,
1525941323.9932,764.99000,4.72000000,b,m,
1525941324.002,765.00000,2.28000000,b,m,
1525786962.7432,736.10000,1.00000000,b,m,
1525797861.195,733.18000,7.70000000,s,m,
1525885795.3442,756.49000,0.09285498,s,m,
1525795054.6748,734.42000,5.00000000,s,m,
1525868007.8364,748.15000,0.00090122,b,m,
1525879520.2335,745.05000,3.15500000,s,l,
1525907642.5458,749.70000,0.00312385,b,m,
1525874581.6087,742.86000,3.00000000,s,m,
1525885797.8119,756.57000,0.02000000,b,m,
1525974334.2454,740.91000,1.98718436,b,m,
1525759601.0223,749.53000,4.72400000,b,l,
1525842878.0999,719.52000,0.10996786,s,l,
1525791742.6761,732.95000,0.02100000,b,m,
1525810282.9409,748.50000,0.62461824,b,l,
1525896722.4543,753.99000,0.02400000,b,m,
1525885555.926,752.97000,0.05000000,b,l,
1525781775.4991,724.97000,0.04797879,b,l,
1525941361.3679,764.97000,0.28995477,b,m,
1525872886.7127,747.97000,0.02200000,b,m,
1525765651.4272,759.58000,0.06600000,s,l,
1525833523.9131,731.00000,1.00000000,b,l,
1525912542.9097,760.00000,0.26957322,b,m,
1525834515.5447,726.77000,0.11379669,s,l,
1525765653.8623,759.57000,0.06582672,s,l,
1525941376.7775,763.83000,0.02234838,s,l,
1525907648.6788,748.92000,0.02200000,s,m,
1525869066.1618,750.80000,29.52891169,b,m,
1525885803.894,757.89000,0.43000000,b,l,
1525792687.8361,731.91000,0.68378640,s,l,
1525875847.1892,744.26000,0.99246944,s,l,
1525934534.5664,753.79000,20.00000000,b,l,
1525885804.9195,760.00000,1.02000000,s,l,
1525950766.4604,761.23000,0.60758318,s,l,
1525779697.2117,732.28000,0.42420418,s,l,
1525840697.0751,719.32000,0.25029469,s,l,
1525820269.4761,752.90000,0.05352334,b,m,
1525864636.0746,740.90000,3.96300000,s,l,
1525892883.2906,746.00000,20.00000000,b,l,
1525764334.7098,758.47000,0.03300000,b,l,
1525770865.3903,749.65000,1.58404800,b,l,
1525855707.1238,726.00000,1.00000000,b,l,
1525912712.8643,758.18000,5.00000000,b,m,
1525779916.1805,728.20000,1.14780121,b,l,
1525886525.3927,758.18000,0.44547677,b,l,
1525835980.6476,718.90000,7.05010030,b,l,
1525885808.5428,756.62000,0.02771772,s,l,
1525896731.0809,754.20000,4.94010000,b,l,
1525965169.3972,758.67000,0.69578898,b,m,
1525810341.078,748.10000,5.16108123,s,l,
1525810343.2673,747.56000,0.04081023,b,l,
1525870896.1012,744.00000,20.00000000,b,l,
1525896732.7179,754.45000,5.11088400,s,l,
1525973191.8007,743.30000,0.61191266,b,l,
1525787506.0756,730.23000,0.29991972,s,m,
1525810350.7721,747.56000,10.00000000,b,l,
1525783744.7663,735.39000,0.00001276,b,m,
1525875890.7583,744.41000,0.02294036,s,m,
1525765662.5462,758.35000,2.99635748,s,m,
1525810358.9384,747.56000,1.58000000,b,l,
1525810359.726,747.56000,0.03473903,b,l,
1525810360.3944,747.56000,0.05000000,b,m,
1525845063.3033,719.48000,0.07001997,b,l,
1525810364.2718,747.56000,10.00000000,b,l,
1525789194.8122,731.83000,0.03458423,b,m,
1525941438.9633,764.99000,3.22000000,b,l,
1525937681.9301,758.99000,1.50000000,b,l,
1525875905.4094,744.73000,0.17300000,b,m,
1525912033.6842,761.00000,6.73854447,b,m,
1525804274.5213,739.50000,4.73900000,b,m,
1525915174.9968,756.00000,0.08200000,b,l,
1525929413.265,765.29000,2.59582676,b,m,
1525846821.1517,722.65000,0.93000000,b,l,
1525848183.6299,723.09000,20.00000000,s,l,
1525810384.1077,747.56000,10.00000000,b,l,
1525853048.3327,717.50000,0.97000000,b,l,
1525930172.9393,767.00000,0.10000000,b,m,
1525810389.4388,747.56000,3.85000000,b,l,
1525810392.9611,747.56000,2.18000000,b,l,
1525941465.0697,764.96000,0.03696300,s,l,
1525810395.9031,747.56000,0.15551496,b,l,
1525941468.5782,764.96000,0.28318353,s,l,
1525805569.6007,747.66000,138.47098283,b,l,
1525810399.945,747.90000,0.77000000,b,l,
1525842882.4768,718.84000,1.67172601,s,l,
1525976000.4503,733.86000,37.28000000,s,m,
1525834361.4115,727.00000,0.05000000,s,m,
1525810406.6289,747.90000,2.20000000,b,l,
1525973201.3732,743.60000,0.99717546,s,l,
1525781358.6414,722.70000,0.35000000,s,m,
1525840345.4909,717.21000,5.00000000,s,l,
1525835360.8804,716.42000,31.93014397,s,m,
1525795966.354,736.30000,0.17682558,b,l,
1525940435.3682,762.60000,0.50000000,s,m,
1525972438.2613,750.14000,0.00035267,s,l,
1525786144.7732,734.71000,0.22919106,s,l,
1525973204.8085,744.53000,17.41435239,b,l,
1525768331.8605,756.75000,0.03200000,b,l,
1525875968.5597,744.61000,0.03161763,b,l,
1525885824.8389,756.30000,17.64691276,s,m,
1525794518.2731,733.18000,6.45699040,b,m,
1525948603.8415,762.81000,0.54778462,b,l,
1525899622.9369,742.67000,0.04000000,b,l,
1525820289.404,752.88000,0.14684648,b,m,
1525932356.5411,759.00000,1.30644203,b,l,
1525875977.78,744.01000,0.00000659,s,m,
1525907671.7948,749.00000,1.31064778,s,m,
1525762140.091,751.44000,4.65929277,b,l,
1525909862.604,749.77000,0.97700000,b,m,
1525872637.6298,746.05000,4.30250331,s,m,
1525885736.9012,757.43000,7.70000000,b,l,
1525810456.7522,748.00000,0.00213371,b,l,
1525885828.3966,756.59000,0.00004902,b,m,
1525818478.1583,754.22000,0.05669490,b,m,
1525794022.4328,729.99000,0.23700000,b,l,
1525831780.5025,744.99000,2.36138647,b,l,
1525810467.9865,748.10000,0.10000000,b,m,
1525783607.4766,730.92000,0.02200000,b,l,
1525861518.5149,730.99000,0.02200000,b,l,
1525929521.7949,765.13000,0.02400000,b,m,
1525934182.826,757.00000,0.12400000,s,l,
1525770870.3005,749.30000,0.00129327,s,m,
1525792148.085,735.65000,0.00000006,b,m,
1525876017.3684,744.55000,0.79538237,b,l,
1525810482.5325,748.10000,0.07990000,b,m,
1525876019.3472,744.55000,0.02000000,s,m,
1525876020.6011,744.61000,3.91210667,b,l,
1525869072.942,750.09000,6.80000000,b,m,
1525951369.7098,758.40000,0.18473245,s,m,
1525808117.75,748.53000,10.00000000,s,l,
1525857431.0049,728.56000,0.11105414,b,l,
1525870897.4943,744.00000,1.96000000,b,l,
1525867177.46,742.10000,7.50000000,b,l,
1525818478.1386,754.00000,0.11994575,b,m,
1525973821.7575,741.78000,0.02200000,b,l,
1525810502.3983,748.98000,0.25000000,b,m,
1525876044.8261,744.98000,0.02000000,b,m,
1525760039.708,755.18000,0.02000000,b,m,
1525895260.4908,749.00000,0.68965000,b,m,
1525932000.0681,756.82000,0.12400000,s,l,
1525764840.7797,757.26000,0.03300000,b,l,
1525893078.782,746.79000,2.55000000,s,m,
1525907684.9218,748.95000,0.05501589,s,m,
1525848692.2728,720.81000,0.11270231,s,l,
1525896762.4635,755.27000,0.37163832,b,m,
1525799756.5946,734.99000,0.00003640,b,l,
1525837481.3561,725.81000,0.07478682,s,m,
1525896763.7224,754.52000,0.02000000,s,m,
1525914001.6388,753.53000,0.88461264,s,l,
1525764247.2936,758.19000,0.02000000,b,m,
1525941609.9557,764.97000,0.02500000,b,m,
1525810542.4723,748.99000,0.05000000,b,m,
1525796701.2438,734.92000,2.29830461,b,l,
1525848902.0962,720.66000,0.12865628,b,l,
1525792695.2008,731.92000,0.27424032,s,m,
1525876086.4581,744.98000,0.00300000,b,l,
1525784044.9846,737.24000,2.99000000,b,l,
1525844274.3726,718.64000,0.04860905,s,l,
1525868008.0387,750.08000,0.91293162,b,m,
1525836088.0764,723.73000,0.81800000,b,m,
1525846709.6104,723.50000,0.07000000,b,m,
1525810561.7654,748.98000,0.00007469,s,m,
1525885846.0458,756.63000,0.02300000,b,l,
1525876106.0529,744.99000,0.02200000,b,l,
1525973455.7501,736.69000,0.04920000,s,m,
1525857491.9547,729.55000,0.65900000,b,l,
1525912250.2134,755.19000,0.52866602,b,l,
1525876112.7871,745.00000,14.22569980,b,l,
1525974336.1484,740.70000,0.10000000,b,l,
1525876115.3066,745.00000,10.00000000,b,l,
1525888792.0423,751.22000,0.02000000,b,m,
1525815412.5335,746.55000,0.02600000,b,m,
1525876118.2954,745.00000,1.70000000,b,m,
1525975677.3741,735.10000,16.00000000,s,m,
1525864004.7544,738.00000,0.76000000,s,l,
1525823288.7837,753.67000,3.87807734,b,m,
1525876123.6195,745.00000,2.13071975,b,l,
1525781785.5354,724.98000,0.62326931,b,l,
1525885850.6068,756.55000,9.31300000,b,l,
1525973824.4891,741.90000,0.00000047,s,m,
1525959689.5057,763.57000,0.00000717,s,l,
1525885851.9679,758.00000,7.70000000,s,l,
1525864006.2025,737.41000,1.57467087,s,l,
1525774460.3589,746.69000,3.00124938,b,m,
1525850795.2598,721.24000,0.95639590,b,l,
1525962913.9319,760.30000,0.88900000,s,m,
1525810602.7932,748.00000,1.65000000,s,l,
1525876140.1237,745.00000,4.29780139,b,l,
1525869076.3573,749.60000,1.53899005,s,l,
1525810607.1842,748.00000,0.08000000,s,l,
1525968418.1698,760.98000,0.02400000,b,l,
1525778807.0717,730.99000,0.02800000,s,m,
1525840680.7105,720.49000,0.57400000,b,m,
1525864009.6812,737.51000,1.63600000,b,l,
1525804465.1836,745.60000,2.00000000,b,m,
1525973236.3961,745.38000,1.95344430,b,m,
1525885855.9791,758.00000,9.66149881,s,l,
1525773849.0764,743.70000,0.02869928,b,m,
1525810624.9127,747.50000,15.28268000,s,l,
1525885856.759,758.00000,1.12900000,s,l,
1525810626.8632,747.40000,5.78268000,s,l,
1525810627.5275,747.40000,1.00000000,s,l,
1525885857.6213,758.00000,1.91600000,s,l,
1525962316.8626,761.76000,2.98121164,s,m,
1525793210.7555,729.80000,1.50000000,s,l,
1525885858.3063,758.00000,0.02287710,s,l,
1525934256.4256,754.42000,4.05928848,s,m,
1525885859.0762,758.00000,2.72222094,s,l,
1525810646.634,747.80000,1.50000000,s,l,
1525899629.1877,741.84000,1.00000000,b,l,
1525787556.0289,729.56000,5.00000000,s,m,
1525932363.7892,759.00000,2.00000000,b,m,
1525836087.2485,723.46000,0.01000000,b,m,
1525794083.0347,729.51000,0.10000000,s,m,
1525778846.3054,730.71000,0.14864865,s,l,
1525963879.778,760.36000,0.07818594,b,l,
1525772206.4082,744.63000,1.00000000,s,l,
1525876199.3125,745.61000,0.02300000,b,m,
1525976319.7833,734.35000,0.62000000,b,l,
1525905678.393,755.00000,0.00077174,b,m,
1525952004.248,755.54000,0.10473648,s,m,
1525842197.8674,722.48000,0.65600000,s,l,
1525810675.0769,747.62000,0.19334693,b,l,
1525885865.1197,757.64000,0.00019647,s,m,
1525876217.1761,745.73000,0.02200000,b,m,
1525835753.3765,719.10000,0.16748904,s,l,
1525810683.2167,748.23000,0.02200000,b,l,
1525832289.184,738.95000,1.00000000,s,m,
1525781356.0386,722.53000,15.80000000,s,m,
1525876223.7518,745.75000,0.08438682,b,l,
1525779975.9313,730.00000,0.28931880,b,l,
1525838880.0969,711.00000,0.07032349,s,m,
1525886095.0024,760.00000,0.09900000,s,l,
1525783971.6353,734.40000,20.00000000,s,l,
1525842195.6072,722.52000,0.12900000,s,m,
1525839534.0588,716.68000,0.02000000,b,l,
1525804097.1284,737.00000,29.94735972,b,l,
1525816883.6551,748.00000,2.19146936,b,l,
1525923636.829,755.38000,0.02000000,b,m,
1525833523.9112,731.00000,0.04700000,b,l,
1525888720.0176,749.46000,0.21054060,b,m,
1525876253.6139,745.72000,0.02300000,b,m,
1525810719.0453,747.12000,1.44931351,s,l,
1525864660.3015,742.80000,1.35200000,b,m,
1525810722.4836,747.13000,1.50090000,s,l,
1525864027.1389,738.33000,0.67801074,b,l,
1525973254.4522,745.38000,0.04844430,b,m,
1525885691.6827,760.00000,0.04594848,b,m,
1525807954.1042,748.09000,0.02200000,b,l,
1525896796.7187,754.49000,0.03696300,b,l,
1525810730.8494,747.53000,0.87000000,s,l,
1525876267.7442,745.72000,0.00700000,b,m,
1525797463.1915,735.04000,0.04503370,b,m,
1525849704.7585,720.56000,0.16910185,s,l,
1525973256.0647,746.50000,0.02700000,b,m,
1525941810.133,763.26000,5.15784279,s,l,
1525781863.1791,724.96000,0.08467330,b,m,
1525810742.2414,747.53000,0.77000000,s,l,
1525939593.2473,763.89000,0.04707765,s,m,
1525888721.7642,750.00000,4.47933140,b,m,
1525857490.9135,729.58000,0.32163089,b,l,
1525834237.6866,730.00000,9.18000000,s,l,
1525868008.0855,750.08000,0.00008800,b,m,
1525877810.622,746.18000,1.63567368,s,m,
1525851623.922,720.62000,0.09935311,s,l,
1525876299.9782,745.72000,0.04700000,b,m,
1525810765.5583,747.53000,0.36880485,s,l,
1525818533.7207,754.00000,7.70000000,s,l,
1525976956.9714,736.38000,0.24777669,b,m,
1525804995.5063,746.45000,2.10108406,b,m,
1525804539.0821,746.80000,14.61243973,b,m,
1525930161.2758,766.60000,1.05146944,b,l,
1525864037.4363,738.49000,0.62788260,b,m,
1525848188.4807,722.25000,31.22337690,s,l,
1525874960.3237,742.56000,2.73136753,b,m,
1525885556.0187,754.95000,0.79872205,b,m,
1525941860.5129,763.71000,1.00000000,s,l,
1525798502.7713,733.70000,0.07744419,b,m,
1525778511.4398,736.62000,0.59414323,s,l,
1525876328.063,745.66000,0.00842000,b,m,
1525810793.1959,747.58000,1.20000000,s,l,
1525926936.0269,758.89000,0.06505956,b,m,
1525864039.5813,738.49000,0.53961300,b,l,
1525857425.4283,728.50000,1.22600000,b,l,
1525842194.8596,723.00000,32.79714090,s,l,
1525941871.6424,763.80000,1.00000000,b,l,
1525782614.6364,728.43000,0.02400000,b,m,
1525864040.4214,738.83000,0.12345228,b,l,
1525856831.891,729.14000,0.39200000,b,l,
1525842195.6162,722.52000,0.12900000,s,m,
1525951422.9088,758.06000,0.10000000,s,m,
1525867544.2002,752.00000,0.16192276,s,l,
1525864041.5796,738.84000,0.25890160,b,l,
1525810808.1522,748.00000,0.13156941,b,l,
1525842196.8907,722.48000,0.65400000,s,l,
1525836349.702,723.06000,0.16106835,b,l,
1525842197.0415,722.48000,0.65700000,s,l,
1525810816.033,747.97000,1.00000000,b,l,
1525810817.7527,747.53000,1.00000000,s,l,
1525958189.7163,761.82000,0.05187867,b,l,
1525922729.5125,751.60000,5.00000000,s,l,
1525842198.2116,722.22000,0.65500000,s,l,
1525816709.9068,745.69000,0.01000000,b,m,
1525783102.4635,726.00000,0.00000001,b,l,
1525907735.0282,748.52000,1.47302560,s,m,
1525875016.6315,741.94000,0.19704410,b,l,
1525973272.9174,744.00000,3.56360998,s,l,
1525810838.3584,747.54000,4.68000000,s,l,
1525876376.979,745.99000,0.02600000,b,l,
1525910234.4211,749.84000,0.02200000,b,l,
1525882247.0684,747.50000,1.59965232,b,l,
1525864048.557,738.98000,0.15220160,b,l,
1525775247.0899,747.80000,4.11174802,b,m,
1525864049.6946,739.16000,0.14320160,b,l,
1525855917.9227,727.00000,0.13958690,b,m,
1525890907.2915,751.93000,0.50000000,s,m,
1525885895.5378,757.16000,0.43354950,b,m,
1525941932.1356,763.28000,0.00030121,s,l,
1525973277.8862,744.00000,0.02700000,b,l,
1525810865.9462,748.00000,0.12598318,b,l,
1525896819.6784,754.97000,0.42852576,b,m,
1525876404.3314,744.30000,8.45852728,s,m,
1525834598.1729,730.20000,9.14446858,b,m,
1525871314.9196,745.96000,0.06430792,b,m,
1525973279.6276,743.01000,0.61948405,s,l,
1525787594.4449,730.00000,0.10268944,b,l,
1525765749.1864,759.86000,0.02400000,b,m,
1525918909.8586,752.01000,0.02000000,b,m,
1525867408.0261,747.06000,0.05557062,b,l,
1525836087.2526,723.46000,0.01000000,b,m,
1525912888.6978,757.89000,20.00000000,b,m,
1525842209.1292,721.53000,0.65600000,s,l,
1525876424.658,744.73000,0.00000015,s,m,
1525810890.1359,748.00000,0.00228371,b,l,
1525864055.3146,739.83000,1.66300000,b,l,
1525810892.6583,748.03000,0.09684223,b,l,
1525914913.8554,755.71000,0.05864464,b,l,
1525810895.5075,748.47000,0.02200000,b,l,
1525911053.5406,751.78000,0.02300000,b,m,
1525810898.5386,748.30000,0.30667537,b,l,
1525874979.9709,742.03000,1.00000000,s,l,
1525972526.4338,748.50000,0.00525056,s,m,
1525810902.247,747.90000,0.35005005,b,l,
1525951144.3934,758.12000,2.71780000,s,m,
1525810905.5037,747.90000,3.15735736,b,l,
1525759073.1619,750.00000,0.03100000,s,l,
1525842899.344,720.39000,3.98227536,b,l,
1525830870.6659,744.19000,0.10000000,b,m,
1525910124.151,749.76000,0.02200000,b,m,
1525810913.0156,748.10000,0.06000000,b,l,
1525848236.9299,719.75000,3.51266125,b,l,
1525927118.778,763.43000,1.00000000,b,m,
1525973286.4006,742.48000,0.02702703,b,l,
1525941991.8076,762.00000,0.37740728,s,l,
1525929596.8311,765.57000,0.03300000,b,m,
1525810922.3209,748.09000,0.03563837,b,l,
1525912799.7556,756.61000,2.06241817,s,m,
1525770953.07,750.80000,1.50000000,b,m,
1525876464.1546,744.76000,0.40000000,s,m,
1525842216.2077,721.82000,1.82557339,s,m,
1525853023.1188,717.52000,3.39451710,b,l,
1525886545.1941,757.93000,0.82737437,s,m,
1525827624.7902,740.06000,0.08011166,b,m,
1525876472.1935,745.58000,0.40000000,b,m,
1525810937.697,747.81000,0.15201578,b,l,
1525759272.6966,751.80000,5.00000000,b,m,
1525856831.9845,729.14000,1.00000000,b,l,
1525783979.7001,737.07000,1.33180811,b,m,
1525925210.4643,755.60000,0.02300000,b,l,
1525810943.0346,747.55000,0.64714783,s,m,
1525942016.8019,761.60000,7.70000000,b,l,
1525810948.9,748.00000,1.74375640,b,l,
1525976000.7514,738.01000,4.00000000,b,m,
1525963912.8116,762.00000,0.61700000,b,l,
1525810953.4392,748.00000,2.62962963,b,l,
1525942027.5999,761.59000,0.29156957,b,l,
1525942030.2339,761.52000,0.09909910,b,l,
1525973293.9804,742.60000,2.50000000,b,m,
1525862541.1415,733.82000,0.36414798,b,l,
1525885912.9444,757.16000,0.02000000,b,l,
1525896835.1338,754.93000,0.02400000,b,m,
1525942036.3968,761.51000,3.00000000,s,l,
1525858346.0263,731.04000,1.10803547,s,l,
1525865065.2174,744.52000,0.02300000,b,m,
1525942041.8712,761.52000,0.90090090,b,l,
1525915418.7528,757.21000,0.28628761,s,m,
1525810972.7933,747.98000,0.29389389,b,l,
1525810973.1589,747.53000,0.00000491,s,l,
1525976019.8273,736.00000,0.27407405,b,l,
1525942047.6229,761.43000,7.70000000,s,l,
1525942048.4835,760.14000,1.04934723,b,l,
1525942049.085,760.14000,1.31630000,b,l,
1525810978.1581,747.98000,4.52892893,b,l,
1525778373.7266,732.91000,1.33740420,b,l,
1525868718.8024,746.50000,3.44994052,s,m,
1525855995.9872,727.33000,0.02100000,b,l,
1525942056.8873,762.73000,2.03126678,b,m,
1525929607.1444,765.57000,0.02000000,b,l,
1525955135.686,756.82000,10.00000000,s,l,
1525810989.6065,748.09000,0.02200000,b,l,
1525862542.6135,733.86000,0.31622138,b,m,
1525954103.07,756.86000,0.07663159,s,m,
1525796577.7908,733.07000,0.61500000,s,m,
1525912573.3219,759.90000,15.24545998,b,l,
1525977394.1627,738.00000,4.68335579,b,m,
1525864074.0994,741.42000,0.02300000,b,m,
1525839524.5386,716.00000,0.10900000,b,l,
1525942081.5188,761.32000,0.99666666,s,l,
1525798539.8342,733.00000,0.20000000,s,l,
1525811012.0677,748.00000,0.80000000,s,m,
1525855996.0128,727.57000,0.03503343,b,l,
1525784920.8106,738.38000,50.11349421,s,m,
1525866536.4599,740.01000,0.13389262,b,m,
1525929031.6671,761.87000,0.16690964,b,l,
1525922838.2239,751.34000,2.99000000,s,l,
1525871337.5475,744.52000,0.00000006,s,l,
1525787620.776,728.86000,7.70000000,s,m,
1525811037.4105,748.02000,5.00000000,s,l,
1525795966.3884,737.90000,9.40000000,b,l,
1525811044.5542,748.00000,0.18357238,b,l,
1525942117.7441,761.05000,2.68910000,s,l,
1525942118.4488,760.14000,7.70000000,b,l,
1525896849.6473,754.59000,0.62730000,s,l,
1525942120.2329,760.14000,2.33100000,b,l,
1525811049.6246,748.00000,0.59270979,b,l,
1525879601.1757,745.80000,1.50000000,b,m,
1525942125.2482,760.14000,0.06300000,b,l,
1525942126.906,760.14000,0.35000000,b,l,
1525942127.0987,760.14000,2.69004875,b,l,
1525811056.1552,747.99000,5.00000000,b,l,
1525942129.0306,760.14000,2.71060000,b,l,
1525942133.6622,760.14000,46.38109747,b,l,
1525885929.3782,757.47000,0.14161263,b,l,
1525970516.256,760.98000,1.00000000,s,m,
1525842632.2397,713.93000,1.25671161,s,m,
1525885931.709,758.00000,0.00000429,b,l,
1525888732.004,750.00000,0.65260668,b,m,
1525779683.0375,732.36000,0.84926788,s,l,
1525779418.4574,732.77000,0.13031623,s,l,
1525824489.2933,743.90000,0.02500000,s,m,
1525910555.8728,751.20000,0.06406549,s,l,
1525811091.046,747.97000,0.66124923,b,l,
1525823375.304,750.00000,11.52814249,s,m,
1525870901.3547,744.00000,20.00000000,b,l,
1525796116.2227,734.94000,5.00000000,b,l,
1525759170.0906,750.00000,1.00000000,b,m,
1525972434.9214,752.00000,0.00494082,s,m,
1525973841.3732,742.82000,0.81058343,b,m,
1525930273.129,766.77000,2.99000000,b,m,
1525885936.5729,758.00000,15.77000490,b,l,
1525779620.4078,733.00000,0.68159354,b,l,
1525942181.3339,761.48000,4.04196948,s,l,
1525868007.9313,749.40000,5.80713093,b,m,
1525942185.9076,760.71000,6.59630606,s,l,
1525809479.7554,749.78000,0.02300000,b,m,
1525782302.6436,730.00000,0.02000000,b,l,
1525875016.6392,741.96000,0.22160623,b,l,
1525759796.0426,752.53000,0.25000000,b,m,
1525820403.6379,752.88000,0.48373108,b,l,
1525876660.5542,745.60000,0.02300000,b,l,
1525876661.4746,745.62000,0.04700000,b,l,
1525942198.7889,760.81000,1.00000000,s,m,
1525840724.0369,719.36000,0.05000000,s,l,
1525927331.3234,762.00000,0.25000000,b,l,
1525870902.4126,744.00000,1.69547716,b,l,
1525953143.852,759.40000,0.02000000,b,l,
1525868008.1048,750.08000,10.93845844,b,m,
1525838542.0742,716.10000,0.91846330,b,l,
1525915104.6219,755.02000,0.31591798,s,m,
1525907787.5639,748.97000,0.15506284,s,l,
1525976522.6568,736.84000,0.02200000,b,m,
1525973918.3855,742.70000,6.07500000,s,l,
1525912250.2292,755.20000,9.37194024,b,l,
1525972594.662,746.63000,0.01647172,s,m,
1525836039.3006,719.81000,5.00000000,s,m,
1525789300.734,732.60000,0.00018861,s,l,
1525927991.7158,761.89000,0.07806377,b,l,
1525875641.2448,744.94000,0.03900000,b,m,
1525942226.2508,761.66000,1.20955901,b,m,
1525864099.4199,741.30000,0.28900000,s,m,
1525973467.8652,737.68000,4.40853107,b,l,
1525864730.0659,742.56000,0.20788101,b,m,
1525876700.9305,745.90000,3.22453272,b,m,
1525788351.2798,732.60000,4.01774848,s,l,
1525862548.5512,733.86000,6.07400598,b,m,
1525942243.2056,760.81000,7.32800000,s,l,
1525942244.7047,760.01000,3.93900000,b,l,
1525929638.6994,765.58000,10.44670898,b,l,
1525905678.3557,754.70000,1.45705046,b,m,
1525842258.2349,721.43000,0.04100000,s,m,
1525775258.3509,747.79000,0.02200000,b,m,
1525876719.57,744.81000,0.08300000,s,m,
1525876722.8202,745.54000,0.03400000,b,l,
1525876726.6239,745.51000,0.04300000,b,l,
1525975993.5472,737.90000,9.78695740,s,m,
1525905678.4097,755.00000,0.14946793,b,m,
1525809493.0945,749.99000,3.69900000,b,l,
1525835043.9101,724.98000,0.24132151,s,m,
1525876741.8956,745.97000,0.02600000,b,m,
1525778738.7104,730.99000,2.71830000,b,l,
1525947993.0415,760.47000,6.69289582,s,l,
1525831340.6198,742.14000,0.13076481,s,m,
1525809495.8299,749.98000,2.01670722,b,l,
1525934402.9567,751.55000,0.05000000,s,m,
1525839041.5942,713.01000,0.70876216,b,l,
1525809496.0491,750.00000,1.31770723,b,l,
1525867095.5642,740.87000,1.21900000,b,l,
1525870021.6614,750.00000,0.00000976,b,m,
1525858208.0606,732.00000,1.98500000,s,l,
1525867387.8329,749.00000,0.20000000,b,m,
1525811432.0101,746.57000,3.17424231,s,l,
1525805536.5745,746.05000,0.07954026,b,m,
1525811235.8934,747.69000,0.14088489,s,l,
1525787654.097,729.00000,0.05900000,s,m,
1525973861.1492,741.95000,4.00000000,s,l,
1525805100.9578,746.20000,1.00000000,b,m,
1525870902.4291,744.00000,1.90609544,b,l,
1525942319.6073,761.32000,10.00000000,s,l,
1525899649.5358,740.84000,2.76079919,s,l,
1525811249.5452,747.72000,0.21782759,s,l,
1525896883.2463,754.96000,0.02300000,b,l,
1525811252.1231,747.95000,0.02200000,b,l,
1525896530.0672,750.00000,0.39936417,b,m,
1525841660.2448,721.00000,187.32000000,s,l,
1525832607.9523,735.02000,2.63140922,s,l,
1525818173.3581,753.32000,0.00026096,b,m,
1525857490.9835,729.14000,0.65700000,b,l,
1525798581.0585,732.02000,4.67276392,s,l,
1525871552.7556,746.53000,0.02600000,b,m,
1525798236.865,733.60000,0.00568461,s,l,
1525973345.2232,742.94000,1.70814716,b,l,
1525876808.4637,745.90000,4.95400000,b,l,
1525789009.848,731.91000,2.99000000,s,m,
1525811278.1035,747.06000,0.18630000,b,l,
1525772918.3982,735.80000,5.00000000,s,l,
1525972958.4081,739.84000,0.02980565,s,l,
1525786935.5607,736.19000,1.29979224,b,m,
1525922061.368,754.64000,0.03943470,s,l,
1525797396.2084,735.04000,0.00006465,b,l,
1525927750.11,763.07000,0.02400000,b,l,
1525811291.2744,746.96000,0.55863842,s,l,
1525942366.2469,761.32000,0.06689782,s,l,
1525876832.0143,745.89000,0.03800000,b,m,
1525851641.1868,720.61000,7.23925328,s,l,
1525942374.4194,761.63000,0.11663948,b,l,
1525811303.4795,746.95000,0.02378354,s,l,
1525811304.6896,747.03000,0.02000000,s,l,
1525972347.6676,756.18000,0.32013600,s,l,
1525782614.6533,728.64000,0.02400000,b,m,
1525942384.3035,761.32000,3.35904940,s,l,
1525856831.4899,729.12000,4.28000000,b,l,
1525797579.2435,735.01000,3.19900000,s,l,
1525975041.9788,744.31000,0.02300000,b,m,
1525942390.1903,760.46000,0.48500000,s,l,
1525887414.8351,754.82000,7.83395921,s,l,
1525897923.4116,751.90000,0.17271885,s,m,
1525869100.5879,749.03000,1.00000000,s,l,
1525760230.7688,754.66000,6.99000000,s,m,
1525927641.649,762.00000,0.47900000,b,m,
1525876872.0484,745.56000,0.04462774,b,l,
1525811339.6269,747.65000,1.68589000,b,l,
1525876876.8376,744.99000,0.03154589,s,m,
1525896898.256,754.95000,0.62657280,b,l,
1525799325.9154,733.00000,1.50000000,b,l,
1525970516.2609,760.98000,1.00000000,s,m,
1525803633.1898,732.42000,0.21236408,s,m,
1525811590.5027,746.20000,2.54070000,s,l,
1525841999.6202,723.75000,0.02000000,b,m,
1525840613.6616,719.45000,0.59175708,b,m,
1525896902.8106,754.97000,0.33606360,b,l,
1525794500.9431,731.91000,0.02100000,b,l,
1525865229.1527,745.00000,33.00604311,s,l,
1525838951.9993,708.00000,0.06000000,s,m,
1525886359.2357,758.03000,0.52960438,s,l,
1525834691.8472,728.22000,0.99100000,s,m,
1525973831.4318,741.09000,1.20692334,s,l,
1525779685.7652,731.91000,0.37700000,s,l,
1525772555.801,740.00000,0.30000000,s,l,
1525836368.7054,721.55000,2.00000000,s,m,
1525973364.6485,742.93000,1.49449801,b,m,
1525928353.1633,763.00000,13.07316259,s,l,
1525777688.3089,740.00000,0.30000000,s,m,
1525951144.4384,757.25000,9.98204231,s,m,
1525942462.2733,760.50000,0.02044481,b,l,
1525842408.4073,719.73000,4.54040226,s,m,
1525927357.5384,762.00000,0.14900000,s,l,
1525870903.8891,744.00000,1.82335530,b,l,
1525811395.6871,746.85000,0.02291231,s,l,
1525912033.6992,761.00000,0.95600000,b,m,
1525869066.1419,749.54000,4.99120000,b,m,
1525790541.6288,732.00000,0.10765901,s,m,
1525847677.0287,722.93000,0.39428272,b,m,
1525929413.405,765.56000,22.16202545,b,m,
1525942474.5503,760.50000,0.02092424,b,l,
1525887826.6944,754.46000,0.02000000,b,m,
1525885986.3222,757.95000,0.02300000,b,m,
1525876943.043,744.68000,8.47300000,s,l,
1525811408.9939,746.85000,0.09181860,s,l,
1525876945.6932,744.68000,0.06826787,b,l,
1525794906.7079,733.47000,1.00000000,b,l,
1525968861.6443,761.00000,0.01950000,b,l,
1525880487.4557,748.85000,2.55000000,b,l,
1525811417.2812,746.32000,5.76561750,s,l,
1525942491.9252,760.44000,0.02000000,b,l,
1525901837.7532,744.82000,0.04775128,s,l,
1525842198.6291,722.22000,0.66100000,s,l,
1525934571.6337,753.97000,0.37800000,s,l,
1525864144.5993,741.97000,1.50000000,b,m,
1525829877.4308,742.31000,0.02300000,b,l,
1525890926.9269,751.93000,0.03280286,s,m,
1525778376.9973,732.50000,0.62942693,s,l,
1525811431.9939,746.57000,0.82806142,s,l,
1525811432.0006,746.57000,0.79669627,s,l,
1525942505.8974,760.50000,11.83718566,b,l,
1525811435.91,746.29000,16.46941523,s,l,
1525804563.527,746.51000,1.20165403,s,l,
1525811437.0355,746.00000,0.29890000,b,l,
1525811439.9047,746.00000,2.48218189,b,l,
1525942512.6288,760.50000,0.15855723,b,l,
1525876977.6382,744.68000,0.66983177,b,l,
1525909354.6101,746.97000,0.02300000,b,m,
1525876983.3851,744.68000,0.85322411,b,l,
1525851646.9058,720.30000,41.85723573,b,l,
1525835551.7641,723.60000,17.58066902,b,l,
1525934572.6551,753.95000,0.42500000,s,l,
1525885683.1091,755.99000,0.10000000,b,l,
1525771393.8253,744.85000,0.00006323,b,l,
1525811461.5072,745.99000,5.00000000,b,l,
1525876998.7275,744.70000,5.42496843,s,m,
1525788361.7878,733.91000,0.97800000,b,m,
1525888745.4863,750.00000,0.00000188,b,m,
1525863040.8438,735.16000,30.20099374,b,m,
1525972582.7922,749.00000,0.43241243,s,l,
1525787693.1541,728.98000,1.00000000,s,m,
1525904021.1684,749.00000,0.52731351,b,m,
1525772266.4172,743.65000,4.62500000,s,l,
1525942546.0566,760.47000,0.21220836,b,l,
1525842307.9603,720.00000,0.31818000,s,l,
1525931321.0539,759.16000,121.70400000,s,l,
1525811479.7476,745.87000,1.00000000,b,l,
1525842918.8989,720.26000,4.54261663,b,m,
1525813215.5937,740.00000,2.40264482,b,m,
1525942556.9188,760.22000,13.14300000,s,l,
1525942558.7524,760.20000,11.81060584,b,l,
1525899657.4637,739.04000,0.08406900,s,l,
1525856012.9474,727.73000,0.33300000,b,m,
1525871129.2944,743.56000,5.00000000,s,l,
1525811496.442,745.83000,0.33000000,s,l,
1525877035.8588,745.29000,0.10066666,b,l,
1525857823.9477,730.30000,1.50000000,s,l,
1525786180.7595,731.18000,0.18618019,s,m,
1525973384.1296,739.87000,4.87500000,s,m,
1525811509.9065,745.99000,0.12740656,b,l,
1525851648.9913,720.18000,0.00258182,s,m,
1525940617.1406,764.00000,0.10000000,b,m,
1525976037.7135,735.42000,7.70000000,s,l,
1525799274.9433,733.60000,0.05200000,b,m,
1525877055.4151,745.20000,0.79507741,b,l,
1525773087.3822,739.71000,0.00047108,s,m,
1525942594.2016,760.50000,10.40683604,b,l,
1525877060.6174,744.80000,0.20000000,s,m,
1525853238.0149,718.10000,7.13346451,b,l,
1525788363.9916,733.93000,0.02600000,b,l,
1525972487.7577,747.20000,1.10000000,b,l,
1525877065.3782,745.55000,0.02200000,b,m,
1525942606.6601,760.50000,1.31637655,b,l,
1525788320.4739,733.89000,0.02200000,b,m,
1525811536.3177,745.32000,0.00000105,s,l,
1525853240.4653,716.76000,0.00504193,s,m,
1525811538.1014,745.99000,0.02208162,b,l,
1525864163.292,741.80000,0.00161137,s,l,
1525811543.291,746.00000,4.80003791,b,l,
1525858274.7377,731.30000,0.98800000,s,l,
1525899659.8819,738.00000,0.16205626,b,l,
1525787706.8583,728.39000,0.08100000,s,m,
1525942622.4772,760.50000,1.01016160,b,l,
1525942623.2634,760.50000,0.12270000,b,l,
1525811555.7452,746.10000,11.90000000,s,l,
1525811556.6178,745.93000,1.13064660,b,l,
1525777691.4255,739.12000,0.06764801,s,m,
1525877095.5032,745.49000,0.10425593,b,l,
1525942632.827,760.50000,0.89938565,b,l,
1525850391.5504,721.47000,0.02620000,b,l,
1525768351.3236,757.87000,6.61731200,b,l,
1525842322.0978,718.47000,2.63877000,s,m,
1525949465.9136,763.50000,0.02100000,b,m,
1525811567.2812,747.50000,0.00663686,b,m,
1525810187.7229,748.49000,0.36563404,b,l,
1525765450.1695,758.93000,0.02400000,b,l,
1525942642.2725,760.44000,0.00000005,b,l,
1525942643.7915,760.50000,0.57793269,b,l,
1525925847.6146,756.23000,0.00190986,b,l,
1525798633.3785,731.21000,0.02200000,s,l,
1525798311.7549,733.60000,11.28414000,s,l,
1525893204.8992,743.66000,0.80800929,s,m,
1525899660.4414,738.00000,0.05000000,b,l,
1525781818.3684,725.00000,0.50000000,s,l,
1525942652.666,760.50000,7.90928217,b,m,
1525941609.9613,764.99000,0.01100000,b,m,
1525942655.5908,760.50000,0.35882843,b,l,
1525820480.5565,752.99000,0.47865837,b,m,
1525937681.9513,758.99000,1.00000000,b,l,
1525928743.0859,760.64000,0.50000000,s,m,
1525807188.0224,745.65000,0.16757314,s,m,
1525811590.4795,746.88000,0.33369607,s,l,
1525967721.2587,759.31000,5.00000000,s,l,
1525868871.1272,747.73000,0.02600000,b,m,
1525912799.7491,756.80000,0.82223973,s,m,
1525896941.4885,755.00000,0.02300000,b,m,
1525759846.9144,753.39000,0.07181656,b,l,
1525927268.6584,762.04000,0.02000000,b,l,
1525976040.1789,734.99000,1.34448920,b,l,
1525877142.915,745.95000,0.00300000,b,m,
1525899661.8973,738.00000,3.60901908,b,l,
1525929711.177,765.58000,23.00000000,b,l,
1525786935.5807,736.61000,8.73330053,b,m,
1525907866.3258,749.80000,0.32079459,b,m,
1525840353.6194,718.59000,0.02400000,b,l,
1525886021.383,757.52000,0.31677475,s,m,
1525778295.2656,730.00000,5.62500000,b,l,
1525972438.3304,750.00000,4.54793800,s,m,
1525954453.719,758.16000,0.02400000,b,l,
1525809564.2491,750.38000,0.02300000,b,m,
1525787719.8232,728.65000,0.21360000,b,m,
1525849955.4474,721.62000,0.07599812,b,l,
1525811634.304,748.00000,0.20770283,b,m,
1525836088.0861,724.49000,1.63700000,b,m,
1525912033.6212,760.18000,2.63797400,b,m,
1525896948.7485,755.78000,18.13595697,b,l,
1525877178.1216,745.62000,1.61281865,s,m,
1525929578.6878,765.38000,0.02100000,b,m,
1525926961.4348,759.42000,0.02400000,b,m,
1525811648.4561,747.62000,0.02200000,b,l,
1525811651.6222,747.68000,0.02400780,b,l,
1525811653.3506,747.69000,0.03955889,b,l,
1525840201.7416,714.01000,1.50000000,s,m,
1525898737.6098,748.32000,13.33300000,s,l,
1525877196.9945,745.94000,0.13062774,b,l,
1525877197.0426,745.94000,0.86937226,b,l,
1525779343.4528,733.01000,5.00000000,s,l,
1525899663.5496,738.00000,0.17794093,b,l,
1525883661.9667,748.04000,5.00000000,s,l,
1525864186.8623,742.00000,0.00006222,s,m,
1525807419.6354,747.00000,0.75000000,b,l,
1525977323.2327,737.34000,0.02100000,b,l,
1525877221.8542,746.00000,0.03000000,b,l,
1525819439.9727,755.96000,0.02000000,s,m,
1525811688.2647,747.03000,0.03500000,s,l,
1525811690.3106,746.51000,0.02868720,s,l,
1525811691.3405,746.50000,9.81215298,s,l,
1525811693.3496,746.50000,0.04500000,b,l,
1525831092.1748,744.18000,0.03000000,b,l,
1525929725.8735,765.58000,2.73800000,b,l,
1525811696.3278,746.50000,0.14269702,b,l,
1525899664.4214,738.00000,1.35501300,b,l,
1525811699.5605,747.61000,0.02300000,b,l,
1525974494.5274,740.46000,5.00000000,b,m,
1525909853.1442,749.74000,0.05100000,b,l,
1525809577.0809,750.29000,0.02300000,b,m,
1525973418.433,738.02000,0.22823590,s,m,
1525811711.5031,747.20000,0.10519429,b,l,
1525896960.3446,754.98000,0.45498653,s,l,
1525760158.1646,757.00000,0.49603941,s,l,
1525929729.1733,765.58000,2.73190000,b,l,
1525851655.2725,721.77000,2.99000000,b,l,
1525912381.1465,756.41000,0.00247000,b,m,
1525798658.0456,731.40000,5.00000000,s,l,
1525808010.1187,748.53000,0.02600000,b,m,
1525899665.9655,738.00000,0.35253743,b,l,
1525966842.4616,760.94000,1.50000000,b,m,
1525929731.7862,765.58000,0.25566218,b,m,
1525968236.9898,760.99000,0.02500000,b,m,
1525813367.5465,743.24000,10.32000000,b,l,
1525947675.2733,760.76000,7.70000000,s,l,
1525779641.0741,732.95000,0.50274966,s,l,
1525853442.4405,718.44000,0.50000000,b,m,
1525811741.446,747.10000,1.06230000,b,l,
1525877279.825,746.98000,0.02200000,b,m,
1525781532.83,727.95000,1.00000000,b,l,
1525973424.4406,738.04000,0.20186338,s,l,
1525811747.2586,747.30000,0.16535124,b,l,
1525859321.9228,732.91000,0.02500000,b,m,
1525973425.9439,738.00000,0.11263070,s,m,
1525942829.0881,761.02000,0.50000000,b,l,
1525927394.8551,762.59000,0.02100000,b,l,
1525779263.8367,732.60000,5.00000000,s,l,
1525773095.2877,740.76000,0.97800000,b,m,
1525776819.1697,745.99000,0.02600000,b,l,
1525840354.7541,719.30000,0.00003918,b,l,
1525767467.1376,756.16000,3.21000000,s,m,
1525780921.9428,722.40000,0.01500000,s,m,
1525831433.2321,742.58000,0.02200000,b,l,
1525772555.8947,738.40000,12.30000000,s,m,
1525877305.0724,746.97000,0.02200000,b,m,
1525844416.1443,716.06000,3.74015247,s,m,
1525857490.9061,729.58000,0.97600000,b,l,
1525842357.1675,718.85000,0.80000000,s,m,
1525934813.3755,753.97000,69.10906715,s,l,
1525929739.3605,765.58000,0.04840000,b,m,
1525842358.3738,718.97000,1.90376797,b,l,
1525877318.8076,746.99000,0.03400000,b,m,
1525811787.2847,746.34000,0.34000000,s,l,
1525899667.1889,738.00000,0.16260163,b,l,
1525886050.3718,758.56000,4.00000000,s,l,
1525773987.5438,741.18000,0.11273619,b,m,
1525823288.786,753.67000,5.00000000,b,m,
1525811792.5045,746.33000,0.03820851,s,l,
1525811794.6999,745.73000,0.87000000,s,l,
1525818506.5692,755.00000,0.02000000,b,m,
1525779643.5135,732.99000,5.00000000,b,m,
1525930219.281,766.36000,4.00000000,b,m,
1525811802.6919,745.33000,1.58848315,s,l,
1525860485.8795,729.73000,0.20514700,b,m,
1525877341.9196,746.04000,0.13062774,s,m,
1525870884.0393,745.84000,1.29000000,s,l,
1525835597.825,722.80000,1.50000000,b,m,
1525905678.3755,754.83000,0.02000000,b,m,
1525781125.8698,723.87000,0.16573300,b,l,
1525904240.6654,752.24000,0.02800000,b,l,
1525978002.1823,743.00000,0.10769879,b,l,
1525840659.2766,719.00000,1.00000000,s,l,
1525794343.2363,731.39000,0.02100000,b,m,
1525774887.1131,748.99000,0.31693207,b,l,
1525770359.4993,753.95000,0.02381992,b,l,
1525783616.1456,729.80000,3.25000000,s,l,
1525857973.8714,731.27000,0.00002425,b,m,
1525929748.2568,765.58000,9.00000000,b,l,
1525877370.541,746.90000,0.86583671,b,l,
1525835990.2299,719.00000,1.49875062,b,l,
1525827654.7695,740.01000,1.91000000,s,l,
1525869117.2872,749.04000,1.00000000,s,m,
1525788320.4917,734.60000,0.14540500,b,m,
1525942912.8012,761.02000,0.15000000,b,l,
1525973776.615,741.52000,6.64681870,b,l,
1525973633.5579,741.51000,0.02200000,b,m,
1525884751.1174,749.86000,1.00000000,b,l,
1525914503.9952,754.49000,0.02000000,b,l,
1525877382.8142,746.99000,0.10000000,b,m,
1525899669.1951,738.00000,1.43000000,b,l,
1525767904.9753,755.80000,9.73359981,s,l,
1525858249.5124,731.72000,0.16360869,s,l,
1525856831.6923,729.14000,0.39300000,b,l,
1525942924.4479,761.01000,0.00053246,b,m,
1525833523.9211,731.00000,0.15317119,b,l,
1525781183.4298,724.89000,5.00000000,b,l,
1525809603.1179,749.95000,3.59152809,s,l,
1525811861.1709,745.06000,0.05934060,s,l,
1525972458.6606,749.58000,0.05000000,s,l,
1525809604.9768,748.77000,2.40708641,s,m,
1525877405.9247,746.96000,0.13062774,b,m,
1525863467.6769,738.30000,0.80400000,b,l,
1525809605.8492,748.77000,0.70000000,s,m,
1525759797.3711,751.12000,3.75228099,s,l,
1525877412.1658,747.63000,0.86419484,b,m,
1525784920.8503,737.50000,14.30000000,s,m,
1525896231.0774,748.50000,1.80081881,b,l,
1525808874.7891,747.00000,0.59015768,b,l,
1525834681.9155,730.30000,2.50000000,b,m,
1525942959.5995,761.02000,0.16030000,b,l,
1525877424.2528,747.60000,0.14200000,b,m,
1525942963.4674,761.02000,0.31336225,b,l,
1525924827.3879,755.69000,5.00000000,b,l,
1525811893.8886,745.05000,5.00000000,s,l,
1525877431.0496,747.00000,0.10000000,b,m,
1525848211.1216,719.61000,0.10000000,s,m,
1525811900.8518,745.03000,0.85000000,s,l,
1525872031.8349,745.23000,0.02600000,b,l,
1525811905.4706,745.00000,13.77000000,s,l,
1525811906.8745,745.00000,0.02947050,s,l,
1525858208.3321,731.79000,1.99600000,s,l,
1525912033.5593,759.00000,13.07700000,b,m,
1525787766.1275,727.76000,3.69854953,s,l,
1525811911.5432,745.02000,0.02250000,s,l,
1525929413.4013,765.56000,22.00819144,b,m,
1525877449.4555,746.89000,0.02600000,b,m,
1525947681.6171,760.00000,32.24000000,b,l,
1525896657.0605,752.27000,0.02300000,b,l,
1525912765.8692,757.98000,1.90400000,b,m,
1525811923.4019,745.03000,0.20000000,s,l,
1525904162.536,750.46000,0.05100000,b,l,
1525944230.4228,760.12000,1.00000000,s,m,
1525929764.2033,765.58000,1.00000000,b,m,
1525811930.6511,745.03000,0.05003649,s,l,
1525973455.715,737.04000,1.29000000,s,m,
1525811933.1051,743.90000,0.41639249,s,m,
1525927394.8498,762.37000,0.02400000,b,l,
1525877471.3421,747.09000,0.02300000,b,m,
1525811936.9776,744.00000,0.02840000,b,l,
1525811937.5113,744.00000,0.12368574,b,l,
1525803257.742,730.00000,49.88506279,s,l,
1525811939.7075,743.55000,21.04040000,s,l,
1525811941.6361,744.00000,2.00000000,b,l,
1525811943.8062,744.00000,20.00000000,b,l,
1525811948.8777,744.00000,2.78100000,b,l,
1525866821.5764,741.19000,1.08809380,b,m,
1525972909.4496,740.49000,0.06998644,s,m,
1525811951.0242,744.00000,2.54820000,b,l,
1525811952.7667,744.00000,2.54820000,b,l,
1525782056.9531,724.51000,0.00283877,s,m,
1525811954.5528,744.00000,2.54820000,b,l,
1525909354.5952,746.64000,0.02600000,b,m,
1525811956.6531,744.00000,2.54820000,b,l,
1525943029.6406,760.57000,0.12340788,s,l,
1525919313.6613,753.80000,0.01188432,s,l,
1525798697.8405,731.68000,0.25807190,b,l,
1525802831.9183,733.40000,0.04000000,b,m,
1525973460.8345,738.78000,1.61602781,b,l,
1525943034.2266,761.47000,5.00000000,b,l,
1525836263.3902,723.23000,0.48000000,s,l,
1525835118.2803,724.50000,3.24617627,s,l,
1525943045.9464,761.49000,0.10000000,b,m,
1525794636.7377,736.60000,2.00000000,b,m,
1525882691.2978,748.23000,3.81167041,s,m,
1525973463.4501,737.68000,1.38353107,b,m,
1525943052.2407,761.48000,8.49440226,b,m,
1525832711.4471,736.02000,4.02017496,s,l,
1525818533.7234,753.69000,2.58000000,s,l,
1525938993.1453,764.17000,10.00000000,s,l,
1525976135.0701,733.40000,19.10000000,s,m,
1525761138.0129,756.25000,7.27185978,s,l,
1525857457.7345,729.89000,0.03300000,b,m,
1525870900.5016,744.00000,3.59970000,b,l,
1525972674.0068,742.11000,0.00013978,s,m,
1525809625.4584,748.40000,0.02844100,s,l,
1525868980.3453,747.88000,0.02300000,b,l,
1525781121.6644,723.00000,2.37182597,b,l,
1525870907.4414,744.00000,2.36200000,b,l,
1525811995.4101,745.97000,0.02200000,b,l,
1525857662.8032,731.53000,0.02100000,b,m,
1525975935.7861,737.60000,0.28052380,s,l,
1525973467.9356,738.60000,1.23588621,b,l,
1525805837.6651,746.40000,1.12930076,s,l,
1525759588.1258,749.99000,0.03511839,b,l,
1525838571.6039,715.49000,0.25503175,b,l,
1525779650.0301,732.78000,0.60000000,s,l,
1525812009.708,746.21000,0.06167198,b,l,
1525886581.0741,756.57000,3.85600000,s,m,
1525855539.6985,724.06000,0.99800000,b,l,
1525885931.7185,758.00000,1.00000000,b,l,
1525958818.6302,763.54000,2.77487487,s,l,
1525877560.7867,746.66000,0.09550440,s,l,
1525943097.1719,760.76000,0.00000002,s,m,
1525857973.9242,732.46000,1.30800000,b,m,
1525877564.9964,747.67000,0.04200000,b,l,
1525877565.0875,748.20000,18.80000000,b,l,
1525879908.9378,746.73000,10.21400000,b,l,
1525804465.0997,744.82000,2.58000000,b,l,
1525886091.3953,758.96000,0.02300000,b,l,
1525804567.7592,746.89000,0.02200000,b,m,
1525927331.3414,762.00000,0.24800000,b,l,
1525886092.4136,760.00000,0.00358659,s,l,
1525877579.695,747.39000,0.90449560,s,l,
1525836390.3061,720.08000,13.86800000,s,m,
1525765355.4449,758.65000,0.02300000,b,m,
1525886093.749,760.00000,0.30790668,s,l,
1525760011.114,755.24000,0.02400000,b,m,
1525943121.7117,761.50000,2.40000000,b,m,
1525960779.7508,765.51000,0.00370047,s,m,
1525787790.8621,729.80000,0.79700000,b,m,
1525886095.8264,760.00000,1.01700000,s,l,
1525866640.0226,739.12000,2.49546443,s,l,
1525867583.3471,751.94000,10.00000000,b,m,
1525795280.2939,735.20000,0.64718175,b,l,
1525886096.7063,760.00000,0.55590000,s,l,
1525827699.4529,741.24000,0.08008597,b,l,
1525787730.0047,728.65000,0.34693508,b,m,
1525880036.3902,747.95000,0.00066032,s,l,
1525871307.5018,744.42000,0.17097205,s,m,
1525886097.9676,760.01000,0.15856766,b,m,
1525892730.3414,747.99000,0.12607194,b,l,
1525842408.4247,719.30000,10.00000000,s,m,
1525771943.2617,743.00000,1.28011703,s,m,
1525812087.4632,747.60000,0.40881861,b,l,
1525803258.721,730.00000,0.50000000,s,m,
1525812089.7027,748.00000,0.44455500,s,l,
1525824644.2604,747.36000,2.99000000,s,l,
1525975219.9361,740.99000,0.02200000,b,l,
1525812094.2253,748.00000,7.70000000,s,l,
1525794636.6317,733.33000,11.89286428,b,l,
1525812097.349,748.00000,0.39260700,s,l,
1525829845.0871,742.00000,8.00000000,s,l,
1525859560.2911,733.50000,0.01000000,s,l,
1525941011.8594,763.52000,0.76919250,s,m,
1525977149.396,735.49000,0.08111322,b,m,
1525971126.8029,762.98000,0.19122848,b,l,
1525836273.3533,722.10000,13.83000000,s,m,
1525802129.5761,736.00000,0.10000000,s,m,
1525809645.0453,747.01000,0.33708032,s,l,
1525784018.1198,736.83000,0.08069914,b,m,
1525812113.0233,748.00000,0.51948000,s,l,
1525812114.8811,748.00000,1.95193660,s,l,
1525812115.6196,747.99000,0.00133443,b,l,
1525812118.428,747.80000,1.50000000,b,m,
1525968236.9845,760.97000,0.02500000,b,m,
1525864762.9358,742.49000,0.14884791,b,l,
1525820570.0298,752.99000,0.03881455,b,l,
1525812126.9338,747.97000,0.23714946,b,m,
1525870830.1435,746.84000,4.03966158,s,l,
1525886107.9593,760.00000,0.36170000,s,l,
1525934377.6989,751.64000,0.05000000,s,m,
1525972438.2642,750.14000,22.50000000,s,l,
1525812137.3286,747.96000,0.02200000,b,l,
1525877675.7125,747.45000,0.02200000,b,l,
1525779263.8912,732.00000,2.07752446,s,l,
1525973490.1201,736.51000,2.00000000,s,m,
1525812695.1464,740.24000,1.27395322,s,m,
1525836088.0829,724.48000,0.56369078,b,m,
1525885691.7051,760.00000,0.04665021,b,m,
1525877682.9838,747.41000,0.52427740,b,m,
1525877683.0275,747.45000,0.47572260,b,m,
1525818520.034,755.00000,0.00544806,b,m,
1525964633.5138,755.10000,13.80000000,s,m,
1525817192.1894,751.37000,0.25000000,b,m,
1525789644.834,735.95000,0.02500000,b,m,
1525796843.7976,734.23000,0.09200694,b,m,
1525877692.9871,747.52000,0.08298420,b,l,
1525812159.3199,748.00000,23.84800000,s,l,
1525976135.0602,733.91000,13.87300000,s,m,
1525912484.0217,759.80000,18.00000000,b,m,
1525811417.2589,746.57000,4.15475769,s,l,
1525812169.1418,747.97000,0.23715601,b,m,
1525943244.4198,761.50000,50.00000000,b,l,
1525776395.5392,744.52000,4.22600000,s,m,
1525877711.4023,747.48000,0.02600000,b,m,
1525977966.0313,742.96000,0.64085543,b,m,
1525973496.3267,737.68000,4.87687688,b,m,
1525849488.1236,720.73000,0.05764069,b,m,
1525926521.0574,759.00000,0.50000000,b,l,
1525812183.6045,746.42000,0.40000000,s,l,
1525918884.1397,751.91000,0.00000005,b,l,
1525781358.6533,722.13000,1.27500000,s,m,
1525838577.1183,715.48000,2.92694600,b,l,
1525799855.0608,736.80000,1.00000000,b,m,
1525943261.5313,760.89000,1.48241960,s,m,
1525974649.6547,740.49000,0.32501181,b,l,
1525761796.8139,754.00000,3.53283000,s,l,
1525955143.9426,756.90000,4.50000000,s,m,
1525835714.8789,718.81000,6.00000000,s,m,
1525812199.5121,747.00000,0.04000000,s,l,
1525899714.889,741.04000,0.32371274,s,l,
1525787815.3287,729.84000,0.14429834,b,m,
1525812204.2224,747.94000,0.02200000,b,l,
1525812206.826,747.03000,0.60000000,s,l,
1525858218.9471,731.34000,1.90000000,s,l,
1525812208.2959,746.02000,5.01000000,s,l,
1525864053.5599,739.50000,1.66200000,b,l,
1525912855.9482,756.90000,1.50000000,s,m,
1525812215.0917,747.00000,0.06000000,b,m,
1525943288.9165,761.50000,10.00000000,b,l,
1525874409.1976,744.96000,0.13202891,b,m,
1525812218.6694,745.68000,0.96422096,s,l,
1525771407.2358,745.00000,1.24900000,b,l,
1525922729.4936,751.72000,2.99000000,s,l,
1525812221.2556,745.66000,4.49822096,s,l,
1525812222.6284,745.66000,10.00000000,s,l,
1525812225.0422,747.68000,0.00000007,b,l,
1525977738.0572,739.89000,0.02300000,b,m,
1525869130.3307,749.40000,0.01014189,b,m,
1525798458.5585,732.80000,0.10000000,s,m,
1525858647.9697,731.96000,1.55714560,b,m,
1525885803.935,759.99000,2.50000000,b,l,
1525834214.8679,730.60000,1.50000000,s,l,
1525816756.9862,745.54000,2.96100000,s,m,
1525858219.2648,731.31000,0.35059336,s,l,
1525943310.3508,761.50000,0.10926273,b,l,
1525843683.9596,721.06000,4.00000000,b,l,
1525973507.9909,737.00000,0.00766623,s,m,
1525773912.0717,738.79000,0.50449160,s,l,
1525812246.1944,746.97000,2.43707000,b,l,
1525943321.3734,761.50000,0.18890000,b,l,
1525812392.9757,741.50000,1.00000000,s,m,
1525912776.0594,758.17000,0.35588027,b,m,
1525924688.388,753.79000,0.40153337,s,m,
1525876832.0106,745.79000,0.05100000,b,m,
1525943333.3229,761.50000,0.22490000,b,l,
1525778511.491,733.90000,14.00000000,s,l,
1525834237.6648,730.00000,1.09000000,s,l,
1525812266.3646,745.43000,0.43842265,s,m,
1525886130.7925,760.01000,1.50000000,s,l,
1525812270.3698,745.43000,4.31557735,s,l,
1525877808.504,747.45000,2.00000000,b,l,
1525812273.7353,744.84000,1.50423740,s,m,
1525877810.6157,746.65000,5.00000000,s,m,
1525812275.6323,744.80000,1.00000000,s,m,
1525812276.7841,745.41000,10.87118008,b,m,
1525927394.8406,762.19000,0.02000000,b,l,
1525973513.4994,735.10000,2.00000000,s,m,
1525930273.1092,766.02000,0.02400000,b,m,
1525812393.1511,741.01000,0.61500000,s,m,
1525812283.9836,745.33000,7.70000000,b,l,
1525918901.8713,751.72000,0.00003353,s,m,
1525771835.9719,745.00000,0.00234745,s,m,
1525943362.1239,761.10000,0.90218547,s,m,
1525973515.6519,737.94000,1.36443051,b,l,
1525877971.6934,747.89000,0.02300000,b,l,
1525812295.9404,744.29000,0.11835188,s,l,
1525968944.5527,761.00000,4.35905609,b,m,
1525858252.4071,731.31000,0.22461780,s,l,
1525943373.6344,761.49000,0.03973974,b,l,
1525948597.0031,762.78000,0.02500000,b,l,
1525812304.9453,743.99000,0.06129249,s,l,
1525812305.7686,742.21000,6.92328609,s,m,
1525975993.6148,735.37000,5.02478795,s,m,
1525932012.5769,756.85000,0.12400000,s,l,
1525973519.0675,738.80000,7.39900000,b,l,
1525812319.9759,742.40000,1.50000000,s,m,
1525806311.1627,747.00000,0.04125071,b,m,
1525943395.401,761.08000,0.12144647,s,m,
1525782310.7939,730.00000,1.83315290,b,l,
1525833523.9979,731.00000,0.06098000,b,l,
1525857973.9171,732.39000,6.42500000,b,m,
1525779418.461,732.51000,4.60600000,s,l,
1525812332.557,742.22000,0.36732108,s,m,
1525920228.3589,755.64000,0.04000000,b,l,
1525918909.8681,752.02000,0.02700000,b,m,
1525840958.09,719.67000,12.67682371,b,l,
1525812337.3436,742.22000,0.18575432,s,l,
1525856831.9312,729.14000,3.00923184,b,l,
1525973523.6937,738.77000,0.00000003,b,m,
1525958256.037,764.88000,0.02000000,b,m,
1525870541.5521,746.92000,13.50000000,s,m,
1525868007.954,749.80000,9.00000000,b,m,
1525812346.8527,742.21000,0.07000000,s,m,
1525943422.6397,760.71000,0.08073609,s,m,
1525894526.359,745.65000,3.50000000,s,l,
1525943429.132,761.50000,5.00000000,b,l,
1525883130.5968,750.92000,0.02400000,b,m,
1525894168.8471,745.12000,1.00000000,s,l,
1525834515.5389,727.00000,0.57478461,s,l,
1525877897.0875,746.97000,0.30000000,b,l,
1525877898.6045,746.97000,0.25063554,b,l,
1525943435.6705,761.50000,0.57190510,b,l,
1525812364.8882,742.20000,0.79340580,s,l,
1525877901.6549,747.00000,0.03206798,b,l,
1525929413.4413,765.56000,1.00000000,b,m,
1525943439.8434,761.50000,0.04552395,b,l,
1525916028.8252,756.90000,3.68362342,s,m,
1525943446.8288,761.50000,5.20709999,b,l,
1525812375.0229,742.20000,0.10000000,s,m,
1525781001.2143,720.16000,0.47812960,s,l,
1525778292.1922,730.91000,103.23400000,s,l,
1525805911.3141,745.74000,0.03585912,s,l,
1525807188.0376,745.36000,0.13501179,s,m,
1525972589.2505,747.00000,2.92559906,s,l,
1525858224.6888,731.30000,1.85627748,s,l,
1525929841.3573,765.55000,36.21715642,s,l,
1525877928.9566,746.93000,0.67037335,b,l,
1525812393.159,740.50000,0.02796524,s,m,
1525951687.2653,758.93000,2.30241252,b,l,
1525812399.44,740.40000,0.41478820,s,m,
1525899549.648,739.97000,0.09856988,s,m,
1525838924.7824,709.10000,0.00000500,s,m,
1525911511.0679,754.75000,0.71819571,b,m,
1525954244.5453,758.38000,0.02000000,b,l,
1525812406.2408,740.41000,1.00000000,s,m,
1525834248.3203,729.00000,1.50000000,s,m,
1525779903.48,726.18000,4.08800000,s,l,
1525976067.8171,735.66000,1.91085707,s,l,
1525858225.2414,731.30000,1.33147296,s,l,
1525854868.8127,724.00000,10.77401423,b,m,
1525918923.7976,752.05000,88.38664386,b,l,
1525918924.6228,753.00000,0.20000000,b,m,
1525812426.5678,741.00000,15.09776081,b,l,
1525897079.9409,755.00000,5.00000000,s,l,
1525780918.249,721.79000,2.81800273,s,l,
1525779692.7743,732.01000,1.99828912,s,l,
1525787853.7523,728.27000,2.10088943,s,m,
1525812432.5325,740.87000,1.00000000,b,l,
1525877971.6831,747.52000,0.00509626,b,l,
1525848183.685,721.27000,5.00000000,s,l,
1525857508.7576,729.56000,1.40312916,b,l,
1525885757.3192,757.49000,80.82043273,s,l,
1525812444.7796,741.66000,0.39305558,b,l,
1525812445.1175,741.97000,0.87000000,b,l,
1525943518.7681,761.50000,11.90686224,b,l,
1525880872.9812,749.00000,6.00000000,b,m,
1525854040.6162,717.44000,0.07463514,s,l,
1525943521.5507,762.14000,0.02100000,b,l,
1525858253.0881,731.31000,0.98200000,s,l,
1525927118.8294,763.43000,13.83000000,b,m,
1525784086.3953,737.26000,0.12309037,b,m,
1525812455.229,742.35000,0.08001408,b,l,
1525877992.3841,748.00000,0.00537261,b,l,
1525782396.442,729.99000,3.04744226,s,l,
1525858231.6653,731.30000,0.13040664,s,l,
1525836404.8358,720.45000,7.70000000,s,m,
1525970857.5155,762.85000,0.02100000,b,l,
1525884751.1345,750.89000,8.49440226,b,l,
1525812426.565,740.93000,5.00000000,b,l,
1525904695.1657,751.62000,0.00000005,b,l,
1525899690.1408,740.96000,0.32371274,b,l,
1525962624.1893,761.76000,0.05000000,s,l,
1525873503.0256,747.22000,3.56513894,s,m,
1525812484.8121,742.98000,0.07679993,b,m,
1525878023.1249,748.00000,7.96892525,b,l,
1525878024.9117,749.28000,0.72950000,s,l,
1525878025.5681,749.28000,2.72222094,s,l,
1525878026.3298,749.28000,3.93884344,s,l,
1525965512.5917,760.00000,10.00000000,b,m,
1525886597.0995,758.08000,0.88454199,b,l,
1525943569.2989,762.49000,0.15910000,b,l,
1525951914.7409,755.90000,0.02600000,s,m,
1525972611.1878,745.92000,0.30000000,b,m,
1525812500.9952,742.99000,4.39088424,b,l,
1525812501.0314,742.99000,20.00000000,b,l,
1525878039.7972,747.78000,0.02600000,b,m,
1525878043.1116,747.79000,3.43974819,b,l,
1525812510.8057,743.84000,0.03870598,b,m,
1525943588.2345,762.49000,1.22534279,b,l,
1525878053.3137,747.78000,0.28012591,b,l,
1525878056.6406,747.77000,0.02200000,b,l,
1525812523.9994,743.84000,0.93906000,b,m,
1525812524.009,743.84000,0.79060000,b,m,
1525905678.4196,755.00000,0.44733078,b,m,
1525974349.2009,739.73000,0.00764327,s,m,
1525878065.9035,748.77000,0.14006295,b,l,
1525759536.8787,748.66000,1.60000000,s,m,
1525973555.1518,738.40000,1.50000000,s,l,
1525766574.6011,759.00000,0.20433597,b,l,
1525964633.5743,754.50000,4.96487001,s,m,
1525878076.2148,748.77000,0.02200000,b,l,
1525878078.2622,748.09000,0.06695098,s,m,
1525878079.7839,748.77000,0.07003148,b,m,
1525973889.8587,742.69000,5.00000000,s,l,
1525918944.8215,753.20000,0.09518692,b,m,
1525943621.4555,762.74000,0.02500000,b,l,
1525787873.4682,728.71000,0.28638050,s,m,
1525878088.9936,748.78000,0.03501574,b,l,
1525831564.8589,743.09000,0.02200000,b,l,
1525825178.5865,741.00000,0.03439923,s,m,
1525796571.4903,733.39000,0.06859413,s,l,
1525834249.7358,729.00000,5.00000000,s,m,
1525874637.3135,742.85000,0.27439951,b,m,
1525922157.7469,754.56000,0.33083148,s,m,
1525834225.5018,730.04000,0.28639959,s,m,
1525884417.2629,749.82000,0.02300000,b,l,
1525858230.6588,731.71000,1.99800000,s,l,
1525943641.5319,761.79000,0.09700000,s,l,
1525812571.2408,743.81000,0.52852440,b,m,
1525878108.3741,747.47000,0.66667555,b,l,
1525943645.0813,761.78000,0.09663028,s,l,
1525976968.3079,736.39000,1.30027421,b,m,
1525886181.0178,760.28000,6.43428547,b,l,
1525875259.7684,742.00000,0.49242084,b,l,
1525943655.5429,762.10000,0.59805039,b,m,
1525960789.4647,765.81000,0.04487603,b,l,
1525768758.5972,755.58000,9.97902793,b,l,
1525875261.1975,742.00000,2.05938500,b,l,
1525867527.3175,750.40000,0.76517293,s,l,
1525973913.0512,743.39000,0.32953283,b,m,
1525857662.6744,730.18000,0.02200000,b,m,
1525883688.707,749.10000,1.50000000,b,m,
1525943668.8438,761.24000,1.00000000,s,l,
1525942321.9055,761.32000,1.00000000,s,l,
1525820649.3671,754.00000,1.37200000,b,l,
1525899549.4128,742.13000,2.33669922,s,l,
1525973891.7652,742.90000,0.05520594,b,l,
1525781439.5006,724.00000,0.96941750,b,l,
1525878143.7902,747.43000,0.02200000,b,m,
1525791742.6682,732.65000,0.02100000,b,m,
1525848692.6798,715.01000,5.95295295,b,l,
1525932014.2098,756.85000,0.12400000,s,l,
1525778186.8404,735.60000,0.03000000,s,l,
1525878154.5474,747.00000,1.00000000,s,l,
1525969527.8756,762.00000,7.85082268,b,l,
1525878159.0817,747.50000,18.77128142,b,m,
1525812625.7587,743.79000,0.02934712,b,m,
1525892915.8185,746.77000,0.52106356,s,m,
1525842499.5681,719.21000,2.20300000,s,l,
1525950981.2899,759.38000,0.10000000,s,m,
1525830573.4968,742.46000,0.02200000,b,l,
1525793095.0641,730.19000,0.29271324,s,m,
1525975677.3593,735.59000,0.06797265,s,m,
1525973572.0896,738.60000,1.07808711,s,m,
1525787887.6282,729.00000,0.23156200,b,l,
1525812636.785,743.80000,1.20000000,b,m,
1525897114.9345,754.01000,0.54463720,s,l,
1525858606.4326,729.80000,0.37300000,s,l,
1525888721.7609,749.97000,0.02300000,b,m,
1525972604.4254,746.63000,0.98365270,s,l,
1525795325.457,734.75000,0.00000105,b,l,
1525878188.2624,748.42000,0.02545573,b,m,
1525885556.0939,755.00000,0.04100000,b,m,
1525775329.9587,745.30000,0.00775000,s,l,
1525816398.6593,747.00000,0.64913315,b,m,
1525885691.36,757.50000,19.00000000,b,l,
1525812659.1689,743.10000,5.00000000,s,l,
1525943732.4729,761.07000,1.00000000,b,l,
1525939447.4398,765.54000,0.13000000,b,m,
1525842505.8137,718.90000,0.66090755,s,m,
1525973893.6752,742.40000,2.87099961,s,m,
1525929578.6909,765.39000,0.02500000,b,m,
1525878203.4083,748.42000,0.16124743,b,l,
1525776970.8121,746.12000,0.02200000,b,l,
1525866547.302,739.55000,0.19382345,s,m,
1525812406.2545,740.40000,0.20000000,s,m,
1525832504.6451,736.93000,0.30600000,s,m,
1525836411.3834,721.58000,0.10000000,b,m,
1525886198.0534,760.41000,0.02500000,b,m,
1525768346.7043,757.75000,0.02400000,b,l,
1525917065.0758,754.60000,7.16092572,s,m,
1525776972.3104,746.58000,0.02300000,b,l,
1525927394.847,762.20000,2.82828736,b,l,
1525878220.0491,748.42000,0.03431733,b,m,
1525804589.2236,746.91000,0.04698219,b,m,
1525803262.212,730.10000,10.00000000,s,l,
1525972698.8417,742.23000,1.87300000,s,l,
1525973787.0701,740.10000,1.50000000,s,l,
1525760671.8935,755.36000,0.34077873,b,l,
1525812695.1376,740.50000,0.22885872,s,m,
1525943768.0463,760.99000,2.76196196,b,l,
1525943769.6309,760.99000,0.32642643,b,l,
1525817943.1633,752.95000,0.04800000,b,m,
1525759080.542,749.87000,3.50992632,b,l,
1525946610.9268,762.10000,0.81080204,s,l,
1525878245.8171,748.80000,0.06252885,b,m,
1525813966.6197,741.00000,8.07172450,b,m,
1525859967.7001,728.79000,0.07500000,b,m,
1525840345.4976,717.12000,13.90900000,s,l,
1525869696.3891,748.83000,0.03000000,b,l,
1525826394.0681,745.17000,4.11238210,b,l,
1525920228.3641,755.65000,0.02000000,b,l,
1525840777.3332,719.38000,0.21743142,s,m,
1525812722.5404,742.41000,0.02693385,b,l,
1525812723.7989,741.41000,0.00534370,s,m,
1525882809.7353,749.99000,5.00000000,b,m,
1525878263.2075,748.80000,0.00200000,b,m,
1525852581.2429,716.98000,0.17000000,s,l,
1525878265.3855,748.84000,0.02600000,b,m,
1525770945.2994,750.97000,0.39277857,b,m,
1525956785.5954,760.66000,0.02300000,b,m,
1525812733.3706,740.61000,3.00000000,s,m,
1525835996.6761,719.00000,1.35889674,b,l,
1525886208.6462,760.43000,2.13959085,b,m,
1525925849.7653,756.45000,0.01100000,b,l,
1525973590.0669,739.18000,1.36131810,b,l,
1525833523.9759,731.00000,0.55997285,b,l,
1525878282.9135,747.86000,0.02545573,s,m,
1525878285.8982,747.89000,0.05385913,s,m,
1525864365.2523,741.00000,0.00093828,b,l,
1525880520.453,749.00000,0.79022474,b,l,
1525866984.4893,740.68000,0.03196800,b,m,
1525886211.5773,760.29000,2.65850936,s,l,
1525773912.0503,740.23000,0.07067689,s,l,
1525818740.2272,753.64000,1.00000000,s,l,
1525908057.3355,749.76000,0.43047626,s,l,
1525781440.0863,725.28000,8.49440226,b,l,
1525811555.7314,746.79000,5.00000000,s,l,
1525845143.8574,719.01000,0.78256495,s,l,
1525878304.131,748.73000,0.07931486,b,m,
1525894552.9287,747.19000,0.02200000,b,l,
1525943844.2249,760.11000,0.24600000,s,l,
1525886214.0751,760.42000,0.02000000,b,m,
1525943850.2945,759.40000,1.64183407,s,m,
1525846482.7199,723.46000,0.67000000,b,l,
1525920231.2127,756.21000,0.04951016,s,l,
1525797134.4434,735.00000,10.00000000,s,l,
1525841999.5842,722.69000,0.02100000,b,l,
1525943861.1792,760.97000,0.50000000,b,m,
1525812791.1393,742.33000,1.00000000,b,m,
1525853450.6986,718.29000,1.32834104,b,l,
1525943870.4956,759.76000,1.00000000,b,l,
1525772979.192,735.70000,4.99972421,b,l,
1525856946.603,727.26000,0.10000000,s,m,
1525878339.0203,748.69000,0.02200000,b,m,
1525972960.2583,739.96000,2.72159576,b,l,
1525776993.2728,746.12000,1.00000000,s,l,
1525864835.5213,741.53000,0.00144137,s,l,
1525943884.5189,760.50000,0.12191843,s,l,
1525886221.9951,760.41000,0.02000000,b,l,
1525974280.2714,736.75000,0.22349911,s,l,
1525897144.6678,754.00000,0.97600000,b,l,
1525879205.0894,745.99000,4.83776871,b,l,
1525896663.7798,752.42000,7.70000000,b,l,
1525958189.7191,761.83000,0.02000000,b,l,
1525943895.8688,760.94000,1.31294974,b,l,
1525792629.5992,731.65000,1.59606832,s,l,
1525835998.9794,718.99000,8.42700000,s,l,
1525943901.1884,760.93000,0.08820543,b,l,
1525973605.9003,740.26000,0.02600000,b,m,
1525878368.3953,748.64000,0.04210000,b,m,
1525972432.8685,753.00000,1.64974882,s,l,
1525864660.3045,742.80000,0.03878143,b,m,
1525831611.8021,743.53000,0.02600000,b,m,
1525760322.6108,754.75000,0.02400000,b,l,
1525803263.748,728.35000,0.00476350,s,m,
1525820689.3613,753.75000,0.03000000,b,m,
1525773900.5894,741.20000,0.73714715,b,l,
1525844644.4465,716.72000,0.06967982,b,l,
1525856831.9275,729.14000,0.91476816,b,l,
1525778454.2272,734.82000,4.99993424,b,m,
1525812856.3364,742.35000,0.49445160,b,m,
1525968421.029,761.00000,12.15521923,b,l,
1525875306.8284,742.00000,0.13257844,b,m,
1525795223.0445,734.93000,0.02828513,s,l,
1525856510.8007,726.22000,6.96817060,s,m,
1525804578.9185,746.60000,0.10847700,s,l,
1525792352.9931,734.71000,0.28663708,s,l,
1525888792.0392,751.21000,0.02000000,b,m,
1525970516.2344,761.13000,13.50000000,s,m,
1525864387.0946,741.44000,1.00000000,s,m,
1525863431.7836,738.00000,0.10000000,b,m,
1525771932.4486,743.67000,0.03000000,s,l,
1525760039.7344,755.18000,0.98000000,b,m,
1525812891.9824,742.35000,1.80000000,b,l,
1525784044.975,737.00000,0.50000000,b,l,
1525912381.132,756.36000,0.04800000,b,m,
1525975928.346,737.39000,0.00042971,s,m,
1525943972.8487,760.93000,0.06461353,b,l,
1525941167.5406,763.66000,0.07622773,s,m,
1525912888.694,757.89000,0.02300000,b,m,
1525836390.3212,719.46000,11.16200000,s,m,
1525761662.3927,754.98000,0.13605120,b,m,
1525870888.1077,744.00000,0.39675856,b,l,
1525960565.0527,763.20000,0.03700000,b,l,
1525938985.1653,764.36000,0.45820750,b,l,
1525853469.5358,718.30000,1.50000000,s,m,
1525899549.6443,740.00000,0.27666081,s,m,
1525871786.8716,744.03000,0.09511609,s,m,
1525876404.3183,744.43000,7.70000000,s,m,
1525891102.5023,750.12000,4.53900000,s,l,
1525777012.3866,745.91000,0.27336126,s,l,
1525834237.6628,730.00000,1.10000000,s,l,
1525864394.6155,741.40000,2.49034486,s,m,
1525976084.9476,734.48000,1.49500000,s,l,
1525878463.327,748.57000,1.63608997,b,l,
1525838616.9329,715.00000,0.67850728,s,m,
1525912033.6657,761.00000,9.37194024,b,m,
1525824681.5147,744.21000,2.29114140,s,m,
1525878471.1568,747.33000,0.50000000,s,m,
1525778042.7019,739.98000,2.65046725,s,m,
1525912799.7403,756.92000,5.00000000,s,m,
1525944019.2693,760.94000,0.07311752,b,l,
1525812948.7714,741.01000,0.13350949,s,m,
1525864398.5547,741.44000,0.00367515,s,m,
1525970857.5066,762.84000,0.02000000,b,l,
1525901888.4755,744.82000,3.60000000,s,l,
1525893090.1951,746.47000,0.02374383,s,m,
1525915135.7678,755.29000,7.70000000,s,l,
1525812959.9977,741.57000,1.00000000,b,l,
1525885439.1099,751.00000,1.00000000,b,m,
1525812963.3447,740.18000,0.15858721,s,l,
1525812964.2348,740.02000,0.02000000,s,m,
1525818478.1704,754.28000,0.97307553,b,m,
1525788411.5498,732.63000,0.17000850,s,l,
1525812969.9426,740.01000,1.00000000,s,l,
1525839542.9938,719.40000,14.00000000,b,m,
1525871337.5308,744.56000,1.00000000,s,l,
1525907467.496,748.50000,0.00000272,s,m,
1525812973.5158,740.11000,0.16000000,s,l,
1525908093.4943,748.97000,0.07000000,s,l,
1525869155.6289,749.05000,2.94172386,s,l,
1525842558.4679,718.94000,0.52204200,b,l,
1525833523.8872,731.00000,0.02600000,b,l,
1525812984.9497,740.13000,0.47000000,s,l,
1525949392.7161,762.63000,0.04554676,s,m,
1525940863.8476,764.00000,2.11438725,b,l,
1525812989.1246,740.11000,0.01557027,s,l,
1525841328.351,721.56000,0.04900000,b,m,
1525842560.9656,718.94000,0.13479968,b,l,
1525853483.8125,718.54000,37.44461000,b,l,
1525973633.5725,741.91000,0.02600000,b,m,
1525821146.2439,754.98000,0.76160353,b,m,
1525783701.062,731.76000,0.65159057,b,m,
1525842562.4546,719.58000,0.03072082,s,l,
1525874499.4115,742.07000,0.00000322,s,l,
1525851710.8544,720.24000,1.61100000,s,l,
1525944084.9067,760.94000,1.36941320,b,l,
1525813014.3777,740.14000,0.06892713,s,m,
1525836088.0717,723.46000,24.91188831,b,m,
1525835125.4095,724.00000,1.16212956,s,m,
1525813022.5673,740.01000,4.56892713,s,l,
1525973637.8113,740.84000,0.00001449,s,l,
1525787952.6111,728.28000,5.00000000,s,m,
1525813029.0111,740.03000,1.80000000,s,m,
1525840613.6591,719.44000,13.91500000,b,m,
1525813032.6132,740.00000,0.00600000,s,m,
1525813033.3112,740.00000,0.10000000,s,m,
1525809030.1727,746.85000,1.00000000,b,l,
1525835998.9843,718.98000,0.50000000,s,l,
1525878573.5252,747.70000,0.83145878,s,l,
1525778282.4923,733.90000,6.00000000,s,m,
1525813040.0063,740.00000,0.07000000,s,m,
1525813042.8513,741.00000,2.42799311,b,m,
1525783701.0719,732.60000,4.62663060,b,m,
1525759183.6297,751.80000,0.75000000,b,m,
1525878583.716,747.05000,0.40229147,s,m,
1525926316.9793,759.00000,50.00000000,b,l,
1525858257.7703,731.74000,0.99400000,s,l,
1525912542.9172,760.48000,0.04900000,b,m,
1525813058.5728,740.00000,14.90454554,s,l,
1525829877.4387,742.34000,0.04900000,b,l,
1525844803.2985,718.69000,7.70000000,b,l,
1525972620.2712,745.00000,0.46731272,s,m,
1525777036.5066,745.10000,5.49400000,s,l,
1525886263.1009,760.42000,4.15551430,b,m,
1525831650.7201,743.75000,2.57614110,s,l,
1525791805.1357,734.38000,0.02200000,b,m,
1525837489.6834,726.39000,0.17646112,b,m,
1525768331.8745,756.79000,0.03567272,b,l,
1525973646.8819,742.57000,0.66428640,b,m,
1525886107.3578,760.00000,1.49611621,s,m,
1525818575.8323,756.57000,0.82855461,b,l,
1525958211.0571,762.74000,2.18395004,b,l,
1525813083.4145,740.00000,0.80772592,s,l,
1525774332.433,744.84000,0.02200000,b,m,
1525944162.1655,760.94000,1.15763093,b,l,
1525778358.0394,730.00000,1.19507840,b,l,
1525813096.3056,740.00000,2.00000000,s,l,
1525885858.927,758.00000,10.00000000,s,l,
1525932041.6688,756.87000,0.22794133,s,l,
1525887063.2448,757.08000,0.15556927,b,m,
1525813104.0245,740.00000,0.09974067,s,l,
1525878641.9033,747.52000,1.00000000,s,l,
1525858248.2704,731.72000,0.11999089,s,l,
1525886270.3444,760.28000,4.77822100,s,l,
1525761183.065,755.63000,1.00000000,s,l,
1525962729.885,761.68000,0.00559543,b,m,
1525788862.7375,732.55000,0.11630851,b,l,
1525929413.3524,765.56000,1.50000000,b,m,
1525959858.6832,763.54000,0.00006249,b,m,
1525813115.5689,739.50000,0.00830368,s,m,
1525813116.5221,739.40000,0.00000033,s,m,
1525795280.2623,734.80000,0.69676140,b,l,
1525779425.6792,732.00000,5.52663934,b,l,
1525793663.3467,732.18000,0.02600000,b,m,
1525863346.7069,736.77000,2.00000000,s,m,
1525781785.5495,725.33000,10.02574052,b,l,
1525864429.0418,742.34000,0.77690000,b,l,
1525918924.6194,752.99000,0.02300000,b,m,
1525858249.9072,731.71000,0.28461780,s,l,
1525969207.8084,761.50000,0.36657478,b,l,
1525831663.894,743.80000,0.01900000,b,l,
1525813149.5523,739.40000,0.05435221,s,l,
1525813151.4497,738.79000,6.00510957,s,l,
1525864432.7108,742.47000,0.20000000,b,m,
1525878692.701,748.26000,0.78114387,b,l,
1525777115.3974,744.93000,0.04700000,b,m,
1525944230.4282,760.09000,7.84347327,s,m,
1525798897.0214,732.49000,0.14988597,s,l,
1525868911.668,747.98000,0.02300000,b,m,
1525842588.9902,717.95000,1.17414680,s,l,
1525942056.8848,762.73000,0.29608392,b,m,
1525839054.846,713.51000,7.47700000,b,m,
1525813167.4791,738.79000,10.66672129,s,m,
1525858250.3222,731.71000,0.99600000,s,l,
1525973490.1162,736.69000,2.30538313,s,m,
1525813170.9247,738.79000,5.88250000,s,l,
1525895120.6152,748.98000,0.02200000,b,l,
1525842590.2959,717.52000,4.41141082,s,l,
1525849757.0581,721.01000,0.55000000,s,l,
1525813177.1056,738.80000,1.52304582,s,m,
1525779697.2198,732.01000,1.65433478,s,l,
1525878717.9622,746.08000,49.18341970,s,m,
1525878718.0009,745.40000,20.00000000,s,m,
1525977041.9142,734.64000,0.01704808,s,m,
1525863501.4115,739.00000,0.63507315,b,l,
1525827699.4631,741.24000,0.00000005,b,l,
1525768346.6681,757.70000,1.50000000,b,l,
1525813196.4901,739.80000,0.06736737,b,l,
1525973666.2343,743.74000,0.02200000,b,m,
1525849522.0957,720.62000,0.06799538,s,l,
1525899714.9052,740.98000,0.00000001,s,l,
1525934066.0991,757.57000,1.00000000,s,l,
1525878738.2761,747.76000,0.50000000,b,m,
1525813203.5096,739.01000,5.46200000,s,l,
1525813204.2772,739.80000,0.05000000,b,l,
1525914990.4274,754.41000,1.45645847,s,m,
1525813206.4475,739.01000,0.95000000,s,l,
1525858257.5373,731.74000,0.99400000,s,l,
1525761796.8236,753.90000,0.14489300,s,l,
1525932018.506,757.30000,1.50000000,b,l,
1525813215.5894,739.99000,0.09078386,b,m,
1525886288.1711,760.39000,0.02000000,b,m,
1525813219.5458,739.02000,3.00000000,s,m,
1525885147.9524,749.59000,0.24922970,s,l,
1525944293.4132,760.90000,10.65004909,b,l,
1525813222.7046,739.01000,0.20000000,s,m,
1525944295.3977,760.90000,19.02418307,b,l,
1525839979.2446,717.49000,7.88777024,b,l,
1525855834.6201,726.82000,0.02100000,b,m,
1525975663.8818,736.58000,0.89491344,s,m,
1525944300.7321,760.90000,7.52360824,b,l,
1525944302.1363,760.94000,0.72718103,b,m,
1525944303.0169,760.94000,7.71000000,b,l,
1525878768.1542,746.52000,0.13263767,s,m,
1525944306.0429,760.91000,1.00000000,b,l,
1525886291.5902,760.29000,0.04892869,s,l,
1525774460.3564,746.42000,0.02600000,b,m,
1525927308.4487,761.47000,0.12554561,s,l,
1525944313.9619,760.94000,32.85943681,b,l,
1525862617.6025,733.75000,0.03130000,s,l,
1525878781.5644,747.30000,0.29000000,b,l,
1525813247.5513,739.50000,0.50000000,s,l,
1525911324.2948,753.90000,13.60000000,b,l,
1525869164.5184,749.59000,0.03900000,b,m,
1525837908.0353,718.03000,1.99743729,s,m,
1525944325.1577,760.94000,10.00000000,b,l,
1525834248.2759,729.02000,5.24400000,s,l,
1525938694.2541,763.78000,2.00000000,b,m,
1525858253.1417,731.30000,0.48861780,s,l,
1525801619.2908,737.19000,5.00000000,s,m,
1525840795.603,720.82000,0.02400000,b,m,
1525944334.1714,760.93000,0.59914287,s,l,
1525973677.5358,741.80000,1.50000000,s,l,
1525973913.0485,743.38000,0.02300000,b,m,
1525858601.367,729.27000,0.37000000,s,l,
1525923636.8193,755.27000,0.02000000,b,m,
1525788421.976,732.08000,3.31143818,b,m,
1525939438.7895,764.48000,0.02500000,b,m,
1525930172.9252,766.97000,0.02400000,b,m,
1525795967.7892,738.00000,0.00000569,s,m,
1525812426.5752,741.00000,17.47282192,b,l,
1525878809.6003,745.21000,0.57423451,s,m,
1525762536.834,753.00000,1.00000000,b,l,
1525813276.7789,739.50000,0.00122324,s,l,
1525864453.6914,742.03000,0.42184305,s,m,
1525878816.4937,746.77000,0.08416644,b,l,
1525813281.5097,739.05000,0.10000000,s,l,
1525943362.1188,761.13000,0.09781453,s,m,
1525864454.8799,742.24000,0.00006400,b,l,
1525813291.3445,739.50000,0.50000000,b,m,
1525976137.8742,730.00000,0.10000000,s,m,
1525803266.0762,728.35000,10.96329901,s,l,
1525813295.2553,739.47000,1.00000000,b,m,
1525973683.9841,741.64000,2.00000000,s,l,
1525787998.6798,729.85000,1.00000000,b,l,
1525862619.985,733.86000,31.60298001,b,l,
1525883187.8972,750.80000,0.02000000,b,m,
1525967371.3751,759.17000,8.21394109,s,l,
1525760667.2897,754.71000,0.02400000,b,l,
1525878845.7217,744.82000,13.41200000,s,m,
1525857490.6226,729.56000,0.19900000,b,l,
1525960821.8007,765.80000,2.73565565,b,l,
1525966671.8725,760.47000,0.02000000,b,m,
1525813315.2586,739.50000,3.97721880,b,l,
1525813317.2623,739.50000,0.95020190,b,l,
1525813324.549,740.00000,15.01182528,b,l,
1525813326.457,740.00000,12.25763809,b,l,
1525759310.1163,748.59000,0.00016406,s,l,
1525974649.4723,740.49000,0.02532757,b,l,
1525813331.617,740.00000,0.08000000,b,l,
1525813332.0565,741.00000,0.00112770,b,m,
1525813336.3791,741.80000,0.00000005,b,l,
1525885409.5684,750.00000,0.00438070,b,m,
1525813339.0345,742.19000,0.30000000,b,m,
1525836000.5467,719.00000,1.23417942,b,l,
1525778317.561,732.98000,3.99600000,b,l,
1525973918.4032,742.69000,31.33068772,s,l,
1525834251.9172,729.04000,0.86000000,s,m,
1525813345.8595,742.10000,1.00000000,b,m,
1525789300.7369,732.60000,0.00000030,s,l,
1525858259.0453,731.74000,0.99600000,s,l,
1525870739.7375,746.65000,2.00000000,s,m,
1525836873.5727,725.69000,0.02115479,b,l,
1525951144.4195,757.25000,17.92935805,s,m,
1525816398.6429,747.00000,0.04842451,b,m,
1525838616.9476,714.50000,0.00000001,s,m,
1525842621.9509,715.55000,0.13000000,s,m,
1525853544.5008,718.54000,1.65182552,b,l,
1525856831.935,729.14000,3.96700000,b,l,
1525914913.8471,755.45000,0.02400000,b,l,
1525977849.304,740.25000,1.36000000,b,l,
1525813367.5579,743.29000,0.79800000,b,l,
1525878904.3838,745.87000,0.61500000,b,m,
1525813369.8446,743.26000,1.00000000,b,m,
1525851710.8465,720.42000,0.25075803,s,l,
1525973513.4378,736.11000,0.08584176,s,m,
1525888420.6348,749.48000,3.39185954,s,m,
1525825052.6177,744.16000,0.52999062,s,m,
1525858257.9723,731.74000,0.99300000,s,l,
1525886315.4685,758.83000,9.44600000,s,l,
1525813385.1654,744.31000,0.30600000,b,m,
1525835230.583,723.55000,0.28567815,b,m,
1525779696.3038,732.11000,7.70000000,b,l,
1525833523.8652,731.00000,3.20860543,b,l,
1525886317.062,758.00000,6.00000000,b,l,
1525886318.8572,758.00000,20.10559774,b,l,
1525835360.8437,717.50000,0.02700000,s,m,
1525809030.186,747.00000,0.20100000,b,l,
1525886319.3044,758.00000,0.90154192,b,m,
1525878943.9591,745.86000,0.00321586,b,l,
1525967371.3711,759.62000,5.00000000,s,l,
1525886320.1397,758.00000,18.74000000,b,l,
1525811536.307,745.33000,55.04800000,s,l,
1525770623.0323,753.81000,3.60002176,b,l,
1525973918.3955,742.70000,10.00000000,s,l,
1525886321.7894,758.00000,0.71360041,b,m,
1525901764.4528,745.70000,0.12276500,b,m,
1525779697.2244,732.01000,12.00000000,s,l,
1525930273.1206,766.35000,5.00000000,b,m,
1525813423.4215,742.81000,0.02000000,s,m,
1525899549.5156,740.10000,14.10000000,s,l,
1525842632.221,714.74000,2.62203512,s,m,
1525886323.0503,758.00000,0.09845808,b,m,
1525857973.9596,733.43000,55.00000000,b,m,
1525766174.5348,759.43000,0.06583885,s,l,
1525838897.4449,710.00000,10.00000000,s,l,
1525960825.8056,765.79000,0.02300000,b,m,
1525842899.3394,720.39000,0.04000000,b,l,
1525792279.4045,734.74000,0.00002210,s,m,
1525858259.4925,731.33000,0.98600000,s,l,
1525878975.9517,745.39000,0.98916644,s,l,
1525929413.2927,765.56000,2.51060788,b,m,
1525803267.2866,728.35000,2.96000000,s,l,
1525912691.0832,758.68000,125.58253100,b,m,
1525965190.8436,758.53000,0.00019682,s,l,
1525838619.7943,715.25000,3.68208066,b,l,
1525924515.5219,753.45000,5.12726915,s,m,
1525898413.3959,750.99000,0.00019971,b,l,
1525813455.2211,742.32000,0.34197544,s,m,
1525878994.8164,745.23000,0.40000000,s,l,
1525813460.1325,742.33000,3.69400000,s,l,
1525867508.858,749.99000,0.02000000,b,l,
1525779857.6479,728.70000,0.02000000,b,l,
1525870888.0691,744.00000,0.49700000,b,l,
1525781881.1534,723.66000,0.04000000,s,m,
1525908176.6403,747.40000,1.00000000,s,l,
1525781447.3251,725.76000,0.04300000,b,m,
1525927118.7819,763.43000,0.36315482,b,m,
1525879015.216,745.23000,0.29000000,s,l,
1525772556.0486,736.61000,0.08200000,s,m,
1525831719.9756,743.79000,5.00000000,b,l,
1525929413.1883,765.00000,0.10000000,b,l,
1525879022.5971,745.66000,0.31182850,b,l,
1525879023.1845,745.72000,0.29710847,b,l,
1525835360.9095,715.02000,7.25134614,s,m,
1525831720.0065,744.80000,13.40000000,b,l,
1525836001.1014,719.00000,20.00000000,b,l,
1525879027.8192,745.98000,0.68780900,b,l,
1525804504.0858,746.00000,2.87349196,s,l,
1525879029.4279,745.98000,0.57033923,b,l,
1525831721.4457,743.79000,5.00000000,b,l,
1525772918.3948,735.81000,0.09640000,s,l,
1525879034.9272,745.97000,0.96297431,b,l,
1525901032.8326,743.00000,2.28589868,s,l,
1525879036.7633,745.98000,0.68521410,b,m,
1525867632.2786,750.40000,0.98284321,s,m,
1525879038.9777,745.96000,1.04067658,b,l,
1525773153.5535,740.59000,0.02300000,b,m,
1525851719.8475,720.68000,0.99905104,b,l,
1525766187.2237,758.62000,0.00000020,s,l,
1525813508.4319,741.93000,0.16886887,b,l,
1525779700.6517,731.21000,0.13200000,s,l,
1525835043.8643,725.00000,0.56500000,s,m,
1525862626.1449,734.13000,0.02600000,b,l,
1525879050.8452,745.98000,0.14787473,b,m,
1525877810.6184,746.64000,0.25367987,s,m,
1525915435.1602,757.46000,6.28700000,b,m,
1525961294.2732,761.78000,15.17689431,s,l,
1525842649.1325,715.63000,0.38075360,b,l,
1525967375.5899,759.00000,42.41556955,b,l,
1525886340.4815,758.00000,16.52133266,b,l,
1525879910.1154,747.32000,0.02300000,b,l,
1525862028.9106,731.79000,0.19378095,b,l,
1525842650.2314,716.58000,1.18736699,b,m,
1525817234.4137,749.23000,2.00000000,s,m,
1525886341.765,758.00000,9.29400000,b,l,
1525777115.4087,745.00000,0.94465701,b,m,
1525886342.5308,758.00000,0.82360000,b,l,
1525812435.5807,741.29000,3.00124938,b,l,
1525813543.7853,741.80000,0.00287137,s,l,
1525779263.8965,732.00000,0.40000000,s,l,
1525785637.5631,737.22000,0.11098059,s,l,
1525857430.0244,728.56000,0.03920000,b,l,
1525879085.9362,745.94000,0.31431376,b,l,
1525956603.5314,760.00000,5.80621006,b,m,
1525886344.9572,758.00000,7.84600000,b,l,
1525842654.7567,717.09000,0.90100000,b,l,
1525858263.6192,731.34000,0.98500000,s,l,
1525882576.2451,747.61000,1.73802711,s,l,
1525771407.7846,745.67000,1.00000000,b,m,
1525759864.0213,753.58000,0.17000000,b,l,
1525879102.5437,745.23000,0.34624968,s,m,
1525879103.3896,745.92000,0.57497144,b,l,
1525879104.1386,745.92000,0.66775200,b,l,
1525836438.9164,720.61000,0.61000000,s,m,
1525879106.0664,745.93000,1.54400000,b,l,
1525951883.7342,758.44000,0.00000026,b,m,
1525857491.0154,729.14000,0.66400000,b,l,
1525879110.2493,745.98000,0.43504300,b,l,
1525794978.9763,734.54000,0.02200000,b,l,
1525879112.5201,745.98000,1.85192100,b,l,
1525879114.7589,745.99000,0.82752500,b,l,
1525879115.7126,745.99000,5.26969000,b,l,
1525794617.7739,735.29000,0.00003948,b,l,
1525960830.904,765.10000,0.93726230,s,l,
1525879123.1411,745.99000,0.66767900,b,l,
1525879124.4477,745.99000,0.66768000,b,l,
1525788046.2324,728.64000,1.14804598,b,l,
1525899727.3538,741.15000,10.00000000,s,l,
1525773153.5585,740.87000,0.06852145,b,m,
1525791022.1884,730.40000,0.07096616,s,m,
1525774332.4806,746.12000,6.78846205,b,m,
