time,price,volume,buy_or_sell,market_or_limit,misc
1525771917.8679,744.60000,1.50000000,s,l,
1525776387.2107,744.56000,5.41366747,s,l,
1525795975.5901,735.40000,1.05327237,b,m,
1525792773.5884,731.93000,7.05039265,s,l,
1525776390.9407,744.65000,2.70656177,s,l,
1525779857.6689,728.70000,0.05686495,b,l,
1525776392.5846,744.65000,2.90521142,s,l,
1525772555.8414,739.73000,0.05000000,s,m,
1525760011.1031,754.98000,0.00000011,b,m,
1525779263.8828,732.03000,2.55000000,s,l,
1525786935.5224,735.01000,0.02100000,b,m,
1525760014.82,755.58000,0.11923846,b,m,
1525776399.3796,744.74000,0.71000000,s,l,
1525779118.9079,730.99000,0.06840039,s,l,
1525791018.0984,733.00000,0.90369219,s,l,
1525779343.4528,733.01000,5.00000000,s,l,
1525798765.5284,732.50000,0.02200000,b,l,
1525805743.6697,746.98000,0.02300000,b,l,
1525792773.6102,731.93000,2.94960735,s,l,
1525776417.544,744.76000,1.18364130,s,l,
1525783375.1793,729.53000,0.00076946,s,l,
1525806427.6693,747.00000,0.00000196,b,l,
1525765917.0511,759.47000,0.02000000,b,m,
1525776421.3135,744.76000,0.13151600,s,l,
1525760039.7344,755.18000,0.98000000,b,m,
1525798236.8679,733.60000,0.00001272,s,l,
1525760044.9316,755.17000,0.13601706,b,m,
1525802129.6661,734.93000,0.10000000,s,m,
1525792815.5714,731.98000,0.27385938,s,l,
1525788682.8919,730.01000,2.65500000,s,l,
1525796602.5056,733.13000,0.03869815,s,l,
1525773662.907,743.49000,0.02490000,s,l,
1525776438.3798,744.76000,0.20000000,s,l,
1525804995.4982,746.43000,2.75400000,b,m,
1525795054.6719,734.42000,7.89700000,s,m,
1525760671.9062,755.36000,0.02000000,b,l,
1525776442.7499,744.76000,0.14794000,s,l,
1525778734.1318,732.12000,5.55494200,s,l,
1525776445.5203,744.77000,0.16700000,b,m,
1525776447.5889,744.77000,0.31500000,b,l,
1525776448.4669,745.00000,1.00000000,b,l,
1525799743.8486,734.04000,0.02500000,b,l,
1525792834.9832,732.37000,0.14983699,b,l,
1525776395.53,744.60000,5.00000000,s,m,
1525770953.0806,750.98000,0.02400000,b,m,
1525792837.545,732.71000,0.94589001,b,l,
1525792838.9674,732.80000,25.32161955,b,l,
1525800402.8519,741.00000,0.54729225,s,l,
1525776459.6638,744.90000,0.80999999,s,l,
1525760076.3003,754.98000,0.02400000,b,m,
1525789445.5372,734.28000,0.02100000,b,m,
1525776462.3013,745.01000,0.07081200,s,l,
1525776463.2063,745.00000,0.90678256,s,l,
1525776466.6093,745.02000,0.98432166,s,l,
1525792852.3832,732.78000,0.06823330,s,l,
1525794288.0634,731.39000,0.02100000,b,l,
1525776470.2579,745.03000,0.22600000,s,m,
1525801926.8235,737.92000,0.02100000,b,m,
1525783768.5555,737.00000,2.00000000,b,l,
1525784591.409,735.25000,0.01243013,b,l,
1525776477.4834,745.30000,0.02000000,b,l,
1525783377.2822,729.52000,1.61713976,s,l,
1525798245.1936,733.98000,0.02200000,b,m,
1525776481.0167,745.30000,0.00300000,b,l,
1525792866.3425,733.70000,0.30000000,b,m,
1525787323.9862,731.72000,0.02730700,b,m,
1525760100.7271,754.96000,0.02399994,b,l,
1525765478.2173,759.98000,0.97600000,b,m,
1525769888.1948,759.38000,0.02000000,b,l,
1525760103.0468,754.97000,0.02400000,s,l,
1525779263.8803,732.07000,5.00000000,s,l,
1525781863.1895,724.98000,0.48477489,b,m,
1525800290.7399,738.59000,0.01400000,b,m,
1525769199.0701,757.19000,0.02400000,b,l,
1525792884.8246,732.82000,0.88819046,s,l,
1525803710.5909,733.98000,0.02200000,b,l,
1525784469.9798,736.00000,0.77258527,s,m,
1525804655.4316,743.00000,1.62279315,s,m,
1525803750.7782,732.71000,5.00000000,s,l,
1525768346.7185,757.80000,0.02000000,b,l,
1525767014.2723,759.45000,0.44628526,b,l,
1525787328.7812,730.90000,0.20115041,s,m,
1525792899.3012,733.60000,1.50000000,b,m,
1525760132.7371,754.99000,0.02400000,b,l,
1525773987.5438,741.18000,0.11273619,b,m,
1525770945.294,750.00000,0.00076038,b,m,
1525781526.9551,727.95000,0.02100000,b,l,
1525779014.7034,731.00000,9.49200000,b,l,
1525787330.912,731.00000,0.63281303,b,l,
1525792680.9137,732.79000,0.17777498,b,m,
1525760230.7756,754.34000,0.74750000,s,m,
1525776530.5982,745.80000,0.00775000,b,l,
1525787331.5721,731.00000,3.03948498,b,l,
1525795056.3883,735.56000,6.00000000,b,l,
1525806311.1984,747.96000,0.02300000,b,m,
1525759536.8917,748.00000,1.00000000,s,m,
1525760151.3329,755.41000,0.03515629,b,m,
1525760152.2794,755.75000,1.00000000,b,m,
1525784723.1118,739.45000,0.02600000,b,m,
1525760154.7388,755.75000,0.51755628,b,m,
1525778292.0241,732.00000,0.00767975,s,l,
1525760156.9946,757.00000,0.02000000,s,l,
1525760158.1646,757.00000,0.49603941,s,l,
1525760159.3349,757.00000,7.70000000,s,l,
1525760161.0433,757.00000,8.05130156,s,l,
1525760162.3577,757.00000,5.19331555,s,l,
1525760163.0206,757.00000,2.00000000,b,m,
1525776287.4156,743.19000,3.00124938,b,l,
1525784920.8026,738.44000,13.51400000,s,m,
1525783925.2685,735.25000,1.00000000,b,m,
1525776552.4418,746.05000,0.02300000,b,m,
1525780472.0795,732.09000,1.00000000,s,m,
1525779015.5261,731.00000,0.16486486,b,l,
1525766187.2189,758.62000,0.02992220,s,l,
1525774332.4637,746.00000,2.00000000,b,m,
1525775012.0579,751.90000,10.00000000,b,m,
1525790472.1867,732.89000,0.02164698,b,m,
1525768346.7098,757.76000,0.04800000,b,l,
1525783744.7569,735.25000,1.30524541,b,m,
1525760180.7063,756.30000,1.50000000,b,m,
1525778283.491,732.32000,0.12416044,s,m,
1525770953.0733,750.97000,4.60722143,b,m,
1525776568.3105,746.00000,0.05000000,s,l,
1525773684.38,744.00000,0.25000000,b,l,
1525791018.0911,733.00000,15.57700000,s,l,
1525760158.1409,757.00000,6.16932728,s,l,
1525796701.2438,734.92000,2.29830461,b,l,
1525773685.2476,744.00000,1.25000000,b,l,
1525776576.7304,746.00000,0.18000000,s,l,
1525785017.8995,740.97000,0.52600000,b,l,
1525783926.1472,735.01000,0.85701000,s,l,
1525776582.0469,746.44000,0.04775220,b,m,
1525779016.2454,730.96000,5.00000000,b,l,
1525795532.585,732.60000,0.13827500,s,l,
1525786055.112,731.70000,5.77245715,b,l,
1525792972.3872,732.21000,0.06828642,s,l,
1525792973.1643,732.01000,0.97335798,s,l,
1525804743.1887,745.60000,5.00000000,s,l,
1525760207.2925,756.29000,0.04800000,b,l,
1525760208.7063,755.25000,1.00000000,s,m,
1525770376.3739,755.86000,0.12903704,b,m,
1525776595.7387,746.59000,0.02000000,b,l,
1525807277.6155,746.16000,0.00006355,b,m,
1525779562.2493,733.26000,8.56200000,s,l,
1525792982.0314,730.92000,0.31978232,s,l,
1525792983.5429,730.55000,0.02828513,s,l,
1525794838.3759,733.26000,0.44000000,s,l,
1525786109.9912,732.81000,0.02524350,b,l,
1525776358.1183,744.51000,0.02200000,b,m,
1525800403.2671,741.06000,0.99906281,b,m,
1525792991.3194,730.00000,4.50000000,s,m,
1525779152.6438,730.00000,1.10000000,s,l,
1525760226.3037,755.17000,0.09168956,s,m,
1525760230.7688,754.66000,6.99000000,s,m,
1525795384.7041,734.07000,0.00012360,s,m,
1525793002.1283,730.00000,0.00600000,s,m,
1525760039.6968,755.18000,1.00000000,b,m,
1525793663.794,731.50000,0.75439123,s,l,
1525793005.6168,730.01000,0.05000000,s,m,
1525805969.5188,746.76000,0.42660824,b,m,
1525760239.6585,756.26000,0.30000000,b,m,
1525793008.2729,731.39000,0.37609620,b,l,
1525793009.4887,731.39000,1.50000000,b,l,
1525781358.6176,722.80000,0.07200000,s,m,
1525793011.0531,731.39000,1.38000000,b,l,
1525760245.2461,754.81000,0.09173329,s,l,
1525778472.0159,736.15000,10.80539794,b,l,
1525760248.0878,754.58000,0.08438552,s,l,
1525786110.0282,732.99000,0.02600000,b,l,
1525798658.058,731.20000,0.56800000,s,l,
1525798765.5206,732.07000,0.02100000,b,l,
1525759923.8281,753.64000,0.02490088,b,l,
1525780005.0991,729.70000,10.35175887,s,l,
1525759796.0203,752.43000,0.02300000,b,m,
1525787684.8964,729.95000,0.08100000,b,m,
1525760260.1343,753.12000,9.87029489,s,l,
1525760261.9275,754.40000,0.69668644,b,l,
1525804130.8373,738.47000,3.44579249,b,l,
1525804986.1374,746.45000,0.00000005,b,m,
1525789019.6937,729.93000,7.41300000,s,m,
1525784620.7712,735.91000,1.13290067,b,l,
1525776651.3907,746.00000,0.39000000,s,l,
1525784621.9387,735.92000,1.13251695,b,l,
1525776657.5898,746.00000,0.38000000,s,l,
1525760275.6834,754.09000,3.14266225,b,l,
1525770945.2994,750.97000,0.39277857,b,m,
1525772768.8157,738.20000,1.50000000,s,m,
1525776662.3869,745.46000,0.05946872,s,l,
1525776664.8786,746.02000,0.02200000,b,l,
1525778354.6998,732.72000,17.52200000,s,l,
1525792815.4739,732.20000,1.50000000,s,l,
1525793053.7128,731.31000,0.13913197,s,l,
1525775200.4691,747.69000,0.94258099,b,m,
1525803450.7936,733.96000,0.70866883,b,m,
1525761561.3776,754.01000,0.31366200,b,l,
1525773702.6592,744.00000,0.24524525,b,l,
1525788461.0689,730.05000,7.99200000,s,m,
1525776679.3432,746.25000,1.00000000,b,m,
1525773018.4557,736.99000,0.00000005,b,l,
1525804097.1284,737.00000,29.94735972,b,l,
1525760304.6708,753.18000,0.17969305,s,m,
1525791022.1849,730.65000,0.48868114,s,m,
1525776693.036,745.49000,0.02067930,s,l,
1525778472.9551,736.15000,0.92069945,b,l,
1525760311.4274,753.90000,1.50000000,b,l,
1525760312.6814,753.89000,0.02000000,b,l,
1525759925.4429,753.64000,0.05559075,b,l,
1525760314.0008,753.87000,0.03800000,b,l,
1525760315.2793,753.98000,0.03722927,b,l,
1525760317.7222,754.09000,0.06200000,b,l,
1525781769.939,723.97000,0.06818138,s,m,
1525760319.9732,754.40000,0.03628011,b,l,
1525803496.1839,731.01000,0.32476820,s,m,
1525778452.1433,733.00000,2.01527820,b,l,
1525760322.6108,754.75000,0.02400000,b,l,
1525806475.2698,747.31000,1.43686420,s,m,
1525778688.353,732.00000,4.93705514,b,l,
1525773019.9151,738.00000,9.97500000,b,l,
1525793095.0984,730.00000,2.10556406,s,m,
1525769142.7458,756.75000,0.02000000,b,l,
1525804907.4959,745.18000,0.19789328,b,m,
1525776715.0002,745.52000,0.44949817,s,l,
1525788320.4542,733.50000,1.88000000,b,m,
1525784748.8559,739.98000,0.02200000,b,m,
1525806974.005,746.57000,0.15823704,s,m,
1525778292.2147,730.63000,2.75970900,s,l,
1525804639.2309,744.60000,0.05321716,b,m,
1525773711.7009,743.99000,0.46144235,b,l,
1525805423.2549,746.55000,0.04600000,b,l,
1525792826.9263,732.74000,0.05410999,b,l,
1525774332.4356,745.00000,18.00000000,b,m,
1525798245.2122,734.40000,0.09264978,b,m,
1525793575.3477,732.40000,1.02979274,b,l,
1525760355.4463,755.10000,9.93309966,s,l,
1525779127.9714,730.30000,1.23090000,s,l,
1525803750.7753,732.72000,0.11600370,s,l,
1525790327.1798,732.27000,0.20335940,s,l,
1525796577.7874,733.07000,0.08100000,s,m,
1525780918.2449,722.00000,1.38504000,s,l,
1525799753.9319,734.99000,0.00014623,b,l,
1525776445.1312,744.77000,0.51800000,b,l,
1525795966.3057,734.99000,1.00000000,b,l,
1525759927.6507,752.60000,4.55857760,s,m,
1525759457.7571,747.23000,4.50000000,s,l,
1525759903.3807,753.58000,0.09413878,s,m,
1525781729.1299,726.11000,3.92000000,s,m,
1525760378.2099,754.10000,1.12300000,s,m,
1525760063.7815,755.00000,0.49000000,b,l,
1525779022.232,731.00000,20.00000000,b,l,
1525781909.0682,724.00000,6.26000000,s,m,
1525771287.3036,746.70000,0.16037700,s,m,
1525781750.0751,725.01000,1.68586752,s,m,
1525784970.0775,740.45000,0.02200000,b,m,
1525771268.9165,747.00000,0.12745333,s,l,
1525797861.1928,733.30000,21.24400000,s,m,
1525770839.9752,749.80000,0.49510440,b,l,
1525775846.9343,742.95000,5.00000000,b,m,
1525791742.6734,732.71000,0.02600000,b,m,
1525793172.3059,730.34000,0.09986058,b,l,
1525795566.1927,732.70000,0.02600000,b,m,
1525771407.7846,745.67000,1.00000000,b,m,
1525769365.1418,756.41000,0.02300000,s,l,
1525776794.0619,746.00000,2.50382253,b,l,
1525759073.1436,750.00000,1.00000000,s,l,
1525786935.5386,735.04000,5.00000000,b,m,
1525793181.7281,730.33000,0.00099322,b,l,
1525760415.316,754.32000,0.05216968,s,m,
1525760474.2916,753.30000,1.05420261,s,l,
1525774460.3589,746.69000,3.00124938,b,m,
1525761233.6962,754.44000,1.00000000,s,l,
1525767998.3934,756.10000,0.18515746,s,m,
1525793192.3654,730.33000,0.75682699,b,l,
1525793095.1591,729.16000,4.56497606,s,m,
1525794845.9499,735.01000,0.55000000,b,l,
1525773568.8554,741.32000,0.78600000,b,m,
1525776819.1697,745.99000,0.02600000,b,l,
1525772080.895,744.20000,0.10000000,b,l,
1525770996.9998,751.02000,1.00000000,b,m,
1525793210.7617,729.73000,0.00324466,s,l,
1525770997.0522,751.02000,0.05000000,b,m,
1525779857.6254,728.69000,4.79566403,b,l,
1525776834.5037,745.98000,0.02200000,b,l,
1525806777.341,749.01000,0.73841862,s,l,
1525782162.4276,726.97000,1.04700000,b,l,
1525760076.3357,754.99000,0.02000000,b,m,
1525776843.9936,745.99000,0.20000000,b,m,
1525764840.8027,757.73000,0.04742255,b,l,
1525784694.0747,736.52000,0.31471625,s,m,
1525762905.4246,753.84000,0.02700000,b,l,
1525771000.8266,751.02000,2.45626198,b,l,
1525760151.3378,755.73000,0.80600000,b,m,
1525776462.3079,745.00000,1.81666159,s,l,
1525804743.1907,745.60000,0.68259000,s,l,
1525779193.7413,730.99000,0.15216455,b,l,
1525791021.7359,731.00000,7.87624220,s,m,
1525783914.7104,736.28000,0.18290484,s,l,
1525760474.2798,753.72000,0.16739048,s,l,
1525793210.7518,729.83000,1.00000000,s,l,
1525792372.9916,733.70000,2.92563708,s,l,
1525791862.4314,732.71000,0.04422977,s,l,
1525790118.8809,733.81000,0.43015602,b,m,
1525762113.332,751.17000,0.02400000,s,m,
1525793257.8174,730.65000,0.13488756,b,l,
1525798311.5146,733.60000,6.96520000,s,l,
1525764951.8962,758.36000,0.17600000,b,l,
1525804024.9691,736.66000,0.17456390,b,m,
1525776552.4716,747.25000,0.12010411,b,m,
1525792852.4015,731.93000,2.05039265,s,l,
1525793275.8854,730.64000,0.04446688,b,l,
1525776894.5655,745.85000,0.09843769,b,l,
1525792120.7394,735.50000,0.23700000,s,l,
1525799380.3139,732.97000,0.02600000,b,l,
1525764224.7304,757.96000,0.84000000,b,m,
1525778993.7494,732.46000,2.10432421,b,l,
1525791022.1614,730.69000,1.00000000,s,m,
1525776912.1088,746.00000,1.12742346,b,m,
1525777012.9133,745.91000,0.18572555,s,l,
1525790327.1603,732.34000,0.17999195,s,l,
1525776916.8105,746.00000,1.36875401,b,l,
1525793302.54,730.86000,0.05584263,b,l,
1525762820.6178,753.00000,3.05786431,b,l,
1525769199.0854,757.32000,0.04800000,b,l,
1525795090.2492,736.58000,5.00000000,b,l,
1525804630.5286,745.30000,0.09343350,s,l,
1525777657.8307,742.21000,0.00011457,s,l,
1525807954.0864,747.74000,0.02600000,b,l,
1525760474.2857,753.32000,0.02000000,s,l,
1525792861.276,732.79000,0.68259000,s,l,
1525804181.2243,739.78000,0.03300000,b,m,
1525770299.769,755.42000,0.58206621,s,l,
1525793330.7225,730.86000,1.06700000,b,l,
1525793331.5453,730.50000,2.00000000,s,m,
1525783602.9755,730.00000,0.00119571,b,l,
1525788187.5307,730.90000,0.02500000,b,l,
1525800767.5623,737.01000,0.70558755,s,m,
1525770945.1559,749.99000,0.48301558,b,m,
1525778454.1958,734.82000,0.49345766,b,m,
1525782302.6436,730.00000,0.02000000,b,l,
1525804416.3973,742.92000,2.31156902,b,m,
1525781942.8842,724.94000,0.02500000,b,l,
1525776481.025,745.76000,0.02200000,b,l,
1525771020.047,751.91000,0.02000000,s,l,
1525776970.8877,746.16000,0.02300000,b,l,
1525772800.2854,738.27000,0.15431171,s,m,
1525776972.3077,746.55000,0.02200000,b,l,
1525770300.0696,755.00000,0.05000000,s,l,
1525799215.8948,732.00000,0.19593897,b,m,
1525767467.1314,756.80000,5.00000000,s,m,
1525795598.8773,732.01000,0.07900000,s,m,
1525774197.0462,743.45000,0.22939918,b,l,
1525760100.7312,754.97000,0.02300000,b,l,
1525793095.0641,730.19000,0.29271324,s,m,
1525759588.1007,749.73000,5.39236148,b,l,
1525778484.303,736.55000,3.81937596,b,l,
1525776993.2728,746.12000,1.00000000,s,l,
1525793619.4917,731.50000,0.18441279,s,l,
1525797579.2435,735.01000,3.19900000,s,l,
1525771025.3239,752.00000,23.20310073,b,l,
1525790983.2727,733.77000,0.02500000,b,l,
1525804134.9353,739.52000,0.10383971,b,m,
1525804655.4246,743.00000,4.83465427,s,m,
1525779218.9741,731.00000,1.00000000,b,l,
1525791022.1815,730.69000,4.44035270,s,m,
1525760623.9809,753.64000,0.48360000,s,m,
1525760624.0304,753.31000,0.34687166,s,m,
1525793394.1896,730.85000,0.36934478,b,l,
1525777012.9212,745.55000,1.03780251,s,l,
1525804502.5451,746.00000,9.58647900,s,l,
1525797034.8703,734.90000,0.02500000,b,l,
1525760632.9034,754.73000,0.02300000,b,m,
1525776256.3457,743.40000,4.72171669,b,m,
1525807034.5253,745.00000,1.82041713,s,l,
1525781951.8617,724.99000,0.47568884,b,l,
1525780220.2847,731.99000,0.00000005,b,m,
1525779222.4947,731.00000,0.40000000,b,l,
1525771393.8307,744.98000,0.40479628,b,l,
1525764617.1762,757.14000,0.02400000,b,m,
1525779031.932,731.00000,1.32390000,b,l,
1525779223.4464,731.00000,1.43900000,b,l,
1525777036.5036,745.31000,0.06708618,s,l,
1525791805.1146,733.74000,0.02200000,b,m,
1525778511.4785,735.30000,21.00000000,s,l,
1525764617.1798,757.15000,0.04100000,b,m,
1525765459.0748,759.00000,0.00801124,b,l,
1525776358.1265,745.29000,0.95200000,b,m,
1525779263.8751,732.08000,51.16111773,s,l,
1525760663.8771,754.56000,1.00000000,b,l,
1525760665.9129,754.61000,0.03100000,b,l,
1525773237.2455,739.61000,1.00000000,b,l,
1525760667.1224,754.65000,0.02300000,b,l,
1525778593.2011,733.00000,0.12000000,b,l,
1525779226.7611,732.50000,7.70000000,b,l,
1525779429.1363,732.00000,3.72831924,b,l,
1525760671.8999,755.36000,0.05145145,b,l,
1525793442.1469,730.20000,0.02000000,b,l,
1525793443.5196,730.20000,0.08000000,b,l,
1525780123.0983,732.40000,5.45800000,b,l,
1525790150.098,733.68000,0.07000000,b,m,
1525793447.8929,729.99000,25.84650000,s,l,
1525793448.3689,729.60000,4.58578842,s,l,
1525770303.4842,753.95000,7.24200000,b,l,
1525761574.3409,754.01000,0.15544300,b,l,
1525775001.2844,749.95000,0.00000005,b,l,
1525787766.1319,727.76000,1.18745047,s,l,
1525803243.818,731.10000,0.03372174,s,m,
1525779229.3106,733.10000,5.00000000,b,l,
1525772555.7944,740.01000,1.00000000,s,l,
1525793462.4669,729.18000,0.67528049,b,m,
1525770849.4689,749.99000,0.50094078,b,l,
1525793465.3883,729.10000,1.50000000,b,l,
1525784694.0709,736.52000,1.48000000,s,m,
1525803807.5164,734.17000,0.18362832,b,m,
1525760703.3653,754.72000,0.02000000,s,m,
1525793472.9051,729.06000,0.11271187,b,m,
1525768364.3277,758.45000,1.57663655,b,l,
1525796491.883,734.00000,1.00000000,s,l,
1525784694.0336,737.39000,0.28669338,b,m,
1525793479.3452,729.10000,0.20000000,b,l,
1525807948.9046,746.34000,0.12626878,b,l,
1525760713.1185,755.38000,0.02300000,b,l,
1525800420.6067,741.06000,2.83131311,b,m,
1525768311.2273,756.06000,0.00000005,b,l,
1525794309.0405,730.78000,5.00000000,s,m,
1525795618.7132,732.40000,0.09209330,b,m,
1525793490.9339,729.20000,0.78000000,b,l,
1525803592.4933,733.77000,0.14712845,s,m,
1525760724.961,755.13000,10.00000000,s,l,
1525787217.7398,731.72000,0.08096725,b,l,
1525784697.9471,737.78000,0.02600000,b,m,
1525793497.0153,729.19000,0.48327472,b,m,
1525777115.4055,744.99000,0.04600000,b,m,
1525759072.9098,750.10000,1.00000000,s,l,
1525768314.9963,755.75000,0.00000461,s,m,
1525781121.6499,723.00000,2.81658747,b,l,
1525803813.0568,732.71000,0.08198104,s,l,
1525775215.1869,747.67000,0.02300000,b,m,
1525773237.2665,740.00000,0.00488729,b,l,
1525777126.5077,745.00000,0.89921545,b,l,
1525799970.0575,737.68000,0.11178176,b,m,
1525771884.6076,745.03000,0.28250307,s,l,
1525759927.636,753.51000,5.00000000,s,m,
1525760747.1935,755.28000,0.00300000,b,l,
1525760749.6683,755.28000,0.02000000,b,l,
1525793518.5382,729.18000,0.05000000,b,l,
1525760751.9403,756.32000,0.02400000,b,m,
1525763213.3686,757.72000,0.07738394,b,l,
1525779240.5486,733.29000,0.02600000,b,l,
1525804676.5886,744.60000,1.69921536,b,m,
1525781971.7185,724.97000,1.42320319,s,m,
1525765589.3953,759.84000,0.02000000,b,m,
1525781001.7589,720.10000,1.70000000,s,l,
1525787007.1365,735.15000,0.00006445,b,m,
1525807404.1621,747.00000,1.25000000,b,l,
1525778908.2903,731.25000,0.06218679,b,m,
1525806548.4541,748.18000,0.02200000,b,l,
1525804956.5274,745.58000,0.35164800,b,l,
1525797584.6037,733.90000,0.04871686,s,l,
1525774961.8741,750.32000,5.38917713,b,m,
1525793534.1031,729.19000,0.36179120,b,m,
1525765589.4022,759.85000,0.02400000,b,m,
1525760769.0496,756.57000,0.15941830,b,l,
1525760770.1689,756.57000,3.00124938,s,l,
1525760771.3702,756.58000,0.02000000,b,m,
1525807950.2486,746.45000,2.41903090,b,m,
1525761933.6048,753.05000,4.80000000,s,l,
1525794636.6611,734.97000,2.55000000,b,l,
1525793544.4758,729.19000,10.00000000,s,l,
1525793545.6502,729.20000,11.58565482,b,l,
1525776267.4255,742.99000,3.00124938,b,l,
1525793548.1404,730.30000,1.25000000,b,l,
1525771943.2708,742.69000,1.17574879,s,m,
1525760782.7289,756.58000,0.02000000,b,l,
1525778046.0588,738.12000,1.87883960,s,l,
1525792899.3069,734.11000,0.50000000,b,m,
1525771287.3416,746.00000,3.00000000,s,m,
1525793557.7235,731.44000,0.02600000,b,l,
1525772015.352,742.20000,0.19245200,s,m,
1525793561.9232,732.04000,0.02200000,b,m,
1525779247.1073,733.99000,5.00000000,b,l,
1525804571.0745,746.50000,0.10046000,s,l,
1525795214.679,737.00000,5.17206153,s,l,
1525800313.8923,738.89000,0.02063689,b,m,
1525807951.4407,747.00000,0.50000000,b,l,
1525760803.7401,757.20000,0.02000000,b,l,
1525777188.542,744.97000,0.05834313,s,l,
1525778818.8643,730.99000,1.33486803,s,m,
1525793575.3414,732.17000,0.02200000,b,l,
1525783701.062,731.76000,0.65159057,b,m,
1525781980.5199,724.99000,0.04000000,b,m,
1525783741.0399,733.79000,7.70000000,b,l,
1525760837.2498,757.85000,0.00356283,b,m,
1525806557.9839,748.94000,0.02300000,b,m,
1525760820.9338,757.24000,0.02400000,b,l,
1525760821.407,757.24000,0.02430000,b,l,
1525771268.9145,747.00000,0.45290090,s,l,
1525793592.8552,732.08000,0.02200000,b,m,
1525760825.5297,757.24000,0.01000000,s,m,
1525781572.3444,729.22000,2.58000000,b,m,
1525787620.7792,728.82000,5.00000000,s,m,
1525777212.6142,744.50000,4.31014010,s,l,
1525787750.3844,728.61000,0.16978000,s,l,
1525778292.2242,730.01000,1.00000000,s,l,
1525760831.6298,757.25000,0.02300000,b,l,
1525773900.7964,740.31000,0.34222944,s,l,
1525768331.8711,756.78000,0.02300000,b,l,
1525760837.2457,757.85000,0.22943717,b,m,
1525760839.8432,757.74000,7.70000000,b,l,
1525793610.6324,731.50000,0.02000000,s,l,
1525807950.7365,746.45000,0.00002803,b,l,
1525778354.7897,730.05000,3.26736651,s,l,
1525760849.0964,757.24000,0.02300000,b,l,
1525793619.5723,732.33000,0.27000000,b,l,
1525771976.5855,742.33000,1.00000000,s,m,
1525778851.5913,731.00000,0.25990000,b,l,
1525802153.83,734.60000,5.44880720,s,l,
1525760856.587,757.71000,1.25000000,b,m,
1525790180.3535,733.00000,1.00500000,s,l,
1525804134.9401,739.88000,0.00003936,b,m,
1525777246.1132,744.50000,0.10363170,s,l,
1525790181.6852,732.39000,1.75696224,s,l,
1525793635.2446,732.26000,0.88821824,b,m,
1525793663.3604,732.62000,0.12187800,b,m,
1525759156.9573,749.87000,0.62808087,s,l,
1525760871.7642,757.70000,0.02000000,b,m,
1525793640.9289,731.47000,0.06000000,s,l,
1525777257.2981,744.49000,3.85483498,s,l,
1525760875.5437,757.69000,1.17600000,b,m,
1525776530.5803,745.80000,0.13487500,b,l,
1525803837.4816,734.70000,0.13975200,b,m,
1525794638.0562,736.00000,18.92093320,s,l,
1525784723.1036,738.98000,0.02500000,b,m,
1525777268.7924,744.49000,2.67616502,s,m,
1525771295.1961,745.25000,1.00000000,s,l,
1525769571.7787,757.64000,0.02300000,b,m,
1525779263.9087,732.00000,0.12247554,s,l,
1525807954.6229,748.72000,1.00000000,b,m,
1525793663.3673,732.63000,0.46414723,b,m,
1525777282.0685,744.19000,0.40000000,s,m,
1525790187.7206,732.26000,0.49500850,s,l,
1525804772.8162,744.91000,0.11720528,s,l,
1525784694.0662,736.52000,0.02000000,s,m,
1525786935.5283,735.01000,0.00006447,b,m,
1525777288.5391,744.41000,0.02000000,b,l,
1525793674.5262,730.85000,4.96052838,s,l,
1525760151.3304,755.40000,0.02400000,b,m,
1525788187.534,730.97000,0.74400000,b,l,
1525772648.9694,738.32000,0.13659802,s,l,
1525786132.2873,734.49000,0.04401679,b,l,
1525775012.0428,751.17000,7.61901352,b,m,
1525768674.1063,755.92000,0.08187982,s,l,
1525771075.111,752.04000,2.58000000,s,l,
1525781998.5681,724.03000,0.10715607,s,m,
1525793686.1002,732.00000,1.50000000,b,m,
1525803521.4934,732.48000,0.04300000,b,m,
1525793689.5508,730.73000,0.11000000,s,l,
1525786935.5778,736.60000,59.34209827,b,m,
1525760154.7542,756.10000,7.70000000,b,m,
1525796116.253,735.18000,20.00000000,b,l,
1525760927.1697,757.49000,0.00100000,b,m,
1525795198.9567,737.19000,0.04500000,b,m,
1525778757.9946,731.00000,0.39475376,b,l,
1525768347.1622,757.86000,5.23171863,b,l,
1525805536.677,746.05000,0.00006358,b,m,
1525778675.8367,732.00000,1.05364800,b,l,
1525760156.8253,756.09000,9.30200000,b,l,
1525770754.7522,750.30000,0.13804700,s,m,
1525760939.2845,757.67000,0.04100000,b,l,
1525772555.7767,740.71000,0.03000000,s,l,
1525779240.5406,732.92000,7.70000000,b,l,
1525793771.4117,730.00000,0.00300000,b,l,
1525793712.5541,731.02000,0.06107511,s,l,
1525762888.7992,753.58000,0.15000000,b,l,
1525777331.2821,744.44000,0.08000000,b,l,
1525788197.2864,731.90000,0.15355100,b,l,
1525793717.6018,730.80000,0.59300000,s,l,
1525760951.8492,757.78000,0.02300000,b,l,
1525782004.2578,724.03000,3.99266234,s,m,
1525768351.3278,757.90000,0.76800000,b,l,
1525781769.9457,723.52000,9.57314899,s,m,
1525793726.4526,730.74000,0.09837162,s,l,
1525781605.5044,727.70000,1.50000000,s,l,
1525771344.7574,745.00000,3.00000000,b,m,
1525779275.6108,732.00000,5.23474454,b,l,
1525793733.3902,730.25000,1.05210414,s,l,
1525774332.4437,745.13000,0.00003957,b,m,
1525760161.1941,757.00000,9.49200000,s,l,
1525793736.172,730.27000,0.26723246,b,m,
1525760969.1351,757.82000,0.02300000,b,l,
1525804867.4739,744.40000,0.05000000,s,m,
1525779022.6832,730.99000,7.68900000,b,l,
1525801122.786,738.87000,0.02500000,b,l,
1525797591.8603,733.57000,0.65524305,b,l,
1525803853.8749,735.68000,0.02100000,b,m,
1525759260.1245,751.80000,0.02753839,b,l,
1525768355.8863,757.97000,0.17000000,b,l,
1525793749.9361,730.03000,0.14000000,s,l,
1525770313.0211,753.54000,3.66671564,s,l,
1525760986.5446,757.79000,0.04100000,b,l,
1525795663.3669,732.40000,0.03918568,b,l,
1525759946.7883,754.72000,0.26677103,b,m,
1525789194.8122,731.83000,0.03458423,b,m,
1525779280.4776,732.00000,6.48100000,b,l,
1525786920.7084,735.30000,2.54447485,b,m,
1525793764.7568,730.02000,0.21036579,s,l,
1525768358.4099,757.97000,40.11031567,b,l,
1525778497.6315,736.80000,2.72354897,b,l,
1525777384.1662,744.40000,0.38000000,b,l,
1525768359.2116,758.45000,0.93000000,b,l,
1525761004.5293,757.53000,0.06600399,s,m,
1525802154.1358,734.52000,0.36513425,s,m,
1525780134.0997,732.19000,0.15596630,b,l,
1525776552.4504,746.13000,0.02200000,b,m,
1525759072.8409,750.80000,1.50000000,b,m,
1525807958.7969,748.71000,0.02317680,b,l,
1525784970.0801,740.46000,0.03000000,b,m,
1525795280.2873,735.20000,0.00300000,b,l,
1525761017.0223,757.80000,1.27380000,b,l,
1525788682.8951,730.00000,20.00000000,s,l,
1525761020.3925,757.79000,1.50000000,b,l,
1525775770.0998,742.70000,0.11709026,b,l,
1525761023.2121,757.79000,2.65116305,b,l,
1525761026.262,757.80000,0.02400000,s,l,
1525793798.1812,729.94000,0.64581247,b,m,
1525761032.1434,757.82000,0.02000000,b,m,
1525784748.8587,739.98000,0.80381646,b,m,
1525761037.5223,757.82000,0.02300000,b,l,
1525779427.6946,732.00000,0.40733751,b,l,
1525759164.088,750.00000,6.74408087,b,l,
1525761040.6602,757.82000,0.02400000,b,m,
1525778586.283,733.50000,18.00000000,s,l,
1525761042.0612,758.63000,6.46348853,b,m,
1525776358.1235,745.20000,0.02600000,b,m,
1525768366.2692,758.45000,2.97224000,b,l,
1525761046.4188,758.29000,0.02300000,b,l,
1525762905.414,753.80000,0.04800000,b,l,
1525778354.6966,732.81000,8.12500000,s,l,
1525768367.9964,758.45000,8.77100000,b,l,
1525793820.9501,729.88000,0.02100000,b,m,
1525761053.3774,758.21000,0.10000000,s,m,
1525777438.9031,744.22000,0.02000000,b,l,
1525798405.1545,733.09000,0.00006481,b,l,
1525795090.2707,736.66000,2.99000000,b,l,
1525761061.6072,758.63000,0.02300000,b,l,
1525807954.6452,748.72000,1.00000000,b,m,
1525761065.8839,757.87000,0.03408998,s,m,
1525793834.9945,729.65000,0.07665168,s,l,
1525793835.0032,729.46000,0.09334832,s,l,
1525771407.7599,745.67000,3.12815205,b,m,
1525761070.8227,758.90000,0.15938200,b,l,
1525780891.3763,724.54000,8.50284318,s,l,
1525802831.9183,733.40000,0.04000000,b,m,
1525788320.4508,733.50000,7.81574079,b,m,
1525778282.4038,733.90000,4.98902415,s,m,
1525772985.9318,736.48000,13.82177784,b,l,
1525782187.242,727.73000,0.03283283,b,l,
1525777473.1622,744.20000,0.02000000,b,l,
1525784758.5887,739.60000,0.32500000,b,m,
1525761094.4572,759.49000,0.03626050,b,l,
1525761095.2982,759.50000,0.08950191,b,m,
1525771408.5255,746.25000,1.14103898,b,m,
1525768375.9509,758.45000,0.85761875,b,l,
1525795054.6489,734.60000,1.16000000,s,m,
1525786962.7273,735.85000,0.02100000,b,m,
1525797861.21,731.77000,82.10300000,s,m,
1525781559.5707,727.05000,0.34952394,s,m,
1525795327.1056,734.74000,0.02600000,b,l,
1525779789.0288,729.91000,3.43734236,s,l,
1525795911.2689,735.08000,0.02600000,b,m,
1525773045.9548,738.79000,0.16158401,b,l,
1525770301.375,753.98000,1.00000000,s,m,
1525789825.0849,737.00000,0.21930000,s,l,
1525761112.4802,759.45000,0.10487643,s,l,
1525779300.0971,732.00000,0.96459000,b,l,
1525782883.6004,729.19000,5.00000000,s,l,
1525793883.9974,729.98000,0.05000000,s,l,
1525793884.0045,729.68000,2.44000000,s,l,
1525800562.8364,739.00000,22.91248568,s,m,
1525773543.6449,740.57000,0.02200000,b,l,
1525761121.0767,759.94000,2.06952065,b,m,
1525759601.025,749.54000,0.23397117,b,l,
1525761124.9665,759.45000,6.70554256,s,l,
1525779302.3629,732.00000,2.96650000,b,l,
1525761127.9889,759.46000,0.00779000,b,m,
1525776077.4436,742.00000,0.08458580,b,l,
1525779303.4876,732.00000,3.00000000,b,l,
1525761132.5779,757.81000,0.09462503,s,l,
1525773842.0991,743.03000,0.04600000,b,l,
1525761134.4169,758.23000,1.00000000,s,l,
1525761135.7349,757.62000,0.02000000,s,m,
1525781775.7772,724.97000,0.03404946,b,l,
1525760474.2827,753.60000,5.00000000,s,l,
1525777522.7275,744.19000,0.10228193,s,l,
1525765651.6376,759.58000,0.01299102,s,l,
1525772932.4108,735.00000,2.87147143,s,l,
1525779305.0826,732.00000,2.59000000,b,l,
1525763963.1294,755.89000,0.14726460,b,m,
1525779306.536,732.00000,16.27000000,b,l,
1525765653.8623,759.57000,0.06582672,s,l,
1525760275.6807,754.09000,0.02400000,b,l,
1525778034.7869,740.59000,0.02060394,b,m,
1525777539.1684,744.19000,0.39188309,s,l,
1525776320.1281,743.51000,0.49150800,s,l,
1525796491.8995,733.70000,0.05000000,s,m,
1525793926.9332,729.99000,0.05000000,s,l,
1525774332.4728,746.10000,0.25018800,b,m,
1525761160.6098,756.96000,1.00000000,b,l,
1525803884.5538,734.67000,1.00000000,s,l,
1525772768.8121,738.25000,1.00158701,s,m,
1525793931.4128,729.60000,0.05000000,b,l,
1525762355.1134,754.01000,0.50651000,b,m,
1525771117.1239,750.39000,5.00000000,s,l,
1525801962.4147,737.29000,0.24297465,s,m,
1525792237.1551,734.76000,0.70369126,s,l,
1525806311.1714,747.23000,0.02300000,b,m,
1525777559.7173,742.56000,1.01835220,s,m,
1525761179.9411,756.88000,0.02000000,b,l,
1525779916.1945,728.53000,0.62202137,b,l,
1525761181.4982,756.87000,0.02300000,b,l,
1525793950.7542,729.60000,0.02420000,b,l,
1525761183.0755,755.43000,0.02000000,s,l,
1525776582.0694,746.50000,1.50000000,b,m,
1525761190.2689,755.50000,3.00000000,s,m,
1525779049.1495,731.00000,1.11431660,b,l,
1525777212.596,744.72000,0.06583064,s,l,
1525782044.3535,724.98000,0.00000004,b,l,
1525784920.774,739.52000,1.54400000,s,m,
1525787506.1252,729.70000,0.08068380,s,m,
1525795063.1563,735.53000,2.50000000,b,m,
1525769571.7967,757.69000,0.04810788,b,m,
1525793969.3115,729.60000,0.01580000,b,l,
1525793970.0568,729.99000,0.05000000,b,l,
1525795852.7509,734.95000,0.02200000,b,m,
1525772555.8336,739.76000,0.37940438,s,m,
1525761205.5796,756.40000,0.00400000,b,m,
1525781181.5155,722.18000,5.00000000,s,m,
1525761207.1707,756.37000,1.00000000,b,l,
1525761209.5327,755.10000,2.23612889,s,l,
1525803633.1928,732.41000,1.08763592,s,m,
1525804902.1955,743.32000,5.00000000,s,m,
1525761214.7138,754.40000,2.30000000,s,l,
1525772555.8279,740.00000,0.50000000,s,m,
1525801163.6013,738.29000,0.62014677,s,m,
1525804397.2419,741.69000,1.32811068,b,l,
1525761221.4034,755.89000,0.12000000,b,l,
1525779351.9906,734.49000,3.10640852,b,l,
1525781367.2706,723.10000,0.66986987,b,l,
1525778283.3793,733.20000,0.76961669,s,m,
1525792973.1593,732.04000,0.11000000,s,l,
1525761233.7019,754.41000,0.40852580,s,l,
1525792144.9149,734.74000,0.10557205,s,m,
1525792027.5646,734.90000,0.08963399,b,m,
1525772555.8495,739.30000,17.87946167,s,m,
1525804657.9583,744.21000,0.03500000,b,m,
1525790917.4621,728.01000,0.25000000,s,m,
1525777626.0705,742.91000,0.02000000,b,l,
1525801167.5668,738.79000,0.03500000,b,l,
1525795706.3894,732.70000,0.02500000,b,l,
1525788871.8688,732.66000,0.19349739,b,l,
1525774332.4581,745.94000,11.70264805,b,m,
1525777632.1254,742.75000,0.08000000,s,l,
1525792976.962,731.65000,0.08988833,s,l,
1525794022.4217,729.99000,0.19244261,b,l,
1525794023.6445,729.99000,0.29499932,b,l,
1525781358.6449,722.70000,0.36906814,s,m,
1525794025.9646,730.00000,11.34394315,b,l,
1525772556.0391,736.61000,0.13160462,s,m,
1525794029.9409,730.45000,0.02500000,b,l,
1525807284.2033,746.88000,0.50000000,b,m,
1525777648.0399,742.55000,0.17100000,b,m,
1525782056.9505,724.51000,1.29318914,s,m,
1525761266.0764,755.00000,1.21556557,b,l,
1525800290.7344,738.49000,0.02600000,b,m,
1525786144.9673,733.40000,40.40538838,s,l,
1525794040.5134,730.28000,0.14794749,b,l,
1525777657.4979,742.21000,0.00025866,s,l,
1525777658.9124,742.02000,5.00000000,s,l,
1525777659.3571,741.81000,10.00000000,s,l,
1525784018.1296,736.88000,0.07965467,b,m,
1525768331.8745,756.79000,0.03567272,b,l,
1525777662.2622,741.00000,0.94055800,s,m,
1525779328.0304,733.50000,0.45470500,b,l,
1525794518.2731,733.18000,6.45699040,b,m,
1525777667.2951,741.00000,4.45013583,s,l,
1525778184.9762,736.98000,0.05408224,b,l,
1525786447.5502,732.39000,0.02100000,b,l,
1525794055.5156,730.85000,0.05000000,b,l,
1525778292.1651,731.61000,0.85761875,s,l,
1525802154.1411,734.50000,7.31561087,s,m,
1525760226.3075,754.57000,2.80464871,s,m,
1525778588.8257,733.00000,1.33800000,b,l,
1525782061.558,725.00000,3.80669621,b,m,
1525774688.936,750.00000,0.00159095,b,m,
1525797390.1872,735.03000,4.78856907,s,l,
1525777684.2724,740.49000,0.06719193,s,l,
1525777688.3127,740.00000,0.20000000,s,m,
1525794074.7367,730.11000,7.70000000,s,l,
1525777691.4255,739.12000,0.06764801,s,m,
1525767062.8529,757.94000,0.02000000,s,m,
1525794022.4387,729.99000,0.25890068,b,l,
1525800330.8056,738.78000,0.02200000,b,l,
1525795717.364,734.29000,0.02600000,b,m,
1525794082.9945,730.19000,0.08045654,s,m,
1525794083.0347,729.51000,0.10000000,s,m,
1525794329.1981,731.35000,0.14537324,b,m,
1525783607.4737,730.91000,0.02600000,b,l,
1525771932.4678,743.01000,9.27430471,s,l,
1525802129.5053,736.00000,0.10000000,s,m,
1525761320.8021,754.90000,0.07400000,s,l,
1525759413.7304,748.21000,0.22752470,b,l,
1525794091.6915,730.82000,0.16500000,b,m,
1525792147.8558,734.74000,0.26970000,s,l,
1525795966.3428,736.10000,10.00000000,b,l,
1525792148.085,735.65000,0.00000006,b,m,
1525774689.0798,750.30000,0.15395900,b,m,
1525773912.0503,740.23000,0.07067689,s,l,
1525779846.5905,727.09000,0.20000000,s,l,
1525794105.0525,730.85000,0.02100000,b,m,
1525778454.9587,735.40000,2.94307075,b,m,
1525792991.3418,730.00000,0.50000000,s,m,
1525777724.4403,740.14000,0.07983395,b,m,
1525778588.7374,733.00000,0.06428829,b,l,
1525800765.9874,738.59000,0.68300000,b,m,
1525794116.8914,730.79000,0.03630000,b,l,
1525759414.5038,747.70000,1.86100000,s,m,
1525770997.0388,751.02000,1.87184795,b,m,
1525792148.0881,735.66000,0.02500000,b,m,
1525795967.3433,738.00000,5.10181439,s,l,
1525760226.312,754.57000,0.00000936,s,m,
1525760039.7377,755.18000,2.00000000,b,m,
1525794131.3495,731.78000,0.05000000,b,l,
1525797604.3281,733.56000,0.07497222,b,l,
1525764840.7869,757.29000,0.02400000,b,l,
1525778292.3341,729.40000,1.60000000,s,m,
1525770623.0266,753.79000,0.07197824,b,l,
1525779343.4503,733.02000,0.29569476,s,l,
1525798458.5585,732.80000,0.10000000,s,m,
1525799756.6011,735.00000,0.27292790,b,l,
1525767935.2576,756.21000,0.03951806,b,l,
1525761379.1851,754.02000,1.00000000,s,m,
1525760230.7863,754.32000,0.00378700,s,m,
1525764247.2936,758.19000,0.02000000,b,m,
1525770872.3865,749.01000,1.71460970,s,m,
1525761386.9177,754.03000,0.06631036,s,m,
1525792027.6089,735.37000,0.02600000,b,m,
1525779346.3445,732.00000,20.00000000,b,l,
1525802515.2382,734.00000,1.17957203,b,l,
1525793736.1748,730.30000,0.12426560,b,m,
1525796701.2184,734.79000,0.39354179,b,l,
1525782078.8325,724.99000,0.07557330,b,m,
1525794168.9215,731.69000,0.05000000,b,l,
1525784044.9788,737.08000,0.02500000,b,l,
1525778511.4373,736.62000,2.71831404,s,l,
1525799742.8128,733.98000,0.02100000,b,l,
1525760319.5531,754.40000,0.00254238,b,m,
1525786962.7367,735.87000,13.50000000,b,m,
1525802129.6081,736.00000,0.10000000,s,m,
1525778511.4398,736.62000,0.59414323,s,l,
1525779351.9803,734.18000,0.03338475,b,l,
1525798697.8405,731.68000,0.25807190,b,l,
1525762968.0324,754.94000,0.02809464,b,l,
1525807650.3357,746.90000,0.00515322,s,m,
1525778427.4334,730.40000,12.70000000,s,l,
1525777813.657,740.01000,0.12846725,s,l,
1525775238.9173,747.79000,0.87846603,s,l,
1525802980.1859,732.32000,0.05862850,s,m,
1525807972.6139,747.60000,1.25000000,s,l,
1525759796.0272,752.52000,0.05285495,b,m,
1525760239.6386,755.00000,0.25000000,b,m,
1525781785.5383,724.99000,5.00000000,b,l,
1525761437.5668,754.61000,0.51260000,b,l,
1525798152.3353,733.57000,1.01879533,s,l,
1525761439.2838,754.61000,3.00000000,b,m,
1525773799.7658,742.38000,0.01000000,s,m,
1525793008.2648,731.39000,0.74390380,b,l,
1525783043.1852,726.76000,0.42299220,b,l,
1525778916.2343,729.99000,0.00040516,s,m,
1525778759.1268,731.00000,4.43069166,b,l,
1525777831.3224,740.01000,0.02200000,s,m,
1525778512.3771,733.00000,0.46706707,b,l,
1525794218.1898,731.20000,1.00000000,s,l,
1525777838.7988,740.01000,1.00000000,s,l,
1525791160.8321,731.38000,0.05200000,b,m,
1525780149.1622,732.97000,0.54539873,b,l,
1525777842.6059,740.01000,3.84953275,s,m,
1525793011.0473,731.37000,1.00000000,b,l,
1525761460.8252,754.58000,0.63243243,b,l,
1525761461.4528,754.58000,0.30350350,b,l,
1525770329.5889,752.36000,0.13198517,s,m,
1525761464.0268,754.61000,0.31251250,b,l,
1525794236.1774,731.18000,0.74390380,b,m,
1525773849.0764,743.70000,0.02869928,b,m,
1525793013.6546,731.45000,0.02200000,b,l,
1525771514.6434,747.20000,1.50000000,b,m,
1525787001.1498,735.16000,0.02500000,b,m,
1525764590.8947,756.43000,0.98512650,s,m,
1525773900.5894,741.20000,0.73714715,b,l,
1525803903.6617,734.60000,1.00000000,s,m,
1525793210.7555,729.80000,1.50000000,s,l,
1525794254.8074,731.17000,0.05000000,b,l,
1525760226.3098,754.57000,0.00727318,s,m,
1525793016.0225,731.44000,0.23067013,b,l,
1525778589.3827,733.00000,0.48368368,b,l,
1525790286.0722,732.78000,0.00005775,b,l,
1525787556.0814,729.33000,0.07426362,s,m,
1525782095.14,725.95000,0.87900000,b,m,
1525761500.2252,754.08000,0.06630596,s,l,
1525795749.0765,734.64000,0.02600000,b,m,
1525773904.3744,740.55000,0.05175656,b,l,
1525791062.5856,730.00000,0.10245983,s,l,
1525794278.5,731.17000,0.12101354,b,m,
1525761511.4589,754.00000,3.00000000,s,l,
1525789971.6655,731.40000,0.00277807,s,l,
1525771175.0111,750.57000,0.21323493,b,m,
1525776313.5912,742.85000,0.00000003,s,m,
1525805247.5989,745.25000,0.24339008,b,m,
1525794288.0576,731.18000,0.09044251,b,l,
1525778186.8404,735.60000,0.03000000,s,l,
1525759073.2314,749.40000,4.80909977,s,m,
1525794291.802,731.17000,0.05000000,b,l,
1525768446.573,759.43000,0.02300000,b,l,
1525759846.9201,753.49000,0.02300000,b,l,
1525794299.846,731.39000,0.97900000,b,m,
1525781356.0348,722.57000,7.70000000,s,m,
1525775012.0042,750.89000,3.73800000,b,m,
1525803947.278,734.26000,0.00618179,s,l,
1525761540.2818,754.01000,0.03369404,b,l,
1525794309.0309,730.83000,0.02428486,s,m,
1525789972.8964,731.40000,0.00451337,s,m,
1525798633.3683,731.21000,0.04500000,s,l,
1525806679.619,749.64000,2.90640572,b,l,
1525761548.04,754.01000,3.00000000,b,l,
1525783971.6238,734.76000,0.50153158,s,l,
1525787790.8395,728.62000,1.83427774,b,m,
1525761551.9595,754.01000,7.23715100,b,l,
1525778358.2861,730.00000,1.35975003,b,l,
1525761553.043,754.01000,1.65080000,b,l,
1525804097.1192,737.00000,1.17671376,b,l,
1525773913.9395,739.73000,0.31390000,s,l,
1525794329.2111,731.35000,0.07565947,b,m,
1525762536.8208,752.99000,0.04926349,b,l,
1525772758.7876,737.26000,8.79958593,s,m,
1525773914.0506,739.41000,0.31390000,b,l,
1525759286.7921,750.80000,0.29714848,s,l,
1525778133.3448,737.67000,0.04142137,s,m,
1525790299.1127,733.78000,13.66300000,b,m,
1525771279.5984,747.00000,0.00789936,s,l,
1525761574.9272,754.01000,0.06900000,b,l,
1525794343.2296,731.34000,2.97146870,b,m,
1525794344.3183,731.77000,0.02026999,b,l,
1525806311.2429,748.90000,13.10000000,b,m,
1525789845.1471,735.15000,0.09225107,s,l,
1525771424.3621,747.30000,0.08586482,s,l,
1525797463.1871,735.04000,1.00000000,b,m,
1525761131.8431,758.22000,0.32420291,s,l,
1525794353.2702,731.34000,0.10134659,b,m,
1525794357.2919,730.86000,1.00000000,s,l,
1525771188.9747,750.43000,1.00000000,b,m,
1525794362.1113,730.83000,1.25245446,s,l,
1525795975.5873,735.20000,2.00000000,b,m,
1525770449.685,755.68000,0.27659369,s,l,
1525791065.1657,730.00000,0.13009350,b,m,
1525794367.1526,731.71000,0.05000000,b,l,
1525760011.114,755.24000,0.02400000,b,m,
1525794369.831,730.83000,1.00252659,s,l,
1525775846.9651,743.00000,0.11686243,b,m,
1525795054.657,734.51000,5.00000000,s,m,
1525777559.7199,742.56000,0.00215966,s,m,
1525803004.7214,732.13000,0.12850000,s,m,
1525804465.2097,745.70000,3.00000000,b,m,
1525783748.3216,736.94000,0.03369404,b,m,
1525793095.0945,730.00000,0.63415594,s,m,
1525804995.5012,746.44000,7.96712092,b,m,
1525772555.8586,739.00000,9.40000000,s,m,
1525781645.1908,727.69000,5.00000000,b,m,
1525800085.0579,737.88000,0.02200000,b,m,
1525794393.3831,731.76000,0.00045681,b,l,
1525759796.0426,752.53000,0.25000000,b,m,
1525794399.1563,731.60000,0.03030900,s,l,
1525802523.7286,733.75000,0.09121166,s,m,
1525806342.9291,747.00000,0.14914915,b,l,
1525776336.3473,744.01000,1.45586055,s,l,
1525798502.7514,733.65000,0.02500000,b,m,
1525761132.5807,757.65000,2.59117206,s,l,
1525761641.4159,754.01000,0.78048352,b,l,
1525782883.5719,729.39000,1.00000000,s,l,
1525789283.3542,732.60000,0.13479013,s,l,
1525806375.0184,746.50000,2.63436596,s,m,
1525794415.2284,731.61000,0.52590130,b,l,
1525783911.3627,737.55000,7.41921612,s,l,
1525764334.7098,758.47000,0.03300000,b,l,
1525778034.7816,740.54000,0.02600000,b,m,
1525760275.6775,754.08000,5.00000000,b,l,
1525788215.5411,731.72000,1.00000000,b,m,
1525767062.8583,757.91000,0.06597089,s,m,
1525778672.8501,733.49000,0.05691532,s,l,
1525787248.1914,731.74000,0.33288889,b,m,
1525778042.6972,740.00000,3.84953275,s,m,
1525795054.6652,734.45000,8.63800000,s,m,
1525790327.192,732.23000,2.55000000,s,l,
1525778045.989,739.98000,6.34964732,s,l,
1525778046.0133,739.24000,5.16000000,s,l,
1525771295.1285,745.64000,0.05000000,s,l,
1525797614.2054,733.52000,0.73511111,b,l,
1525773931.5356,739.37000,0.02200000,b,l,
1525786935.5328,735.01000,0.02100000,b,m,
1525793046.4108,731.67000,0.04493122,b,l,
1525763009.0856,755.50000,0.13659100,b,l,
1525799274.9458,733.67000,0.02500000,b,m,
1525794441.929,731.61000,0.16325474,b,m,
1525785612.0805,737.09000,0.25245517,s,l,
1525776664.8841,746.28000,0.02300000,b,l,
1525778186.8272,735.60000,0.05683036,s,l,
1525794451.1477,731.61000,0.25000000,b,l,
1525802129.6835,734.80000,0.09394700,s,m,
1525781001.7659,720.01000,1.00000000,s,l,
1525779857.632,728.69000,1.03839600,b,l,
1525772923.9504,735.00000,0.92352000,s,m,
1525804956.5223,745.48000,0.03100000,b,l,
1525771597.5582,747.72000,0.07964931,b,l,
1525794466.2748,730.14000,0.06848002,s,m,
1525794467.3422,730.80000,0.40626833,s,m,
1525775247.0864,747.77000,1.00000000,b,m,
1525766518.4607,758.96000,0.71425662,b,m,
1525794471.2282,731.60000,0.03300000,s,m,
1525807950.7415,747.00000,0.31772801,b,l,
1525761710.025,754.90000,1.00000000,b,m,
1525783744.9016,734.10000,3.00124938,s,l,
1525778511.4323,736.62000,0.68754273,s,l,
1525788682.7956,730.74000,1.00000000,s,l,
1525772555.8784,738.74000,0.03000000,s,m,
1525794486.0218,731.61000,0.42409870,b,l,
1525787903.139,729.00000,6.48120958,b,l,
1525764247.3061,759.26000,1.88410000,b,m,
1525773611.2838,742.49000,1.14085669,b,m,
1525778108.6349,738.50000,4.50000000,s,m,
1525765749.1784,759.83000,0.02300000,b,m,
1525794497.0502,731.77000,0.00573001,b,l,
1525794498.6958,731.92000,0.02100000,b,l,
1525800931.0555,739.10000,0.31559020,b,l,
1525794500.9999,731.99000,0.02200000,b,l,
1525794501.0074,732.23000,0.02200000,b,l,
1525794502.315,732.45000,0.03700000,b,l,
1525778120.7827,738.68000,0.14217490,b,l,
1525794343.2363,731.39000,0.02100000,b,m,
1525790327.2005,732.18000,5.00000000,s,l,
1525780850.8966,726.10000,1.50000000,s,l,
1525782136.554,725.99000,2.99520768,b,l,
1525799799.8677,735.76000,0.39288435,b,m,
1525779916.1508,727.85000,7.70000000,b,l,
1525778133.3354,737.96000,1.00000000,s,m,
1525794518.2699,732.84000,0.18763868,b,m,
1525772911.6407,736.99000,0.50000000,s,l,
1525802527.9315,733.75000,0.57381151,s,l,
1525793798.1841,729.95000,0.35418753,b,m,
1525794524.4028,733.89000,0.05899999,b,l,
1525778142.0244,737.00000,7.70000000,b,l,
1525770803.6019,750.00000,0.10000000,s,l,
1525775091.7415,750.32000,0.54230425,s,m,
1525797463.245,735.77000,0.02200000,b,m,
1525778148.9702,736.99000,5.00000000,b,l,
1525789048.1648,729.90000,0.00421687,b,m,
1525761767.0573,754.95000,5.00000000,b,m,
1525773237.2614,739.99000,0.02600000,b,l,
1525804416.4197,742.92000,5.00000000,b,m,
1525778155.712,736.99000,0.07367367,b,l,
1525794540.0575,733.89000,0.42599999,b,l,
1525770953.07,750.80000,1.50000000,b,m,
1525760260.1308,753.51000,0.02000000,s,l,
1525778160.3153,736.99000,0.65823172,b,l,
1525761777.1959,754.97000,5.00000000,b,l,
1525774332.3992,743.31000,0.14098652,b,m,
1525803243.8404,730.41000,3.17307729,s,m,
1525786447.553,732.85000,1.44600000,b,l,
1525803853.879,735.90000,0.37814176,b,m,
1525780865.7788,724.52000,0.85314378,s,m,
1525772522.7955,741.00000,1.14667225,s,l,
1525759272.6966,751.80000,5.00000000,b,m,
1525790335.1777,732.00000,64.00000000,b,m,
1525781717.7289,727.01000,0.04190187,s,m,
1525760151.3167,755.37000,0.03200000,b,m,
1525794558.3652,733.40000,0.90360000,s,l,
1525778175.4786,736.99000,0.54560795,b,m,
1525785988.9451,731.71000,0.74000000,b,m,
1525773952.4034,739.30000,5.00000000,s,l,
1525761796.7918,754.99000,0.06622604,s,l,
1525773953.352,740.09000,1.16133333,b,l,
1525778184.1781,736.00000,0.30000000,s,m,
1525805802.5849,745.64000,0.03154663,s,m,
1525778186.8563,735.60000,0.37600641,s,l,
1525794571.6009,733.44000,0.02199999,b,l,
1525778188.8299,736.99000,0.59414323,b,l,
1525773954.1907,740.13000,0.11321405,b,l,
1525778192.387,737.00000,10.24830645,b,l,
1525788193.273,731.01000,0.02499584,s,l,
1525781252.7927,722.61000,0.19400000,s,m,
1525783124.2148,728.82000,0.06528522,b,l,
1525759728.4115,751.02000,0.05911069,s,l,
1525790340.0241,731.97000,0.25000000,b,l,
1525779418.4735,732.34000,2.62091118,s,l,
1525778207.8583,735.62000,0.05001941,s,l,
1525760304.6771,753.07000,0.82030695,s,m,
1525803450.7769,732.70000,0.02100000,b,m,
1525778373.7266,732.91000,1.33740420,b,l,
1525783857.3035,738.97000,0.50000000,b,m,
1525781437.3129,723.99000,0.52137119,b,l,
1525759430.5667,747.84000,0.63750000,s,m,
1525779420.5258,732.00000,9.49200000,b,l,
1525778218.4251,735.99000,0.29509510,b,l,
1525778220.667,735.70000,1.00000000,s,m,
1525778221.5996,735.50000,5.00000000,s,m,
1525778222.9039,735.50000,1.00000000,s,m,
1525779421.1487,732.00000,1.07852955,b,l,
1525794608.7907,733.32000,0.02099999,b,l,
1525796577.8038,733.06000,0.03393247,s,m,
1525794611.523,733.30000,0.25000000,s,l,
1525794612.2565,733.49000,0.02200000,b,m,
1525779422.0198,732.00000,4.08343269,b,l,
1525767998.4,756.10000,2.36200000,s,m,
1525794617.7648,735.00000,20.00000000,b,l,
1525800582.5665,740.00000,6.44285770,b,m,
1525778235.3133,735.98000,0.18991067,b,l,
1525778237.0356,735.97000,0.20000000,b,m,
1525760871.7697,757.72000,0.02000000,b,m,
1525761858.894,753.89000,1.00000000,s,l,
1525794627.7226,733.34000,1.00000000,s,l,
1525778244.3751,735.95000,0.13000000,b,m,
1525778246.883,735.70000,1.00000000,s,l,
1525778247.7023,735.97000,1.34604354,b,l,
1525778248.0121,735.10000,0.00220717,s,m,
1525784920.7542,739.52000,0.00000924,s,m,
1525769199.0728,757.20000,0.02000000,b,l,
1525794636.6387,733.33000,0.00000428,b,l,
1525794637.1437,736.00000,0.26653320,s,l,
1525794638.1247,736.00000,0.06663330,s,l,
1525794639.2796,732.70000,0.27392966,s,l,
1525770299.7634,755.42000,0.54611179,s,l,
1525779916.1911,728.27000,0.00000004,b,l,
1525778046.0414,738.77000,5.00000000,s,l,
1525778764.8259,731.00000,0.11694000,b,l,
1525772973.9755,735.00000,0.00562116,b,l,
1525794648.5008,732.43000,1.09972233,s,m,
1525787620.7677,729.00000,0.11788068,s,m,
1525778266.5261,735.00000,10.00000000,s,l,
1525774118.9424,742.97000,1.50000000,b,l,
1525804233.2877,738.74000,1.00000000,s,m,
1525779429.5754,732.00000,9.49200000,b,l,
1525778272.2892,734.98000,0.11311311,b,l,
1525779938.6263,727.66000,0.42207474,b,l,
1525778586.2774,733.89000,37.00000000,s,l,
1525760315.2724,753.97000,0.99920064,b,l,
1525772080.9148,744.94000,20.00000000,b,l,
1525778277.2045,734.80000,10.00000000,s,m,
1525807277.6306,746.87000,1.00000000,b,m,
1525782161.8204,726.64000,1.02748884,b,l,
1525770889.4895,749.23000,0.03000000,b,l,
1525778282.4995,733.32000,0.15396000,s,m,
1525778283.4042,732.86000,0.10342471,s,m,
1525778284.8788,734.00000,3.03572512,b,m,
1525782162.1074,726.95000,0.03217386,b,l,
1525778286.1212,733.99000,2.65147548,b,l,
1525778287.2779,734.00000,6.59035570,b,l,
1525779432.1463,732.00000,3.14015895,b,l,
1525778290.4889,733.99000,0.89708402,b,l,
1525778291.9637,733.80000,1.50000000,s,l,
1525778292.1429,731.90000,1.25000000,s,l,
1525778293.117,730.00000,2.47225886,b,l,
1525778294.9072,730.00000,6.80900000,b,l,
1525778295.0956,730.00000,22.50000000,b,l,
1525778296.3063,734.00000,0.03000000,b,l,
1525778297.6267,733.99000,0.37719583,b,l,
1525786711.6231,733.60000,0.00006461,b,l,
1525760319.5504,754.39000,0.02300000,b,m,
1525778300.626,734.00000,4.41500000,b,m,
1525761917.8947,753.05000,0.20000000,s,m,
1525778302.3996,733.11000,1.36405100,s,l,
1525789747.9966,736.54000,0.02200000,b,m,
1525766670.5648,758.10000,3.13552868,s,m,
1525778305.723,733.00000,18.80100000,b,l,
1525778306.821,733.00000,3.02039518,b,l,
1525778307.5898,733.00000,8.24719065,b,l,
1525778308.9308,733.00000,3.03416098,b,l,
1525778309.6575,732.99000,0.66966967,b,l,
1525778310.8844,732.99000,0.35700000,b,l,
1525778312.5775,732.99000,3.97333033,b,l,
1525771244.48,749.01000,4.31014010,s,l,
1525778314.9165,732.98000,5.00000000,b,l,
1525778315.657,732.99000,3.50495547,b,l,
1525778316.475,733.00000,2.18087312,b,l,
1525761933.6015,753.06000,0.06639577,s,l,
1525778318.2019,733.00000,5.87100000,b,l,
1525794703.0255,732.50000,1.00000000,b,l,
1525778321.5146,732.71000,8.53300000,s,m,
1525779427.6392,732.00000,0.35406600,b,l,
1525778323.5645,732.42000,1.00726846,s,m,
1525777691.4283,738.77000,1.44240899,s,m,
1525778327.7126,732.99000,3.69998410,b,l,
1525759170.0823,750.00000,0.44800609,b,m,
1525778330.5317,732.99000,0.30001590,b,l,
1525778331.281,732.99000,0.02975000,b,l,
1525778332.6384,732.99000,0.75853917,b,l,
1525787790.8513,728.62000,2.39082986,b,m,
1525778336.2142,732.99000,0.20248300,b,l,
1525778338.2887,733.00000,0.10000000,b,m,
1525782171.0237,727.00000,6.45400000,b,l,
1525769754.5605,759.43000,0.02300000,b,m,
1525768518.4341,759.22000,0.02400000,b,m,
1525778342.9818,733.00000,0.00000821,b,m,
1525778343.9316,733.00000,2.00000000,b,l,
1525794729.6259,733.00000,0.16100000,b,l,
1525759536.9032,747.19000,0.27199355,s,m,
1525793095.0889,730.00000,0.11427600,s,m,
1525781298.3244,720.95000,0.25000000,s,m,
1525782173.9712,727.73000,2.95596843,b,l,
1525778354.762,730.60000,22.50000000,s,l,
1525769365.1478,756.41000,0.01907545,s,l,
1525794740.6279,733.71000,0.49721712,b,m,
1525778357.9546,730.00000,6.21729646,b,l,
1525778358.2094,730.00000,3.79852750,b,l,
1525778359.6246,732.91000,7.39300000,b,l,
1525778361.9171,732.91000,0.08781703,b,m,
1525787001.1662,735.17000,0.02500000,b,m,
1525794747.4749,732.75000,0.05000000,s,l,
1525781785.5419,725.00000,28.28865596,b,l,
1525771253.5373,748.00000,2.78990000,s,l,
1525794753.6251,733.44000,0.04500000,b,l,
1525787259.8457,731.32000,0.42264695,s,l,
1525778372.0243,732.90000,4.00000000,b,l,
1525778373.734,733.00000,5.90412283,b,l,
1525795966.3214,735.49000,0.64500000,b,l,
1525778376.9943,732.51000,3.39559942,s,l,
1525778377.3953,732.95000,0.15306588,b,m,
1525794762.3128,732.80000,0.05000000,s,l,
1525794763.254,732.80000,0.44000000,s,l,
1525789300.7259,732.60000,0.11806624,s,l,
1525778383.9517,733.00000,0.16450000,b,l,
1525779343.4608,732.68000,2.77234147,s,l,
1525804024.9581,735.71000,0.02200000,b,m,
1525778386.9818,733.00000,1.00000000,b,l,
1525778387.963,733.00000,0.55833276,b,l,
1525785612.0778,737.20000,1.00000000,s,l,
1525787347.0896,732.00000,0.02100000,b,l,
1525772955.3818,735.00000,0.00000013,s,l,
1525794777.8431,732.98000,0.21080108,s,l,
1525769199.0752,757.21000,0.03100000,b,l,
1525788351.2857,732.34000,2.98820818,s,l,
1525806757.9516,749.37000,88.10410000,s,l,
1525773246.8412,740.00000,3.21953241,s,m,
1525778402.6811,733.00000,102.82959506,b,l,
1525778403.4516,733.00000,9.55804829,b,l,
1525759588.7847,750.00000,0.02200000,s,l,
1525782182.4664,727.73000,0.73443443,b,l,
1525770300.5401,753.98000,5.00000000,s,m,
1525778407.3728,733.00000,2.70739886,b,l,
1525778408.7215,733.00000,3.01348186,b,l,
1525794794.9155,734.51000,0.02500000,b,m,
1525806759.0771,749.58000,0.02200000,b,l,
1525794796.737,733.05000,0.08000000,s,l,
1525790118.892,734.35000,2.17632083,b,m,
1525762030.8058,753.12000,0.06639048,s,m,
1525768531.0439,758.82000,0.09723901,s,l,
1525794805.999,734.20000,1.50000000,b,m,
1525794806.003,734.59000,0.03568595,b,m,
1525759147.2941,749.87000,1.46300000,b,l,
1525778427.3796,732.67000,0.36659099,s,l,
1525778428.9952,730.00000,2.59710000,b,l,
1525778429.0528,730.00000,2.18488488,b,l,
1525778430.8937,732.62000,2.49130153,b,l,
1525778434.916,733.00000,2.63450970,b,l,
1525782187.1863,727.73000,9.49200000,b,l,
1525761958.8104,753.76000,0.02000000,b,m,
1525783971.615,735.10000,1.59778292,s,l,
1525778738.723,730.99000,1.22553215,b,l,
1525778439.5207,732.99000,1.88000000,b,l,
1525782188.2104,728.95000,0.00004001,b,m,
1525778443.153,733.00000,1.09795948,b,l,
1525778444.9259,733.00000,16.42880000,b,l,
1525778446.0843,733.00000,9.00000000,b,l,
1525794831.4351,734.03000,0.02100000,b,m,
1525778448.7346,733.00000,8.22000000,b,l,
1525784920.7666,739.52000,0.41049379,s,m,
1525778450.0521,733.00000,9.49200000,b,l,
1525778451.6519,733.00000,4.02962784,b,l,
1525778452.1032,733.00000,7.52700000,b,l,
1525778453.1329,733.00000,16.46877653,b,l,
1525778454.6459,734.90000,0.00000006,b,l,
1525778456.6631,736.68000,1.64515065,b,l,
1525771268.9041,747.00000,1.67500000,s,l,
1525794844.0366,733.99000,0.05200000,b,m,
1525794845.9706,735.08000,0.37388856,b,l,
1525778462.7583,735.72000,1.23743391,b,l,
1525778463.8941,736.15000,0.08761000,s,l,
1525778464.3692,736.15000,0.16483500,s,l,
1525771407.8438,746.18000,53.65243898,b,l,
1525805536.6836,746.60000,1.92039611,b,m,
1525778467.2976,736.15000,1.23700000,s,l,
1525762084.1861,751.60000,3.44000000,s,l,
1525787654.097,729.00000,0.05900000,s,m,
1525782193.7919,728.20000,1.50000000,s,m,
1525778472.3973,736.15000,1.29635971,b,l,
1525762089.7083,751.44000,2.52296158,s,l,
1525789562.3978,735.43000,0.67904761,b,m,
1525794859.9202,734.60000,0.00000133,b,m,
1525762092.1254,751.44000,2.52294363,b,l,
1525762093.0606,751.44000,0.94836158,s,l,
1525768541.1583,757.50000,1.50000000,s,l,
1525778593.6863,733.00000,2.74900000,b,l,
1525796051.3671,734.97000,0.02900000,b,l,
1525789445.532,734.27000,0.02500000,b,m,
1525762101.3133,752.50000,0.66419141,b,m,
1525762103.9365,751.46000,0.03500000,s,l,
1525778490.6621,736.89000,0.23988584,b,l,
1525794875.7831,734.40000,0.10000000,b,m,
1525791082.8011,730.31000,0.02200000,b,l,
1525798581.0459,732.48000,0.14343765,s,l,
1525778497.6626,736.80000,3.59999457,b,l,
1525778498.9414,736.80000,1.10290681,b,l,
1525794886.3161,733.53000,1.00000000,s,l,
1525795852.69,734.65000,0.08083755,b,m,
1525794890.8047,733.35000,1.42624149,s,l,
1525770351.1043,753.50000,0.38231641,b,l,
1525771253.5348,748.00000,1.09900000,s,l,
1525775593.5831,743.02000,0.23460176,s,l,
1525778511.4577,735.72000,3.51828325,s,l,
1525778512.4086,733.00000,2.07267267,b,l,
1525778513.5817,733.00000,0.00145684,b,l,
1525778514.4836,733.00000,201.30253390,b,l,
1525760355.4164,755.13000,0.02000000,s,l,
1525778517.7705,736.52000,0.03755633,b,l,
1525778518.0407,736.52000,0.15000000,b,l,
1525806777.3582,749.01000,0.73460007,s,l,
1525768548.1079,757.29000,10.00000000,s,l,
1525794906.7109,733.49000,0.02200000,b,l,
1525778523.4805,734.94000,7.70000000,s,l,
1525762140.0869,751.43000,0.17543271,b,l,
1525794909.4662,734.49000,0.11195426,b,l,
1525778266.5179,735.13000,1.00000000,s,l,
1525806779.9734,749.00000,0.61286048,s,l,
1525779418.4319,733.65000,0.06815239,s,l,
1525794917.1464,733.60000,0.35000000,s,l,
1525779473.7375,733.16000,1.00000000,s,m,
1525778536.5854,736.15000,11.00334101,b,l,
1525778537.9868,736.15000,20.00000000,b,l,
1525794357.2879,730.90000,1.50000000,s,l,
1525762158.7805,751.20000,0.01346197,s,m,
1525782614.6533,728.64000,0.02400000,b,m,
1525778546.9939,735.53000,0.71838703,s,l,
1525797579.24,735.01000,5.00000000,s,l,
1525794932.2226,734.11000,0.10612596,b,m,
1525782206.187,729.33000,0.02100000,b,l,
1525795860.0164,734.63000,0.02200000,b,m,
1525805678.3085,747.30000,0.25645444,s,l,
1525792680.9069,732.78000,0.07773231,b,m,
1525779685.9451,731.91000,0.12000000,s,l,
1525778557.9097,735.90000,1.50000000,s,l,
1525778558.9319,736.15000,7.07303019,b,l,
1525778559.2233,736.15000,20.00000000,b,l,
1525794944.2413,734.58000,0.05496706,b,m,
1525767625.0002,757.58000,0.04000000,b,l,
1525771286.6414,746.80000,1.65633682,s,l,
1525790401.6372,731.48000,7.70000000,s,m,
1525778568.2642,735.80000,0.13790342,s,l,
1525771287.2684,746.80000,1.00000000,s,m,
1525778572.2261,734.96000,1.65433478,b,l,
1525778573.7839,734.96000,4.40084950,b,l,
1525778575.7541,734.90000,5.00000000,s,l,
1525762195.0837,752.47000,1.00000000,b,l,
1525806311.1472,746.98000,0.04300000,b,m,
1525803633.1898,732.42000,0.21236408,s,m,
1525778584.3712,736.10000,1.00000000,b,m,
1525778586.2909,733.00000,1.69855020,s,l,
1525778292.1315,731.98000,8.77100000,s,l,
1525778588.7648,733.00000,4.94924366,b,l,
1525778589.0975,733.00000,0.37493046,b,l,
1525778590.1746,733.00000,10.76410000,b,l,
1525778591.0862,733.00000,9.49200000,b,l,
1525778592.6649,733.00000,20.00000000,b,l,
1525778593.4497,733.00000,2.16953206,b,l,
1525778594.9834,733.00000,0.16371078,b,l,
1525778595.5237,733.00000,15.18847850,b,l,
1525778598.8713,734.44000,12.00000000,s,l,
1525806907.5536,748.36000,0.06913411,b,l,
1525794500.9956,731.92000,0.00500000,b,l,
1525789449.0284,733.50000,1.50000000,s,l,
1525778605.9055,734.45000,0.21049017,s,l,
1525794992.6376,734.39000,1.96400000,b,l,
1525794993.0575,734.20000,0.12000000,s,l,
1525794994.7288,734.39000,0.02600000,b,l,
1525779685.7582,732.01000,2.21400000,s,l,
1525772555.8542,739.01000,30.73100000,s,m,
1525782217.3161,728.21000,0.19600000,s,l,
1525790937.2616,728.69000,0.28424867,b,l,
1525793814.6124,729.89000,0.02200000,b,l,
1525771295.2053,745.25000,0.02250474,s,l,
1525773018.4584,736.99000,3.18880385,b,l,
1525802576.7697,733.67000,0.25000000,b,l,
1525760154.7935,757.00000,5.00000000,b,m,
1525763104.8773,756.57000,0.02000000,b,m,
1525767901.9327,756.67000,0.13054853,s,l,
1525770355.2232,753.92000,0.02300000,b,l,
1525795012.7271,734.54000,0.02199999,b,l,
1525795013.6619,734.54000,0.18270426,b,l,
1525778594.6199,733.00000,1.04000000,b,l,
1525797034.8823,734.93000,0.02200000,b,l,
1525798179.2234,733.92000,0.02118424,b,l,
1525795019.7126,735.12000,0.02200000,b,l,
1525778586.3726,733.00000,7.70000000,b,l,
1525787620.7828,728.70000,16.73971084,s,m,
1525762257.4285,752.90000,0.96100000,b,l,
1525762258.0356,752.90000,0.53900000,b,l,
1525791087.8802,730.45000,0.34812322,b,l,
1525762260.0358,752.93000,0.02000000,b,l,
1525778646.1219,734.44000,49.74700000,s,l,
1525778648.4564,734.48000,1.00000000,b,l,
1525787684.8767,729.88000,0.06059864,b,m,
1525795034.0412,735.69000,6.57550500,b,m,
1525804210.0014,740.33000,7.05425652,b,l,
1525762268.1045,752.90000,2.93359100,s,m,
1525760378.1886,754.23000,0.07973067,s,m,
1525760159.3159,757.00000,0.50290000,s,l,
1525778656.0941,734.00000,1.00000000,s,l,
1525782224.9519,729.95000,0.03900000,b,m,
1525806909.1622,746.80000,1.25000000,s,l,
1525778376.9873,732.91000,1.12171480,s,l,
1525781298.2983,722.20000,0.11191191,s,m,
1525772556.0289,736.61000,0.67000000,s,m,
1525778908.2645,730.60000,4.93781321,b,m,
1525804589.2307,747.20000,0.95954393,b,m,
1525795054.6687,734.42000,0.26520704,s,m,
1525780004.1748,729.70000,3.68600000,s,l,
1525795056.3916,735.56000,4.00000000,b,l,
1525759827.9758,752.53000,0.23345729,b,m,
1525778675.9015,732.00000,1.86324590,b,l,
1525778676.9228,732.00000,1.90870266,b,l,
1525778677.2365,732.00000,0.56224262,b,l,
1525778678.6039,732.00000,7.62500000,b,l,
1525778679.1053,732.00000,9.49200000,b,l,
1525778680.2808,732.00000,20.00000000,b,l,
1525778681.4725,732.00000,4.11427869,b,l,
1525778682.5517,732.00000,20.00000000,b,l,
1525778683.7732,732.00000,1.56875775,b,l,
1525778684.8641,732.00000,20.00000000,b,l,
1525778685.1159,732.00000,1.74900000,b,l,
1525778686.6666,732.00000,2.82920000,b,l,
1525778687.0876,732.00000,3.00425363,b,l,
1525778688.2729,732.00000,20.00000000,b,l,
1525779857.7184,729.09000,0.36665342,b,l,
1525791087.6744,730.43000,0.06954403,b,l,
1525795075.1967,735.17000,0.35000000,b,l,
1525771393.8278,744.85000,0.00000004,b,l,
1525759718.3152,751.46000,0.41787006,b,l,
1525789833.7765,736.01000,1.88000000,s,l,
1525806311.2398,748.85000,8.97000000,b,m,
1525807173.4795,745.92000,0.31000000,b,m,
1525778703.0196,734.00000,0.03077215,b,l,
1525779975.6311,729.68000,0.60014974,s,m,
1525772266.4172,743.65000,4.62500000,s,l,
1525795090.2866,736.83000,23.87908800,b,l,
1525795091.3418,737.00000,0.08090000,s,l,
1525795093.1843,737.00000,12.00000000,s,l,
1525795094.5379,737.00000,42.00000000,s,l,
1525795095.6758,737.00000,21.62000000,s,l,
1525795096.8183,737.00000,12.00000000,s,l,
1525795097.6208,737.00000,71.53519239,s,l,
1525761121.0712,759.50000,0.51049809,b,m,
1525780475.6028,731.57000,0.08869747,s,l,
1525800806.885,738.93000,0.35400000,b,m,
1525778718.4499,733.44000,0.53384176,s,l,
1525778719.8006,732.08000,0.00000019,s,m,
1525778568.2574,735.81000,0.51363957,s,l,
1525795107.8362,736.70000,2.50000000,b,m,
1525771175.0146,750.58000,0.70829375,b,m,
1525791554.8604,732.49000,0.08741467,b,m,
1525795112.3456,736.00000,0.30323860,s,l,
1525767247.638,757.00000,0.10000000,s,m,
1525790939.3381,728.38000,0.42000000,s,l,
1525795116.7098,736.00000,1.00000000,s,l,
1525778733.8108,732.21000,0.05030000,s,l,
1525778734.1282,732.20000,2.57405800,s,l,
1525778736.1879,731.22000,6.82100000,s,l,
1525784968.373,739.94000,0.02300000,b,l,
1525778738.7104,730.99000,2.71830000,b,l,
1525778739.2947,731.00000,20.00000000,b,l,
1525778740.1146,730.99000,1.03709070,b,l,
1525778741.572,730.75000,0.05909552,b,l,
1525778742.1924,731.00000,3.34261108,b,l,
1525778743.1653,731.00000,0.23600000,b,l,
1525778744.1764,730.98000,5.00000000,b,l,
1525759927.6268,753.58000,0.08000000,s,m,
1525778746.1423,731.00000,3.52500000,b,l,
1525778747.2242,730.72000,0.00468159,s,m,
1525778748.7108,731.00000,1.13150000,b,l,
1525784970.0959,740.95000,0.02200000,b,m,
1525778750.5715,731.00000,7.70225718,b,l,
1525778751.2953,731.00000,4.59100000,b,l,
1525773087.3695,739.71000,0.18374892,s,m,
1525778754.1299,731.00000,4.59100000,b,l,
1525775077.6609,751.37000,0.04400000,b,m,
1525778756.134,731.00000,1.00463803,b,l,
1525778757.262,731.00000,50.00000000,b,l,
1525778758.6383,731.00000,100.00000000,b,l,
1525778759.1755,731.00000,1.11597045,b,l,
1525778760.9103,730.98000,5.17563106,s,l,
1525778762.162,731.00000,0.27606133,b,l,
1525778763.3732,730.99000,0.24000000,s,m,
1525778764.655,731.00000,1.35344490,b,l,
1525778766.3806,731.00000,0.03075724,b,l,
1525760151.3254,755.38000,0.02400000,b,m,
1525778774.9197,731.00000,9.00000000,b,l,
1525778775.5328,731.00000,3.25785786,b,l,
1525770360.4887,753.95000,2.62921371,b,l,
1525778778.6354,731.00000,0.20408900,b,l,
1525762396.9443,752.99000,0.02100000,b,m,
1525795165.4954,736.50000,0.51707187,b,l,
1525778782.5426,731.00000,0.41300000,b,l,
1525778783.9472,731.00000,0.41330000,b,l,
1525778784.1331,731.00000,0.48290444,b,l,
1525778785.0786,731.00000,0.08071610,b,l,
1525759517.0827,748.66000,2.19250098,b,l,
1525782246.4277,729.99000,0.47900000,b,l,
1525778790.2229,731.00000,1.03625828,b,l,
1525801361.4414,737.47000,0.19446209,s,l,
1525778292.1373,731.98000,1.51047677,s,l,
1525778794.2022,731.00000,0.03523934,b,l,
1525768351.3236,757.87000,6.61731200,b,l,
1525788197.2781,731.73000,0.02100000,b,l,
1525778798.4241,731.00000,0.53921031,b,l,
1525795187.0646,736.49000,0.07684477,b,m,
1525779518.881,733.20000,0.29573093,s,m,
1525778806.3859,731.00000,1.70796298,b,l,
1525798633.3818,731.21000,1.36875401,s,l,
1525793172.31,730.34000,0.88271110,b,l,
1525781818.3684,725.00000,0.50000000,s,l,
1525778377.0028,732.50000,0.00000251,s,l,
1525778813.6978,731.00000,20.00000000,b,l,
1525795198.9385,736.49000,0.02600000,b,m,
1525793275.9073,730.86000,0.02500000,b,l,
1525761662.3842,754.96000,0.13685965,b,m,
1525778817.3921,731.00000,11.21353305,b,l,
1525778818.7086,730.99000,2.60613197,s,m,
1525772973.9545,734.96000,1.00000000,b,l,
1525770907.8871,749.25000,0.04000000,s,l,
1525778821.7987,731.00000,2.95627372,b,l,
1525804097.1347,737.00000,0.51464544,b,l,
1525795208.1111,737.00000,9.62389017,s,l,
1525790444.8806,731.80000,0.15443399,s,l,
1525790983.254,732.90000,0.01200000,b,l,
1525778828.8324,731.00000,3.19790727,b,l,
1525795214.3517,737.00000,10.37610983,s,l,
1525778831.7551,731.00000,0.79462494,b,l,
1525759846.9172,753.48000,0.02000000,b,l,
1525778833.1554,731.00000,8.78868069,b,l,
1525778834.7852,731.00000,3.97114108,b,l,
1525795219.1949,736.88000,0.02117880,s,l,
1525795222.3568,735.16000,0.22656875,s,l,
1525795223.0445,734.93000,0.02828513,s,l,
1525795225.5357,734.74000,1.37000000,s,l,
1525795226.1423,734.74000,1.46810000,s,m,
1525785612.1004,737.00000,0.96042107,s,l,
1525778845.7159,731.00000,8.41110000,b,l,
1525778846.2948,730.99000,0.06840039,s,l,
1525778847.9969,731.00000,10.00000000,b,l,
1525778848.4468,731.00000,0.69590000,b,l,
1525794909.4575,733.53000,0.02000000,b,l,
1525778295.2656,730.00000,5.62500000,b,l,
1525778851.4269,730.99000,5.00000000,b,l,
1525778852.0361,731.00000,0.26700000,b,l,
1525778853.19,731.00000,1.01790000,b,l,
1525786180.7595,731.18000,0.18618019,s,m,
1525774065.7183,744.58000,0.19090124,b,m,
1525778856.7352,731.00000,22.05932306,b,l,
1525795243.4015,734.30000,1.52200000,b,l,
1525793181.7241,729.89000,0.18400677,b,l,
1525771336.1498,745.00000,4.16107000,s,l,
1525787853.7389,728.91000,0.17430817,s,m,
1525774122.6317,742.93000,0.55101344,b,l,
1525804237.1646,739.90000,0.02496768,b,m,
1525795255.3635,734.28000,0.12748860,b,m,
1525778874.1659,731.01000,8.71400000,s,l,
1525760415.3238,754.30000,0.76229616,s,m,
1525795261.4141,734.00000,5.38821438,s,m,
1525795263.5113,734.07000,0.11716209,b,m,
1525778880.487,731.41000,2.76260138,b,m,
1525778881.1292,731.07000,1.00000000,s,l,
1525791805.132,734.26000,0.04374896,b,m,
1525795269.3774,734.06000,0.04500000,b,m,
1525768346.696,757.75000,0.58106399,b,l,
1525800290.7317,738.48000,0.02200000,b,m,
1525774071.9642,743.38000,0.55101344,s,l,
1525778892.7215,730.00000,0.04800000,s,m,
1525778894.4959,730.40000,1.28158104,b,l,
1525771341.1327,745.00000,1.02100000,s,l,
1525795280.2623,734.80000,0.69676140,b,l,
1525773904.3773,740.70000,0.14897725,b,l,
1525778292.0489,731.98000,2.26300000,s,l,
1525778906.5328,730.60000,2.76218679,b,m,
1525778908.2806,730.93000,1.00000000,b,m,
1525804735.7325,745.70000,0.80000000,b,l,
1525759901.6632,753.76000,0.04700000,b,m,
1525778911.8459,731.00000,0.10000000,s,l,
1525795296.1276,734.89000,0.16383698,b,m,
1525771344.761,745.00000,6.00000000,b,m,
1525782267.9687,729.95000,0.12878204,b,l,
1525778916.2368,729.99000,0.00000105,s,m,
1525780917.0153,723.00000,0.01248801,b,l,
1525762536.834,753.00000,1.00000000,b,l,
1525782268.3628,730.00000,0.91293162,b,m,
1525761138.0096,756.83000,0.02849058,s,l,
1525787730.0047,728.65000,0.34693508,b,m,
1525799000.7601,731.96000,0.53520598,s,l,
1525793192.3706,730.34000,0.24317301,b,l,
1525759073.1643,750.00000,0.06900000,s,l,
1525781822.8483,723.56000,14.39505835,s,m,
1525778932.2295,731.23000,0.09400674,b,m,
1525789188.3173,731.70000,0.02300000,s,m,
1525778936.6155,731.24000,1.76218679,b,m,
1525775821.2936,743.01000,0.02377712,s,l,
1525778292.2411,730.00000,87.32028433,s,l,
1525779308.3286,732.00000,0.44344137,b,l,
1525795325.4541,734.75000,0.00263496,b,l,
1525773543.9437,740.57000,0.00400000,b,l,
1525762559.9247,752.98000,0.02300000,b,l,
1525798656.7484,731.22000,4.50000000,s,l,
1525761858.9116,753.86000,0.06632531,s,l,
1525790006.6505,731.84000,0.17102736,b,l,
1525763104.8933,757.10000,0.02300000,b,m,
1525762565.7164,752.32000,0.00000014,s,m,
1525797644.3326,733.57000,2.76599159,b,l,
1525788915.7391,733.94000,0.02600000,b,l,
1525769365.1923,755.76000,0.07789358,s,l,
1525778954.8238,731.23000,1.28110889,b,l,
1525774767.5777,748.99000,0.02200000,b,m,
1525771079.1537,751.91000,67.69261301,s,l,
1525798658.055,731.22000,4.43200000,s,l,
1525808010.1187,748.53000,0.02600000,b,m,
1525804539.0465,745.58000,0.50273479,b,m,
1525778963.4109,731.12000,0.10562222,b,m,
1525788825.9378,731.76000,0.02200000,b,m,
1525763104.8968,757.19000,0.12007507,b,m,
1525806852.8942,748.20000,0.02500000,s,l,
1525804737.5721,745.70000,3.20000000,b,l,
1525778971.1034,731.64000,0.32028433,b,m,
1525801619.3333,736.80000,0.36116428,s,m,
1525778974.5175,731.67000,0.12420685,b,l,
1525759080.4736,749.42000,5.45200000,s,m,
1525779422.4025,732.00000,20.00000000,b,l,
1525806374.9744,746.84000,0.02621696,s,m,
1525770839.979,749.99000,0.00583638,b,l,
1525776305.537,742.81000,3.99000000,s,l,
1525795366.1373,734.39000,0.00006140,b,m,
1525778983.2289,731.79000,0.84700963,b,m,
1525791644.0977,731.34000,3.12226563,s,l,
1525778987.7187,731.04000,5.00000000,s,m,
1525778993.7313,732.26000,0.11453775,b,l,
1525778160.7199,737.00000,1.28409919,b,l,
1525795934.0195,735.00000,0.21907810,s,l,
1525776251.6139,742.00000,1.45024472,b,l,
1525785907.5171,734.51000,0.04902588,s,l,
1525795384.6968,734.07000,0.05099640,s,m,
1525806311.2563,749.23000,0.27340376,b,m,
1525794636.7238,736.50000,2.79041998,b,m,
1525779551.0933,733.88000,0.99984871,b,l,
1525779005.1839,731.70000,1.50000000,s,l,
1525773641.94,742.76000,0.05967958,b,l,
1525778046.0506,738.60000,14.80000000,s,l,
1525779008.0987,731.00000,5.20778639,b,l,
1525779009.8764,731.00000,0.39019019,b,l,
1525779010.5019,731.00000,0.81700000,b,l,
1525779011.1427,731.00000,9.49200000,b,l,
1525779012.8626,731.00000,4.03250536,b,l,
1525785014.7415,739.86000,0.08976661,s,m,
1525779014.692,731.00000,0.50000000,b,l,
1525779015.3452,731.00000,0.19687423,b,l,
1525779016.2495,731.00000,4.49200000,b,l,
1525779017.647,731.00000,9.49200000,b,l,
1525779018.341,731.00000,0.12515097,b,m,
1525759517.0896,749.30000,4.43300000,b,l,
1525795404.9475,734.37000,0.02600000,b,m,
1525804130.844,738.80000,0.15214300,b,l,
1525779022.0603,731.00000,8.31500000,b,l,
1525779023.3911,731.00000,0.68024816,b,l,
1525795408.05,734.36000,0.02500000,b,l,
1525779026.94,731.00000,5.71191509,b,l,
1525779027.6341,731.00000,1.14000000,b,l,
1525779643.5061,732.97000,0.56369374,b,m,
1525785017.8966,740.96000,0.02200000,b,l,
1525779033.9311,731.00000,7.94300000,b,l,
1525779034.9519,731.00000,8.50500000,b,l,
1525779035.4408,731.00000,0.15648081,b,l,
1525793210.7591,729.73000,3.11075534,s,l,
1525779038.3526,731.00000,0.33360000,b,l,
1525804133.381,739.25000,0.11686243,b,m,
1525779041.8137,731.00000,75.00000000,b,l,
1525779042.6235,731.00000,3.73790000,b,l,
1525779043.701,731.00000,0.30951924,b,l,
1525762660.9984,752.52000,0.19563920,s,m,
1525804134.9321,739.26000,0.02500000,b,m,
1525779046.1076,731.00000,9.60000000,b,l,
1525807948.9982,746.45000,4.99999452,b,m,
1525795432.7684,734.34000,0.02600000,b,m,
1525779049.3537,731.00000,0.55615857,b,l,
1525779050.4281,731.00000,0.21475290,b,l,
1525794343.2392,731.54000,0.02500000,b,m,
1525774887.0995,748.93000,0.00000005,b,l,
1525779053.8385,731.00000,1.33000000,b,l,
1525779054.6395,730.99000,5.00000000,s,l,
1525789188.3005,731.70000,0.00000002,s,m,
1525779056.6607,731.00000,1.09900000,b,l,
1525779057.8987,731.00000,1.11431660,b,l,
1525777724.4591,740.95000,1.59400000,b,m,
1525795448.9655,734.33000,0.02200000,b,m,
1525761095.2937,759.50000,0.90000000,b,m,
1525790010.6633,731.28000,0.05024111,s,m,
1525779562.2346,733.30000,9.09300000,s,l,
1525796571.4852,733.42000,0.14762239,s,l,
1525806869.2464,748.25000,0.14547861,s,l,
1525779072.8073,731.00000,2.23799170,b,l,
1525771268.9204,747.00000,0.41648717,s,l,
1525779074.9402,731.00000,10.01000000,b,l,
1525762691.3349,752.99000,0.15299850,b,l,
1525779076.1116,731.00000,3.11094293,b,l,
1525782294.5296,730.00000,1.00000000,b,l,
1525770370.3284,755.91000,2.48387092,b,l,
1525767904.9753,755.80000,9.73359981,s,l,
1525762557.3283,752.99000,0.02300000,b,l,
1525779089.7285,731.00000,20.00000000,b,l,
1525781183.4358,724.90000,0.60600000,b,l,
1525779091.9933,731.00000,9.00000000,b,l,
1525779092.3913,731.00000,1.00000000,b,l,
1525779093.2059,731.00000,0.17416879,b,l,
1525779094.1497,731.00000,0.61012638,b,l,
1525795480.7089,734.00000,94.41536112,s,l,
1525795481.7672,733.50000,15.55933387,s,l,
1525778292.2043,730.73000,3.21833383,s,l,
1525768645.6081,756.71000,0.91818769,s,l,
1525759797.3711,751.12000,3.75228099,s,l,
1525795491.188,733.50000,15.70052954,s,l,
1525774190.4291,742.79000,0.02600000,b,m,
1525790894.7548,728.67000,0.05395118,s,l,
1525771407.5322,745.67000,0.00006000,b,m,
1525788247.7064,732.67000,0.02500000,b,l,
1525781121.6569,723.00000,3.60990000,b,l,
1525799970.1192,738.94000,0.40000000,b,m,
1525779118.9117,730.99000,0.23159961,s,l,
1525765917.0343,759.40000,0.03200000,b,m,
1525770861.31,749.37000,0.02651548,s,l,
1525782302.1933,730.00000,2.00000000,b,l,
1525779127.9684,730.32000,4.00710000,s,l,
1525787766.1106,728.10000,5.00000000,s,l,
1525804149.8647,739.23000,0.02500000,b,m,
1525765589.4196,759.92000,0.02400000,b,m,
1525804539.0711,746.06000,0.04600000,b,m,
1525787766.1047,728.61000,9.11200000,s,l,
1525795532.5933,732.60000,0.15210300,s,l,
1525795534.2901,732.32000,1.75842200,s,l,
1525779152.6262,730.32000,0.48077352,s,l,
1525779153.1652,730.00000,1.00622648,b,l,
1525779155.8711,730.99000,0.23531506,b,l,
1525771287.2801,746.80000,10.00000000,s,l,
1525795541.4581,732.51000,0.05000000,b,l,
1525772555.911,737.81000,2.85517718,s,m,
1525800420.5671,740.85000,0.02300000,b,m,
1525762908.6971,754.91000,0.23676300,b,m,
1525800499.7851,740.78000,0.02200000,b,m,
1525778760.3761,731.00000,0.02460579,b,l,
1525762784.834,753.00000,0.20000000,b,m,
1525803257.7368,730.13000,0.11493721,s,l,
1525779171.2466,730.39000,2.00000000,s,l,
1525800125.4413,737.60000,0.08305576,b,m,
1525795090.21,735.14000,0.65000000,b,l,
1525795562.0362,732.32000,0.87065785,s,l,
1525793663.3725,732.69000,0.02500000,b,m,
1525795566.1802,732.40000,0.04786170,b,m,
1525782056.9462,724.52000,0.32248954,s,m,
1525773087.3822,739.71000,0.00047108,s,m,
1525795966.4598,738.00000,0.20000000,s,l,
1525772556.1522,736.35000,0.02000000,s,m,
1525779191.9817,730.99000,0.12245150,b,l,
1525802831.9357,733.68000,3.19934252,b,m,
1525779193.7521,731.00000,0.47383545,b,l,
1525795967.7847,738.00000,1.69559719,s,m,
1525781717.0993,727.03000,0.06655037,s,l,
1525807949.3827,746.45000,1.00000000,b,m,
1525775012.0373,751.17000,0.52949325,b,m,
1525762820.6227,753.00000,0.10000000,b,l,
1525795589.1507,732.32000,0.12891134,s,l,
1525794636.7377,736.60000,2.00000000,b,m,
1525771393.8253,744.85000,0.00006323,b,l,
1525759272.7045,751.81000,8.74929114,b,m,
1525779212.5416,730.99000,0.40000000,b,l,
1525778558.924,736.14000,5.00000000,b,l,
1525779214.3695,730.99000,0.13258838,b,l,
1525779215.0752,731.00000,0.40000000,b,l,
1525779217.8158,731.00000,0.76000000,b,l,
1525779218.5068,731.00000,1.16670734,b,l,
1525795603.4977,732.38000,0.34896137,b,m,
1525779220.1209,731.00000,17.44000000,b,l,
1525779222.4469,731.00000,0.14249508,b,l,
1525779223.5839,731.00000,1.55380000,b,l,
1525779224.4288,731.00000,6.65202840,b,l,
1525779225.0796,731.71000,0.63244100,b,l,
1525779226.2018,731.87000,0.02500000,b,m,
1525760474.2888,753.30000,3.55630986,s,l,
1525799495.0363,733.77000,0.04500000,b,l,
1525795618.7205,732.40000,0.08853685,b,m,
1525805837.6651,746.40000,1.12930076,s,l,
1525759588.1258,749.99000,0.03511839,b,l,
1525779240.546,733.09000,0.93206671,b,l,
1525795090.2384,736.24000,0.33170756,b,l,
1525799836.3461,736.18000,0.00090000,b,l,
1525795975.5926,736.20000,2.94672763,b,m,
1525799274.9536,733.69000,0.02100000,b,m,
1525779247.1163,734.00000,0.97900000,b,l,
1525779248.5694,733.75000,0.10682089,s,l,
1525799742.8158,733.99000,0.02100000,b,l,
1525762867.1926,753.34000,0.02000000,b,l,
1525783701.0765,732.60000,3.23800000,b,m,
1525772597.0759,739.14000,20.00000000,s,m,
1525779255.8912,733.19000,3.04264264,b,l,
1525770376.3801,755.90000,0.32578691,b,m,
1525779263.869,732.10000,13.64600000,s,l,
1525779264.7162,732.00000,2.18890000,b,l,
1525804465.0997,744.82000,2.58000000,b,l,
1525804567.7592,746.89000,0.02200000,b,m,
1525779270.072,732.00000,0.62160000,b,l,
1525779271.3327,731.97000,1.00000000,b,l,
1525762888.7923,753.39000,0.02000000,b,l,
1525779273.3143,732.00000,9.49200000,b,l,
1525779275.6072,731.99000,0.08525546,b,l,
1525779276.4799,732.00000,9.49200000,b,l,
1525768674.1145,755.07000,0.95028323,s,l,
1525762894.8848,753.57000,0.02000000,b,l,
1525779279.8474,731.94000,3.00000000,s,m,
1525779280.852,732.00000,9.49200000,b,l,
1525779282.1651,732.00000,1.10300000,b,l,
1525779284.4173,732.00000,7.67200000,b,l,
1525787790.8554,729.49000,0.14614951,b,m,
1525762905.4104,753.58000,0.02000000,b,l,
1525779290.5668,732.00000,2.88811475,b,l,
1525779291.2633,732.00000,2.83420000,b,l,
1525762908.6913,754.91000,0.07410000,b,m,
1525804539.0595,745.94000,3.00124938,b,m,
1525779294.5746,732.00000,2.46079672,b,l,
1525774332.4269,744.50000,50.44212365,b,m,
1525779297.9869,732.00000,2.87300000,b,l,
1525779298.0402,732.00000,9.49200000,b,l,
1525779299.807,732.00000,0.03000000,b,l,
1525779300.8243,732.00000,7.38550000,b,l,
1525779301.5147,732.00000,1.02873774,b,l,
1525779302.3782,732.00000,1.02363450,b,l,
1525779303.3894,732.00000,1.00000000,b,l,
1525779304.7499,732.00000,5.77478171,b,l,
1525779305.0417,732.00000,9.59930000,b,l,
1525779306.7083,732.00000,3.00425363,b,l,
1525779307.7353,732.00000,0.16393443,b,l,
1525779308.2432,732.00000,0.40000000,b,l,
1525771932.4973,743.00000,0.56302983,s,m,
1525795697.4609,732.40000,0.02809456,b,l,
1525771943.2776,742.68000,0.03000000,s,m,
1525795699.9591,732.41000,5.15525115,b,l,
1525806910.9001,748.25000,0.69930244,b,l,
1525762934.2414,754.05000,0.07991400,s,l,
1525793257.8091,730.59000,1.00000000,b,l,
1525803258.7282,729.23000,1.29045238,s,m,
1525804655.3972,743.34000,2.55000000,s,m,
1525795706.4309,732.71000,0.04800000,b,l,
1525795707.4335,733.00000,9.60000000,b,l,
1525770197.2181,757.78000,0.82000000,s,l,
1525772015.3679,741.35000,0.10259582,s,m,
1525779328.2506,733.50000,0.93029500,b,l,
1525795713.4923,733.71000,1.50500000,b,l,
1525762195.0961,752.93000,0.51575948,b,l,
1525795717.3866,734.56000,0.02824559,b,m,
1525764590.8834,756.43000,0.01487350,s,m,
1525784429.5177,736.00000,11.95719760,b,l,
1525779336.2378,733.90000,1.20431562,b,l,
1525801452.3464,737.32000,0.19258982,s,l,
1525792531.2014,732.99000,0.92729279,b,l,
1525772918.41,735.15000,2.97383194,s,l,
1525802129.5761,736.00000,0.10000000,s,m,
1525779343.4664,732.63000,2.55000000,s,l,
1525784018.124,736.83000,0.00006451,b,m,
1525771416.8597,747.28000,0.87600000,b,l,
1525779346.614,732.00000,0.20175113,b,l,
1525779347.6596,732.00000,4.83106612,b,l,
1525779351.9618,734.00000,0.22800000,b,l,
1525762968.0196,754.91000,0.07991414,b,l,
1525772101.0273,746.64000,0.02600000,b,l,
1525792414.0362,731.25000,1.57471721,s,m,
1525771943.2589,743.50000,1.50000000,s,m,
1525799907.0616,737.06000,4.10272279,b,l,
1525759286.7884,750.81000,0.99400000,s,l,
1525762976.5031,755.00000,0.23535637,b,l,
1525795749.0789,734.94000,0.02100000,b,m,
1525781291.4308,723.10000,0.00119542,b,l,
1525782391.954,730.00000,2.36532883,s,l,
1525762987.2508,755.00000,17.92014551,b,l,
1525779263.8566,732.12000,0.52399009,s,l,
1525760159.3243,757.00000,0.12950524,s,l,
1525804499.6951,744.30000,1.50000000,b,l,
1525780977.183,720.99000,3.55969764,b,l,
1525782655.8471,730.00000,0.01248801,b,m,
1525771423.0249,747.93000,0.06253245,b,m,
1525763005.3019,755.33000,0.02400000,b,l,
1525772101.012,745.69000,0.18750755,b,l,
1525763007.9667,755.37000,0.02000000,b,l,
1525763009.0991,755.50000,0.00775000,b,l,
1525780079.8833,731.02000,2.99000000,s,l,
1525768346.6979,757.75000,0.02114456,b,l,
1525759901.6684,754.22000,0.02400000,b,m,
1525769365.1383,756.41000,0.01100000,s,l,
1525788247.7145,732.93000,0.88541200,b,l,
1525774562.0347,747.24000,0.02200000,b,l,
1525771426.111,747.31000,0.72657519,s,m,
1525790541.6191,732.01000,0.02495016,s,m,
1525782929.5653,728.02000,2.89500000,s,l,
1525779015.3186,730.90000,0.03518664,s,l,
1525759601.0223,749.53000,4.72400000,b,l,
1525789074.9133,730.71000,15.00000000,b,l,
1525789476.2916,734.76000,0.24068943,b,m,
1525779418.4432,733.05000,0.19440493,s,l,
1525779420.3963,732.00000,2.61391391,b,l,
1525779421.6462,732.00000,1.55500000,b,l,
1525779422.6887,732.00000,20.00000000,b,l,
1525779423.6235,732.00000,9.49200000,b,l,
1525779424.2343,732.00000,1.16586061,b,l,
1525779425.6792,732.00000,5.52663934,b,l,
1525779426.0266,732.00000,2.51883937,b,l,
1525793275.9022,730.65000,0.46730415,b,l,
1525779428.7032,732.00000,0.16393443,b,l,
1525779429.8422,732.00000,1.00442571,b,l,
1525779430.933,732.00000,1.82094941,b,l,
1525797463.2235,735.46000,0.04100000,b,m,
1525779432.7238,732.00000,2.39023723,b,l,
1525779433.1513,732.00000,5.76400000,b,l,
1525779434.8836,732.00000,1.93480429,b,l,
1525787815.3453,730.12000,0.28481341,b,m,
1525779437.6435,734.05000,5.19010692,s,l,
1525779438.2734,733.96000,2.02861900,b,l,
1525782188.2053,728.67000,0.02100000,b,m,
1525778452.6204,733.00000,20.00000000,b,l,
1525763062.5928,755.57000,0.11918855,s,m,
1525787277.0864,731.76000,0.22192592,b,l,
1525782356.3616,730.00000,0.02500000,b,l,
1525759588.1356,750.00000,0.65369150,b,l,
1525771407.8652,746.18000,0.36044795,b,m,
1525774747.5145,749.12000,2.55101344,s,l,
1525779343.4441,733.03000,0.59414323,s,l,
1525763073.9271,755.85000,0.02400000,b,l,
1525781000.5843,720.76000,0.02831462,b,l,
1525789476.2951,735.00000,0.11631057,b,m,
1525802129.5878,736.00000,0.10000000,s,m,
1525763080.2531,755.86000,0.02400000,b,l,
1525795852.7481,734.94000,0.03000000,b,m,
1525793548.1376,730.19000,0.89400000,b,l,
1525779473.7474,733.15000,2.40000000,s,m,
1525795859.9909,733.94000,0.09260194,b,m,
1525795860.0195,734.64000,0.02200000,b,m,
1525772020.7663,741.03000,0.03921492,s,m,
1525763094.2844,756.00000,0.03006417,b,l,
1525783701.0847,732.60000,0.45495788,b,m,
1525760474.2686,754.12000,0.06668780,s,l,
1525778282.3388,734.59000,0.17000000,s,l,
1525762536.8237,753.00000,0.59849770,b,l,
1525782362.19,730.41000,0.00477705,s,m,
1525763104.9202,757.79000,1.21556557,b,m,
1525771440.5167,747.82000,0.00006361,b,m,
1525760378.207,754.10000,1.42026933,s,m,
1525772932.4011,735.00000,0.66225000,s,l,
1525778356.3727,730.00000,1.57111200,b,l,
1525795878.6367,735.00000,10.00000000,s,l,
1525804209.9637,739.97000,5.00000000,b,l,
1525763113.2403,756.80000,0.35000000,b,m,
1525782932.533,728.00000,12.88078388,s,l,
1525778760.9057,730.98000,1.90551250,s,l,
1525804210.0477,741.10000,5.00000000,b,m,
1525794648.4978,732.56000,0.27391383,s,m,
1525763119.037,756.90000,0.19563059,b,m,
1525792348.5755,734.72000,1.00000000,s,l,
1525780750.3049,728.63000,0.06603301,b,l,
1525795892.4776,735.09000,0.04500000,b,m,
1525767467.1206,756.88000,8.40000000,s,m,
1525795894.1833,735.00000,30.41100184,s,l,
1525784920.7978,738.64000,5.00000000,s,m,
1525783955.7587,734.86000,0.00000005,b,l,
1525778568.462,734.96000,1.25471088,b,l,
1525792148.0825,735.65000,0.00006958,b,m,
1525779518.8748,733.21000,0.60425363,s,m,
1525779637.9194,732.96000,0.09099456,b,l,
1525760011.0945,754.98000,0.07908668,b,m,
1525782368.0447,730.81000,0.02100000,b,m,
1525795906.3709,735.00000,10.00000000,s,l,
1525795090.289,736.89000,0.02824559,b,l,
1525804210.0042,740.40000,7.70000000,b,l,
1525781610.6937,726.98000,0.09917035,s,l,
1525795019.7189,735.13000,0.02100000,b,l,
1525760159.301,757.00000,7.52298821,s,l,
1525782362.1935,730.41000,0.00000003,s,m,
1525783401.5942,729.52000,1.16586024,s,l,
1525806947.9751,748.03000,9.12466667,s,l,
1525763160.3355,756.81000,0.11809197,s,l,
1525773659.9195,743.20000,0.59440500,s,l,
1525795931.6585,735.05000,0.02100000,b,m,
1525761958.7793,753.44000,0.02000000,b,m,
1525795934.0247,735.00000,0.00052190,s,l,
1525763167.5669,756.81000,0.07902139,s,l,
1525784093.4344,738.96000,0.02500000,b,l,
1525790327.1894,732.26000,0.27535367,s,l,
1525795939.2515,735.00000,10.00000000,s,l,
1525795940.1516,735.00000,21.01968868,s,l,
1525784086.4115,737.50000,0.14889100,b,m,
1525779562.2458,733.27000,5.00000000,s,l,
1525759286.7859,750.88000,0.07611901,s,l,
1525779566.4472,732.80000,1.50000000,s,m,
1525795951.5586,735.00000,32.54847569,s,l,
1525786920.7177,735.60000,0.13882400,b,m,
1525771454.625,746.67000,0.14000000,s,l,
1525808206.6936,747.30000,0.04143900,s,l,
1525779575.4455,732.98000,1.49435500,b,l,
1525763192.9691,757.56000,0.02000000,b,l,
1525779577.1917,733.00000,4.36539300,b,l,
1525802575.5413,733.02000,0.05142917,s,l,
1525781298.2764,722.61000,1.37088323,s,m,
1525763196.3778,757.55000,0.06173464,b,l,
1525795966.303,734.99000,8.35400000,b,l,
1525795967.7892,738.00000,0.00000569,s,m,
1525795968.9837,738.00000,234.75768098,s,l,
1525779585.113,732.99000,1.08972783,b,l,
1525798763.9877,731.69000,0.15699565,b,l,
1525795483.0822,733.50000,15.09323659,s,l,
1525781110.3043,720.30000,4.44800000,b,l,
1525795975.5716,735.20000,1.95958002,b,m,
1525763963.1396,755.89000,0.00000021,b,m,
1525800562.8137,739.95000,0.02200000,b,m,
1525779595.0855,733.00000,0.30313242,b,l,
1525772531.1427,741.00000,0.72503932,s,l,
1525763213.3723,757.73000,0.02300000,b,l,
1525798765.5163,731.69000,0.79900435,b,l,
1525779600.106,733.00000,0.09755669,b,l,
1525800399.4432,740.89000,4.85500000,b,l,
1525779604.3965,733.00000,2.00000000,b,m,
1525774190.4354,742.85000,0.02600000,b,m,
1525774190.4407,743.49000,1.06160082,b,m,
1525786209.2311,730.49000,0.11580648,s,m,
1525777212.6175,744.50000,10.00000000,s,l,
1525781001.772,720.00000,46.88420000,s,l,
1525779610.8225,733.00000,1.17920813,b,l,
1525778292.1922,730.91000,103.23400000,s,l,
1525779612.1013,733.00000,1.16981774,b,l,
1525787766.1381,727.63000,50.35553106,s,l,
1525772522.7719,741.34000,0.04518015,s,l,
1525807188.0339,745.36000,0.03126870,s,m,
1525779619.4071,732.94000,0.84554061,s,l,
1525779620.4078,733.00000,0.68159354,b,l,
1525784920.8149,738.21000,2.67300000,s,m,
1525794393.3749,731.66000,0.03154318,b,l,
1525800290.7201,737.86000,0.02500000,b,m,
1525773051.3034,739.99000,0.82100000,b,m,
1525783744.7431,735.00000,1.00000000,b,m,
1525783941.8352,734.11000,0.00251031,s,m,
1525782391.9344,730.43000,0.29800834,s,l,
1525772555.9755,736.61000,21.10744762,s,m,
1525779637.9256,732.98000,0.28258244,b,l,
1525804233.2975,738.45000,0.09066412,s,m,
1525779641.0741,732.95000,0.50274966,s,l,
1525779643.5105,732.98000,0.00070714,b,m,
1525796701.2048,734.52000,0.02500000,b,l,
1525774197.0582,743.48000,0.00000006,b,l,
1525797259.2649,735.60000,0.02200000,b,m,
1525763266.6719,757.76000,0.10550667,s,l,
1525763267.5692,757.76000,0.00049333,b,m,
1525804024.9775,736.98000,5.98000000,b,m,
1525779655.4036,732.97000,0.29342238,b,m,
1525776972.3104,746.58000,0.02300000,b,l,
1525782391.9372,730.40000,5.90000000,s,l,
1525780918.2549,721.32000,0.40175801,s,l,
1525787853.7432,728.62000,0.19786642,s,m,
1525788421.9903,732.10000,0.33957094,b,m,
1525796051.3731,734.99000,0.02600000,b,l,
1525778993.7621,733.06000,2.14000000,b,l,
1525779675.1502,732.33000,0.15058083,s,l,
1525763292.8014,757.73000,2.58880000,s,l,
1525760161.1865,757.00000,2.00298601,s,l,
1525770671.9645,753.10000,0.00775000,s,l,
1525779681.069,732.34000,0.05213847,s,l,
1525779683.0551,731.91000,9.03073212,s,l,
1525785126.6382,739.22000,0.91142196,s,m,
1525774332.4513,745.68000,0.37513930,b,m,
1525781125.8621,723.87000,23.16538773,b,l,
1525782396.4696,729.13000,0.74744226,s,m,
1525804274.5145,739.44000,1.00000000,b,m,
1525779691.3936,731.91000,27.69690000,s,l,
1525779692.7617,732.01000,1.25471088,s,l,
1525804242.3154,738.50000,0.08507872,s,m,
1525806973.9589,746.57000,0.21827597,s,m,
1525779696.5731,732.28000,0.37579582,s,l,
1525779697.2282,731.91000,13.95046577,s,l,
1525778807.0717,730.99000,0.02800000,s,m,
1525796051.37,734.98000,0.02100000,b,l,
1525779700.6517,731.21000,0.13200000,s,l,
1525806974.014,746.56000,0.21267298,s,m,
1525778456.6574,735.93000,4.20000000,b,l,
1525761662.3877,754.97000,5.00000000,b,m,
1525779710.805,731.23000,0.13200000,s,l,
1525790935.519,728.68000,0.05000000,b,l,
1525763331.2678,757.73000,0.35216040,s,l,
1525780973.6248,720.99000,3.72558946,b,l,
1525763334.9706,757.79000,0.02400000,b,l,
1525782401.3452,729.17000,0.27814196,s,l,
1525779720.2008,731.23000,0.13896139,s,l,
1525783485.5848,728.49000,0.07295672,s,m,
1525776267.4704,743.40000,20.00000000,s,l,
1525778575.7676,734.82000,5.00000000,s,l,
1525779725.2195,731.64000,0.09822631,b,l,
1525778454.9552,735.40000,4.86496576,b,m,
1525778046.0319,739.20000,7.70000000,s,l,
1525802580.6223,733.00000,0.40000000,s,m,
1525787864.5847,730.06000,2.00000000,b,m,
1525797259.25,735.14000,0.02100000,b,m,
1525782403.5071,728.78000,3.93920000,s,l,
1525796116.25,735.00000,1.00000000,b,l,
1525804461.7556,743.56000,1.02100000,s,l,
1525791804.8683,733.02000,0.02600000,b,m,
1525770449.705,755.20000,5.00000000,s,l,
1525787556.0876,728.80000,0.20689801,s,m,
1525763291.4102,757.73000,1.09900000,s,l,
1525763364.1046,757.79000,0.53771975,b,m,
1525804763.7006,745.40000,5.45000000,s,l,
1525804867.5272,743.22000,2.99000000,s,m,
1525759324.0674,746.69000,1.19503726,s,m,
1525782395.7104,730.00000,1.88000000,s,l,
1525763372.417,757.49000,0.02000000,b,m,
1525779759.1187,731.29000,0.26140563,b,m,
1525796144.0269,734.57000,0.12087531,s,l,
1525759536.9135,747.15000,5.10000000,s,m,
1525793331.5624,729.95000,10.76700000,s,m,
1525783701.0644,731.76000,0.72908787,b,m,
1525785959.1268,732.73000,0.00000004,b,l,
1525800399.439,740.67000,1.00000000,b,l,
1525796151.9356,734.57000,0.02991000,s,l,
1525790954.1329,731.33000,0.02829158,b,l,
1525763386.3708,757.50000,0.49445716,b,l,
1525796158.4247,734.12000,0.64852588,s,l,
1525794636.6885,736.00000,12.00000000,b,l,
1525779776.7694,730.41000,0.00040000,b,l,
1525796161.2463,734.58000,0.02000000,b,l,
1525779778.4589,730.56000,2.59510000,s,l,
1525782411.8611,728.90000,5.00000000,b,l,
1525779429.5558,732.00000,20.00000000,b,l,
1525768758.1591,755.10000,2.99625813,b,l,
1525775001.2939,749.98000,7.00000000,b,l,
1525782396.3421,729.99000,5.00000000,s,m,
1525779787.6648,730.41000,0.12776046,s,l,
1525796571.4739,733.53000,5.00000000,s,l,
1525763405.4479,756.76000,0.41493148,s,m,
1525788320.4917,734.60000,0.14540500,b,m,
1525776395.5566,744.11000,0.14782708,s,m,
1525786132.2812,734.38000,0.25762175,b,l,
1525779683.0375,732.36000,0.84926788,s,l,
1525781178.2061,723.41000,5.00000000,s,l,
1525807953.3265,747.51000,5.00000000,b,l,
1525795966.31,734.99000,3.00000000,b,l,
1525768761.4145,755.57000,0.21179499,b,l,
1525779802.793,729.22000,8.31500000,s,l,
1525779803.8465,729.01000,1.25000000,s,l,
1525779806.863,729.32000,1.61100000,s,l,
1525779807.1944,729.30000,16.00000000,s,l,
1525779808.5371,729.69000,1.61261261,b,l,
1525779240.5691,734.00000,1.05014262,b,l,
1525779811.7367,729.11000,0.04900000,s,l,
1525799855.0444,736.37000,0.02500000,b,m,
1525778511.5149,733.38000,13.94300000,s,l,
1525796200.8786,734.58000,0.02600000,b,m,
1525763433.8328,756.70000,0.11831584,s,l,
1525763434.4236,757.36000,1.00000000,b,m,
1525768758.1804,755.10000,0.00329466,b,l,
1525779820.2877,729.02000,0.18569641,s,l,
1525779824.1127,728.21000,0.00000001,s,m,
1525779825.3775,729.16000,0.50050050,b,l,
1525787853.7523,728.27000,2.10088943,s,m,
1525759180.7753,751.80000,0.01228025,b,m,
1525801534.4041,736.94000,0.02600000,b,l,
1525779830.6723,728.32000,6.00000000,s,m,
1525778993.759,732.90000,8.70000000,b,l,
1525796219.6587,734.54000,0.02200000,b,m,
1525781439.3602,724.00000,8.01600000,b,l,
1525794105.0499,730.85000,0.02200000,b,m,
1525791742.6761,732.95000,0.02100000,b,m,
1525781358.6319,722.77000,3.27753164,s,m,
1525779845.8607,728.33000,2.60300000,s,l,
1525779846.6167,727.01000,0.07823869,s,m,
1525798765.5257,732.08000,0.05559481,b,l,
1525779848.3024,728.70000,5.50722202,b,l,
1525779692.7743,732.01000,1.99828912,s,l,
1525785126.6451,739.19000,0.00028006,s,m,
1525803884.5598,734.51000,5.00000000,s,l,
1525765450.1652,758.90000,0.02400000,b,l,
1525779855.5542,728.66000,0.04967365,b,m,
1525800402.4808,741.00000,7.06955699,s,l,
1525779857.6443,728.70000,2.00010949,b,l,
1525779343.4383,733.03000,3.10584087,s,l,
1525781308.1029,721.72000,0.00063073,s,m,
1525779861.5781,728.63000,0.03921493,b,m,
1525806949.7706,746.57000,0.02000000,s,l,
1525779866.9769,728.25000,8.98000000,s,l,
1525760671.8759,754.96000,0.20016249,b,l,
1525778295.2799,730.00000,1.39110048,b,l,
1525779872.3579,728.25000,2.68333579,s,l,
1525779696.3038,732.11000,7.70000000,b,l,
1525779874.7538,728.25000,1.82745681,s,l,
1525783116.2975,728.64000,0.00004001,b,l,
1525785158.2888,740.34000,0.48873690,s,l,
1525795325.457,734.75000,0.00000105,b,l,
1525779697.2117,732.28000,0.42420418,s,l,
1525773393.8942,739.18000,4.60200000,b,m,
1525763498.8601,755.87000,0.15764220,s,l,
1525779883.878,728.37000,2.01500000,b,l,
1525804274.5302,739.96000,5.00000000,b,m,
1525775329.9512,745.45000,0.86257304,s,l,
1525796271.8841,734.04000,0.08111880,s,l,
1525763504.7398,756.08000,0.04455663,b,m,
1525791805.1219,734.17000,7.70000000,b,m,
1525763315.8884,757.73000,0.30000000,s,m,
1525770419.6778,756.29000,0.02000000,b,m,
1525774887.1104,748.98000,0.02200000,b,l,
1525779897.6655,727.70000,0.15153135,b,l,
1525796282.5204,734.55000,0.04800000,b,m,
1525779900.5453,727.70000,0.03875743,b,l,
1525776970.8121,746.12000,0.02200000,b,l,
1525799215.9068,732.80000,3.21315069,b,m,
1525779903.4459,727.15000,8.49440226,s,l,
1525779906.9787,727.67000,0.25152345,b,l,
1525788320.4739,733.89000,0.02200000,b,m,
1525781985.4888,724.98000,0.03479022,s,l,
1525768346.7043,757.75000,0.02400000,b,l,
1525776972.3052,746.26000,0.02300000,b,l,
1525771703.9348,746.71000,0.23070130,s,l,
1525760239.6468,755.00000,0.25000000,b,m,
1525779916.1805,728.20000,1.14780121,b,l,
1525779127.9611,730.33000,4.76200000,s,l,
1525759517.0643,748.63000,0.35506508,b,l,
1525808042.6982,748.54000,0.03097386,b,m,
1525803262.2163,729.22000,58.13993554,s,l,
1525760671.9089,755.39000,0.02400000,b,l,
1525802041.5116,736.64000,0.29713427,s,l,
1525772035.2349,742.16000,0.09960368,b,m,
1525798820.4719,733.56000,0.26145841,b,m,
1525788641.6198,730.67000,0.00009778,s,l,
1525763548.3869,756.00000,0.43183228,b,l,
1525771514.646,747.40000,1.50000000,b,m,
1525796318.8817,734.08000,0.05904390,s,l,
1525779935.578,727.21000,0.15800000,s,m,
1525799970.0844,738.41000,0.02600000,b,m,
1525785168.4899,740.27000,1.00000000,b,l,
1525779938.6335,727.66000,0.00000007,b,l,
1525782438.2562,727.61000,0.57981920,s,l,
1525779942.0914,727.69000,0.30761169,b,l,
1525780391.164,733.00000,0.40000000,b,m,
1525800405.6121,739.76000,0.02000000,s,l,
1525807954.0913,747.97000,0.02300000,b,l,
1525779949.9661,727.68000,1.28396809,s,l,
1525779709.1439,731.21000,1.41200000,s,l,
1525779952.5388,728.26000,3.28393128,b,l,
1525782440.6533,727.60000,3.99122483,s,m,
1525779957.3905,728.62000,0.41700000,b,l,
1525797132.4676,735.00000,0.86070822,s,l,
1525782441.0778,728.76000,0.18160518,b,m,
1525771948.0453,743.99000,0.47659079,b,m,
1525770945.2887,750.00000,0.60000000,b,m,
1525779963.3492,729.67000,0.10857100,b,l,
1525796348.6969,734.08000,0.43248130,s,m,
1525804288.1892,738.20000,5.00000000,s,m,
1525779971.7073,730.00000,0.47288003,b,l,
1525780220.775,732.02000,5.00000000,b,l,
1525793095.1246,729.73000,7.70000000,s,m,
1525782188.2082,728.95000,0.02861908,b,m,
1525775183.5876,747.79000,45.55908865,b,m,
1525785176.6915,740.20000,14.73600000,s,l,
1525805705.1548,747.87000,1.00000000,b,m,
1525779263.8985,732.00000,0.40000000,s,l,
1525781001.6164,720.18000,0.90500000,s,l,
1525783955.7515,734.86000,0.08040044,b,l,
1525763607.895,756.00000,1.12000000,b,m,
1525784920.8381,737.84000,0.68745047,s,m,
1525779997.4895,731.06000,0.06200000,b,m,
1525779998.7217,731.06000,0.04190187,b,m,
1525780001.5772,729.80000,1.50000000,s,l,
1525780002.5621,729.81000,2.60285381,s,l,
1525780003.2753,729.81000,0.48250700,s,l,
1525780004.1776,729.70000,1.22072141,s,l,
1525780005.1017,729.69000,0.68100000,s,l,
1525780007.2813,729.72000,5.91577964,s,l,
1525780009.1507,729.81000,0.28000000,b,l,
1525780010.1585,729.80000,2.67964360,b,l,
1525778385.4009,733.00000,0.04360000,b,l,
1525768674.1117,755.42000,0.07297721,s,l,
1525791978.3348,734.67000,0.00600000,b,m,
1525786132.2769,734.20000,0.26031267,b,l,
1525780017.4384,731.40000,1.26000000,b,l,
1525804772.8197,744.35000,1.43579745,s,l,
1525801619.3274,736.83000,2.99000000,s,m,
1525777115.3974,744.93000,0.04700000,b,m,
1525780028.2236,731.47000,0.15963223,s,l,
1525787952.6111,728.28000,5.00000000,s,m,
1525774332.4481,745.50000,18.00000000,b,m,
1525804416.4138,742.92000,0.23000000,b,m,
1525772979.1894,735.70000,0.00027579,b,l,
1525800759.6071,737.03000,0.00006445,b,l,
1525785185.2321,740.91000,0.04418658,b,m,
1525763656.2084,755.15000,0.23000000,s,m,
1525804465.1156,744.90000,1.50000000,b,l,
1525792392.1162,733.57000,1.00000000,b,m,
1525805864.0215,746.20000,0.36563404,b,l,
1525772039.8806,742.13000,1.00000000,b,l,
1525790648.544,731.28000,18.08357741,s,m,
1525768803.7796,755.56000,0.22454878,b,l,
1525790161.5997,733.69000,0.07226795,b,m,
1525787347.0925,732.06000,0.20538949,b,l,
1525778586.2803,733.51000,11.99300000,s,l,
1525773257.4818,738.28000,0.66789122,s,m,
1525804354.8434,738.61000,0.93760000,b,l,
1525792629.5922,731.90000,0.06831534,s,l,
1525807034.5222,745.01000,0.42500000,s,l,
1525794636.6573,734.51000,7.70000000,b,l,
1525781610.6861,727.07000,2.60997079,s,l,
1525780067.7375,731.03000,0.36000000,s,m,
1525760322.6244,754.76000,0.02499257,b,l,
1525778291.9998,732.50000,50.00000000,s,l,
1525803263.9901,728.35000,3.46545575,s,l,
1525797228.2337,735.02000,0.00008076,b,l,
1525780895.0293,723.84000,2.15020000,s,l,
1525778046.0201,739.20000,14.61312974,s,l,
1525772918.5795,736.49000,0.79000000,b,m,
1525780079.886,731.01000,5.00000000,s,l,
1525780081.5069,731.00000,3.42000000,b,l,
1525787923.5534,729.00000,1.28722842,b,l,
1525796116.2126,734.93000,0.03600000,b,l,
1525780090.9837,730.75000,1.66115907,s,l,
1525780091.712,731.00000,0.16573300,b,l,
1525772547.7338,740.81000,0.06753240,s,l,
1525771075.1204,752.00000,1.01640097,s,l,
1525780094.3423,731.00000,1.05550720,b,l,
1525807040.8342,745.75000,0.14014014,b,l,
1525796483.341,734.02000,0.17903222,s,l,
1525772555.8363,739.74000,0.06759132,s,m,
1525763718.1785,756.08000,0.03296783,b,m,
1525780104.8398,731.00000,10.00000000,b,l,
1525762557.3245,752.98000,0.02300000,b,l,
1525796491.9099,733.70000,0.38000000,s,m,
1525763312.1734,757.73000,0.36003960,s,l,
1525782396.4834,728.87000,1.56285558,s,m,
1525778588.4292,733.00000,2.58650000,b,l,
1525780116.4829,731.00000,0.19812774,b,l,
1525806311.1529,746.99000,0.02300000,b,m,
1525804313.2435,738.56000,0.04240000,b,l,
1525782162.1026,726.94000,0.02400000,b,l,
1525760039.708,755.18000,0.02000000,b,m,
1525780123.0806,731.63000,0.02600000,b,l,
1525784044.9685,736.89000,0.70900000,b,l,
1525760624.0189,753.58000,0.22096039,s,m,
1525796517.4251,733.99000,1.00000000,b,m,
1525780134.1138,732.33000,0.18403370,b,l,
1525778845.1369,731.00000,1.58500000,b,l,
1525772923.7153,735.16000,0.02000000,s,l,
1525796522.8627,733.56000,3.86783966,s,l,
1525780143.5015,732.20000,1.48796191,b,l,
1525780144.2021,732.88000,1.48651753,b,l,
1525759073.1619,750.00000,0.03100000,s,l,
1525780149.1588,732.96000,0.08111880,b,l,
1525782473.1382,727.20000,1.50000000,s,m,
1525777012.3866,745.91000,0.27336126,s,l,
1525805664.9443,748.75000,0.02600000,b,m,
1525804099.2195,737.12000,0.02100000,b,l,
1525759946.8147,755.44000,0.00003977,b,m,
1525781863.1791,724.96000,0.08467330,b,m,
1525780164.8552,732.49000,2.91258225,b,l,
1525780165.2353,732.49000,1.94400000,b,l,
1525772321.246,743.66000,5.00000000,s,l,
1525784591.4069,735.25000,27.15756987,b,l,
1525780170.6859,732.95000,0.02543725,b,l,
1525778590.1643,733.00000,9.20000000,b,l,
1525760632.9154,754.74000,0.03976079,b,m,
1525764951.8902,758.36000,0.02400000,b,l,
