time,price,volume,buy_or_sell,market_or_limit,misc
1525809154.3467,749.14000,1.00000000,s,l,
1526022380.9175,712.19000,1.30770000,b,m,
1525809156.9323,749.74000,0.24292903,b,l,
1526044350.9303,681.00000,4.48243880,b,l,
1525809160.046,749.11000,1.00000000,s,m,
1525785176.6915,740.20000,14.73600000,s,l,
1526002146.3667,728.63000,1.62427410,s,l,
1525842195.611,722.52000,0.34334334,s,m,
1525840619.0967,719.88000,4.00000000,b,m,
1525840659.2825,718.31000,1.86925107,s,l,
1525809156.9181,749.64000,4.75707096,b,l,
1526032698.4517,693.01000,0.29830140,s,l,
1525805743.674,746.99000,0.02300000,b,l,
1525795090.21,735.14000,0.65000000,b,l,
1525980324.3023,736.60000,0.48431520,b,m,
1525770505.044,755.59000,0.00179334,s,m,
1525890965.1184,751.96000,1.00000000,s,l,
1525976137.9822,726.23000,93.48578000,s,m,
1525943422.643,760.71000,0.11779024,s,m,
1525809160.0492,748.90000,0.44871736,s,m,
1526049459.0523,682.63000,0.02100000,b,l,
1525809207.5286,748.90000,0.02000000,s,m,
1526061610.7825,680.01000,5.00000000,s,l,
1525809211.7211,749.99000,0.10000000,b,l,
1526022229.8288,711.00000,16.82397051,s,m,
1525857490.8845,729.56000,1.37200000,b,l,
1526049461.3165,683.49000,0.04000000,b,m,
1525940288.5124,762.56000,0.04000000,b,l,
1525983430.9083,734.72000,0.24600000,s,l,
1526045126.5696,676.73000,7.18912435,b,l,
1525885509.1885,751.70000,0.27223851,b,m,
1525865065.2252,744.58000,0.02600000,b,m,
1525901764.4414,745.67000,0.04700000,b,m,
1525809231.4434,749.18000,0.99989990,s,l,
1525975961.5118,739.02000,0.08074093,b,m,
1525866848.458,740.59000,0.02600000,b,m,
1526061118.9455,680.12000,2.34622443,s,l,
1525809235.073,749.13000,0.13195655,s,l,
1525809237.6072,749.12000,0.10400000,s,l,
1525924515.4971,754.24000,0.13338959,s,m,
1526009617.6753,731.02000,0.24800000,s,l,
1525997784.104,718.54000,1.70709808,b,l,
1525809245.8312,749.00000,2.00000000,s,l,
1525809247.2885,748.82000,0.10319736,s,l,
1525863467.6769,738.30000,0.80400000,b,l,
1526054523.8099,685.91000,1.11710225,s,m,
1525765478.2121,759.98000,0.02400000,b,m,
1525809254.8555,748.79000,0.02200000,b,l,
1526023646.2757,699.30000,1.50000000,s,m,
1525809260.1861,748.76000,0.02300000,s,l,
1525809262.1019,749.50000,0.05946717,b,l,
1525997022.1823,720.00000,1.17000000,s,m,
1525856831.5094,729.14000,4.13900000,b,l,
1526024612.1256,688.01000,3.61145533,s,m,
1525940340.9808,762.56000,0.26000000,b,l,
1525997622.0279,720.40000,0.30300500,b,l,
1525943621.4423,762.65000,5.00000000,b,l,
1525997785.866,718.51000,1.44474692,b,m,
1525896554.9057,751.00000,0.01207256,b,m,
1525809279.3064,749.20000,0.60000000,b,l,
1525954140.4684,757.11000,1.00000000,s,m,
1525973256.089,747.10000,17.00000000,b,m,
1525831019.8906,744.00000,1.10564300,s,l,
1526007934.6246,727.16000,0.02100000,b,l,
1525773987.5438,741.18000,0.11273619,b,m,
1525913661.3837,755.60000,17.00000000,b,m,
1526002150.1595,728.88000,0.02400000,b,l,
1525787330.9157,731.00000,4.23734894,b,l,
1525870889.4071,744.00000,0.16129032,b,l,
1525831934.865,744.07000,1.89007328,s,l,
1525794074.7298,730.14000,1.00000000,s,l,
1525927599.5196,761.98000,0.10189800,s,l,
1525872506.8077,747.51000,1.74900000,b,l,
1525784723.0754,738.89000,0.04900000,b,m,
1525912691.0531,758.14000,0.02000000,b,m,
1525778292.2368,730.00000,1.00000000,s,l,
1525940380.0736,763.00000,0.42358320,b,l,
1525940383.5311,763.00000,0.88843935,b,l,
1525940385.2165,763.00000,0.34000000,b,l,
1525783925.2685,735.25000,1.00000000,b,m,
1525809321.1823,749.55000,0.02200000,b,m,
1525774332.3953,743.30000,0.02600000,b,m,
1525813215.5823,739.80000,1.88263263,b,m,
1525899549.4426,741.02000,60.00000000,s,l,
1526013040.6324,733.40000,4.96284700,b,m,
1525887132.9046,758.39000,0.65800000,b,m,
1526047640.0657,673.77000,0.50000000,b,m,
1525761777.1959,754.97000,5.00000000,b,l,
1526054526.8102,687.31000,0.03400000,b,m,
1525852875.3197,716.95000,0.39000000,b,l,
1525912033.4864,756.91000,0.17421274,b,m,
1525831030.1928,744.01000,0.08600000,s,l,
1525852876.5358,716.94000,2.03587862,b,m,
1526058891.5675,690.02000,0.00000049,b,l,
1526023975.4321,694.81000,4.10704050,b,l,
1525940435.2519,763.00000,0.40736866,b,l,
1525969527.8456,761.31000,8.13297032,b,l,
1525779562.2346,733.30000,9.09300000,s,l,
1525830870.6481,743.85000,0.02600000,b,l,
1526027224.4827,705.03000,0.24900000,s,m,
1525973425.8913,738.00000,0.02000000,s,m,
1525831035.8496,744.00000,0.03047200,s,l,
1525927118.8115,763.43000,0.15717455,b,m,
1525972912.4275,740.61000,0.62100000,s,l,
1525787347.0834,731.82000,0.02500000,b,l,
1525940469.0626,763.00000,0.30660000,b,l,
1525927118.8584,763.43000,162.00000000,b,m,
1525962111.3419,761.74000,0.70529441,b,m,
1525940476.8423,763.00000,0.02000000,b,m,
1525810115.8521,748.11000,0.00089804,s,m,
1525837062.8929,723.92000,4.99325679,s,m,
1525896576.9025,751.00000,15.00000000,b,m,
1525974629.8786,737.60000,2.62411465,b,l,
1526027649.8269,709.98000,0.05500000,b,m,
1525837481.3477,725.82000,0.42967817,s,m,
1526058563.8429,688.60000,1.50000000,s,m,
1525840680.6859,719.02000,16.58984333,b,m,
1525852888.6942,716.93000,0.03610225,b,l,
1525831043.2595,744.00000,1.49607178,s,l,
1526040168.8471,675.61000,0.03894895,s,l,
1525870890.1509,744.00000,34.00000000,b,l,
1526023637.8079,699.00000,0.03176345,s,m,
1525809449.2522,749.77000,0.12989740,s,l,
1525864004.537,738.00000,1.60500000,s,l,
1526005810.9597,729.42000,0.02200000,b,l,
1525774908.5723,749.60000,1.50000000,b,m,
1525989062.9778,735.26000,0.00099123,s,m,
1526047461.1347,672.00000,0.05100000,b,l,
1525940532.5955,763.00000,1.16200879,b,m,
1525780149.1622,732.97000,0.54539873,b,l,
1525964633.5163,755.01000,5.00000000,s,m,
1525912033.69,761.00000,5.00000000,b,m,
1526044597.0523,682.44000,2.35678582,b,m,
1525809478.1692,749.74000,0.02200000,b,l,
1525809479.7641,749.98000,0.02300000,b,m,
1525857489.841,729.39000,0.52167989,b,l,
1525809207.2082,749.70000,0.99989990,b,l,
1525779566.4472,732.80000,1.50000000,s,m,
1525809487.1505,749.71000,0.86703291,b,l,
1526052550.7544,683.79000,0.02700000,b,m,
1525809490.4685,749.98000,0.04700000,b,m,
1525809493.1028,749.99000,1.30100000,b,l,
1525809494.8057,749.98000,2.19899999,b,l,
1525809495.5904,749.98000,0.78429279,b,l,
1525809496.0491,750.00000,1.31770723,b,l,
1525812444.7666,741.61000,1.50509340,b,l,
1525809500.5417,750.38000,0.02400000,b,m,
1526041425.2723,673.10000,0.00000189,s,l,
1525875586.3841,744.00000,0.00000005,b,m,
1526023497.997,702.94000,1.48311500,s,l,
1525809211.7138,749.98000,0.02600000,b,l,
1525809509.2611,750.37000,0.02000000,b,m,
1526023980.6061,696.00000,3.69706350,b,l,
1525823690.9896,749.12000,0.02300000,b,m,
1526062515.4566,676.80000,1.73244375,s,m,
1525780918.249,721.79000,2.81800273,s,l,
1525940593.3262,763.00000,0.22184561,b,l,
1525940596.3287,763.00000,0.83013421,b,l,
1525874750.3174,741.20000,1.00000000,s,m,
1525904695.16,751.62000,0.07886226,b,l,
1525910503.7975,753.00000,0.02400000,b,m,
1526061883.6196,676.71000,12.59200000,s,l,
1526064674.4817,688.31000,1.36847302,b,m,
1525823375.3552,747.86000,0.06749194,s,m,
1525858129.4465,732.57000,0.02600000,b,m,
1526005824.4988,729.73000,2.34054900,b,l,
1525809538.5198,750.30000,0.47700000,b,m,
1525940611.1,763.00000,0.46651451,b,l,
1526027670.0825,709.99000,0.05500000,b,m,
1525788297.4807,733.53000,0.36998555,b,l,
1525940617.1294,763.91000,0.05000000,b,m,
1525770839.9752,749.80000,0.49510440,b,l,
1525791742.6734,732.71000,0.02600000,b,m,
1525912033.5148,757.74000,189.01283740,b,m,
1525858606.8302,729.80000,0.37000000,s,l,
1525831065.2784,744.00000,0.22473267,s,l,
1526062200.2065,675.00000,0.43300000,b,l,
1525809563.997,750.29000,1.00000000,b,m,
1525809564.2437,750.37000,0.02000000,b,m,
1525831066.1704,744.00000,0.02300000,s,m,
1526045999.8691,674.01000,0.02700000,b,m,
1525906140.1338,750.60000,2.00000000,s,l,
1526005830.0012,729.49000,0.02500000,b,l,
1525809577.0891,750.38000,1.97700000,b,m,
1525983416.2011,735.04000,0.02200000,b,m,
1526050708.0095,688.03000,0.57888366,s,l,
1526063388.2844,679.00000,0.84385000,b,l,
1525885691.7796,760.00000,0.00238770,b,m,
1525973893.6694,742.69000,2.87099961,s,m,
1526058899.7698,690.02000,0.03400000,b,l,
1525972432.866,753.00000,0.65508724,s,l,
1525809603.1225,749.95000,1.94847191,s,l,
1525809604.3815,749.95000,3.69296709,s,l,
1525809605.3304,748.77000,2.59291359,s,m,
1525809606.4626,748.77000,1.00000000,s,m,
1525983991.2084,734.85000,0.39291351,b,l,
1525809612.4621,748.40000,4.32000000,s,l,
1525878159.0735,747.40000,0.02300000,b,m,
1525835387.0701,718.05000,21.17703000,s,m,
1525831075.815,744.00000,1.00000000,s,m,
1525872637.6298,746.05000,4.30250331,s,m,
1525809625.4659,748.40000,1.59391877,s,l,
1525769635.7945,757.54000,0.06860579,b,l,
1526041442.978,673.10000,2.32716189,s,m,
1526026028.3331,705.50000,0.17040045,b,m,
1526047433.3091,671.99000,0.02100000,b,l,
1525762113.3463,751.16000,0.41893601,s,m,
1525809645.0488,747.00000,6.82291968,s,l,
1525907648.5984,749.00000,3.21285893,s,m,
1526031440.2855,680.03000,9.38700000,s,l,
1525831081.858,744.00000,9.48200000,s,l,
1525809657.3112,747.02000,0.06125488,s,l,
1525983999.4308,734.86000,0.54326154,b,l,
1525905678.4358,755.00000,0.08017575,b,m,
1525809237.9408,749.12000,3.90069000,s,l,
1526027691.5603,710.00000,0.65515515,b,l,
1526040169.2326,675.61000,0.33356700,s,l,
1525858257.5691,731.74000,0.99600000,s,l,
1525774747.525,749.06000,1.06050732,s,l,
1525849143.3464,722.41000,2.12357514,s,l,
1525831085.9986,744.00000,0.04000000,s,m,
1525918901.8733,751.72000,0.00000009,s,m,
1525842086.1589,723.77000,0.05000000,b,m,
1525997799.4183,717.91000,0.04900000,s,l,
1525809698.8149,746.52000,0.08043428,s,l,
1526040234.5649,673.90000,5.91353638,s,m,
1526021598.3119,718.42000,0.62095795,s,m,
1525911853.9014,755.43000,2.77400771,s,l,
1525940788.8253,763.97000,1.12000000,b,l,
1526005854.0039,729.95000,4.38000000,b,l,
1525783602.5907,728.99000,0.39829182,b,l,
1525831092.128,744.01000,2.50556563,b,l,
1525809247.096,749.46000,1.91090000,b,m,
1525984349.0502,734.80000,1.54549834,b,l,
1526023934.4093,694.00000,0.06157836,b,l,
1526047288.7099,670.49000,0.50000000,s,l,
1526057433.7472,688.50000,0.12271339,b,m,
1525767017.7942,759.44000,0.02236701,b,l,
1525877810.6157,746.65000,5.00000000,s,m,
1526005857.3287,730.00000,1.93304988,b,l,
1526027241.84,705.34000,1.12759492,s,l,
1526019623.729,730.56000,0.04400000,s,m,
1525831095.0371,744.00000,9.00200000,s,l,
1526060279.581,692.33000,8.63000000,b,m,
1526027704.9147,710.80000,0.00000462,b,l,
1526005859.0318,730.00000,0.00000598,b,l,
1525780220.2825,731.99000,0.00006484,b,m,
1525809754.3024,746.61000,0.27887247,s,l,
1525879959.167,748.00000,1.79151246,b,m,
1526027706.7388,711.00000,0.00028181,b,l,
1525809758.5837,746.61000,1.30746578,s,m,
1525973513.5964,735.00000,0.02300000,s,m,
1526049552.3745,683.50000,1.07832670,b,m,
1525809254.8666,749.40000,0.62867276,b,l,
1525910511.376,751.03000,5.00000000,s,l,
1526021508.0707,720.55000,5.00000000,s,m,
1525809781.4591,746.62000,0.08441477,b,l,
1526062057.0613,678.98000,0.17423636,b,m,
1525797034.8763,734.91000,0.02500000,b,l,
1525896639.0895,751.82000,5.13719927,b,m,
1525862502.1949,733.55000,1.24678004,b,l,
1525878845.7291,744.70000,2.68564000,s,m,
1525940863.84,763.97000,0.60865755,b,l,
1525973064.7979,745.23000,2.26513600,b,m,
1526045472.339,677.93000,2.71460993,b,l,
1525809795.5113,746.62000,0.21000000,b,m,
1525787414.8612,731.15000,7.91600000,s,m,
1525783941.8445,734.11000,0.25000000,s,m,
1525940879.3085,764.00000,0.23052551,b,l,
1526041448.5854,673.31000,0.21311505,s,l,
1525857981.8091,731.03000,1.23000000,s,l,
1525839192.6915,711.63000,0.00039492,s,m,
1525978259.5406,740.94000,0.20473459,b,l,
1525993731.4016,731.00000,10.00608003,s,l,
1526046383.559,670.00000,20.00000000,s,m,
1525940896.0954,763.41000,2.00000000,s,m,
1526045196.1521,675.01000,0.00000020,s,m,
1525839656.0738,714.21000,6.28400000,s,m,
1526049563.4361,684.65000,0.02100000,b,m,
1525927331.3317,762.00000,0.25000000,b,l,
1525852956.2711,716.81000,0.00000172,s,l,
1526009936.6948,732.01000,0.02200000,b,m,
1526023991.3196,696.44000,0.06913937,b,m,
1525772555.7944,740.01000,1.00000000,s,l,
1525770849.4689,749.99000,0.50094078,b,l,
1526040235.0135,673.90000,6.46472681,s,m,
1526001238.7613,727.02000,3.60843947,s,m,
1525911919.8915,756.48000,1.51500000,b,m,
1525955394.2479,756.83000,1.00000000,b,l,
1525995733.1178,725.00000,1.48636000,s,m,
1525809868.2405,746.62000,3.22284758,b,l,
1526023992.2168,694.55000,0.38900000,s,m,
1526022298.8582,709.89000,1.61953707,b,l,
1525852964.8393,716.83000,0.05000000,s,l,
1525809882.3937,746.80000,5.16406999,b,l,
1526040185.3854,674.90000,0.01731010,s,l,
1525940961.5154,763.50000,0.02000000,s,m,
1525809890.1426,746.80000,10.82000000,b,l,
1525775215.1869,747.67000,0.02300000,b,m,
1525773237.2526,739.69000,5.00000000,b,l,
1525870893.046,744.00000,20.00000000,b,l,
1525896657.0679,752.28000,0.02000000,b,l,
1525809897.3048,747.00000,10.93747529,b,l,
1525973496.3189,737.67000,2.00002918,b,m,
1525979241.716,738.74000,4.74900000,s,m,
1525940975.8672,763.51000,0.02323312,s,m,
1525940978.7591,764.00000,0.65508724,b,m,
1525811536.2963,745.82000,5.00000000,s,l,
1525844894.1274,718.00000,1.01000000,s,l,
1525940984.2334,763.50000,1.00000000,s,m,
1525940989.2578,763.97000,0.12965715,b,l,
1525809918.0022,746.90000,20.00000000,b,l,
1525809919.7552,746.90000,1.00000000,b,l,
1525809921.8829,747.10000,0.03000000,b,l,
1526041566.9592,672.20000,0.24671178,s,l,
1525809925.3079,747.10000,3.39410000,b,l,
1525794636.6387,733.33000,0.00000428,b,l,
1525809927.6393,747.10000,0.66329214,b,l,
1525809928.7685,747.10000,32.44900135,b,l,
1525809929.3545,747.30000,0.03000000,b,l,
1525809931.3018,747.10000,0.09700000,s,l,
1525809932.0871,747.30000,15.75619309,b,l,
1525809933.896,747.30000,1.52931477,b,l,
1525809934.7181,747.56000,0.02200000,b,l,
1525887063.2475,757.10000,1.63656623,b,m,
1525941011.8561,763.53000,0.07791723,s,m,
1525772015.4146,743.33000,0.00000126,b,m,
1525941017.5014,764.23000,5.93610404,b,m,
1525941019.1358,763.53000,0.15073464,s,l,
1525832245.8462,743.51000,0.05000000,s,l,
1525893059.8996,746.80000,0.54127437,s,l,
1525809951.0234,748.00000,0.24330330,b,l,
1525997763.3202,718.69000,0.02400000,b,m,
1526005661.9341,728.50000,0.08600000,b,l,
1525829535.2663,742.00000,9.18292654,b,l,
1525941031.3936,764.29000,1.00000000,b,m,
1526032724.3107,692.65000,0.02500000,b,m,
1525809962.6064,748.00000,0.02000000,b,l,
1525784723.0977,738.90000,0.02500000,b,m,
1525760837.2457,757.85000,0.22943717,b,m,
1525852978.9904,717.30000,0.59774438,s,l,
1526039084.8767,686.42000,0.12117941,s,l,
1525941043.3028,764.29000,6.48035878,b,l,
1526005897.8439,731.17000,1.00000000,b,m,
1525866873.4176,741.20000,0.50000000,b,m,
1525809986.482,748.00000,1.00000000,b,m,
1525771336.2174,745.00000,0.00000001,s,m,
1526023996.6877,695.50000,1.00000000,s,m,
1525809994.3947,748.00000,0.15500789,b,l,
1525896675.8252,752.97000,0.04895100,b,l,
1525885733.351,757.10000,0.03000000,b,m,
1525810011.7764,748.00000,9.41831119,b,l,
1525912028.0405,756.69000,0.18874043,b,l,
1526049595.7095,684.58000,0.02700000,b,l,
1525810020.9967,747.97000,0.05133599,s,l,
1525782078.8494,725.00000,0.92442670,b,m,
1525857509.2812,729.80000,1.58573292,b,l,
1525770855.3464,749.97000,0.47000000,b,l,
1525818520.031,755.00000,6.81553075,b,m,
1525870021.7132,749.42000,2.99000000,s,m,
1526054549.5281,687.60000,1.00000000,s,l,
1525946610.8787,762.10000,0.52814030,s,l,
1525810034.7091,747.97000,1.22593928,b,l,
1525918526.9804,751.31000,0.61211393,s,m,
1525769571.7995,757.75000,0.02400000,b,m,
1525918527.0051,751.22000,3.99735824,s,m,
1525761958.8027,753.49000,0.02300000,b,m,
1525941117.27,763.63000,0.02000000,s,l,
1525766631.0507,758.52000,0.05946411,s,m,
1526032727.3865,692.50000,9.03286444,s,l,
1525886714.6678,756.19000,5.00000000,s,l,
1525941126.7633,763.99000,0.08073609,b,m,
1525941128.8166,764.29000,0.00114457,b,m,
1525941130.5941,764.29000,0.00917000,b,m,
1526022765.5511,714.51000,0.07482514,s,m,
1525831149.4862,744.00000,15.94400000,s,l,
1525997022.1709,720.00000,0.89800000,s,m,
1526061186.7771,681.20000,0.05000000,b,l,
1525783950.1812,734.75000,2.00000000,s,l,
1525810071.4636,747.97000,10.58788227,b,l,
1525810074.2182,748.50000,5.00000000,b,m,
1525831151.1559,744.00000,49.47623571,s,l,
1525795198.9509,737.18000,0.03121815,b,m,
1525872031.8534,745.99000,0.20250410,b,l,
1526039995.5465,678.10000,4.31652362,s,m,
1525779240.5486,733.29000,0.02600000,b,l,
1525941167.5515,763.66000,0.00000006,s,m,
1525919251.1086,753.80000,10.00000000,s,l,
1525792680.91,732.79000,0.06011825,b,m,
1525941173.3819,764.28000,0.22242866,b,l,
1526027764.888,711.26000,1.29000000,b,l,
1526023637.6231,700.00000,8.26911987,s,m,
1525867679.9844,749.60000,0.04900000,s,l,
1526032729.5184,692.50000,0.13606572,s,l,
1525941183.8931,764.28000,0.11779024,b,m,
1526048548.7758,678.98000,0.02800000,b,m,
1525810115.8538,748.11000,0.00000196,s,m,
1526027766.7786,711.00000,0.07604402,s,l,
1525875259.7811,742.00000,4.03498204,b,l,
1526027767.6708,711.00000,0.10554034,s,l,
1526005922.2614,731.17000,0.01300000,b,l,
1525853005.8131,717.30000,0.18000000,s,l,
1525993449.795,732.89000,0.07708759,b,m,
1525960789.4705,766.00000,37.19167637,b,l,
1526047798.6539,674.63000,1.10669794,s,m,
1525893590.1065,746.50000,8.50000000,s,m,
1525941217.6539,764.95000,0.02500000,b,m,
1525810146.0947,748.49000,3.00000000,b,m,
1525941222.1275,765.00000,0.02000000,b,l,
1526051637.9528,683.00000,1.52400000,b,l,
1526027772.4315,711.00000,18.00109613,s,l,
1525885734.331,756.10000,1.00000000,b,m,
1525910710.8979,752.38000,0.02400000,b,l,
1526044185.6039,676.41000,0.19862330,b,l,
1526032381.8447,693.21000,0.47800000,b,m,
1525759072.9098,750.10000,1.00000000,s,l,
1525984083.9007,735.00000,0.65000000,b,l,
1525809321.1698,749.29000,0.02300000,b,m,
1526049620.7448,685.00000,2.00000000,b,l,
1526058568.5848,688.29000,0.00000001,s,l,
1525831168.0666,742.90000,1.00000000,s,l,
1525835393.0884,719.34000,0.00000005,b,m,
1525977321.8216,736.62000,0.11890489,b,l,
1525896705.8376,753.27000,5.00000000,b,l,
1525810187.7354,748.50000,0.50000000,b,l,
1525972459.243,748.00000,0.26118000,s,m,
1526025398.8551,694.99000,0.02600000,b,l,
1525810193.3889,748.50000,1.09222709,b,l,
1525870895.5054,744.00000,8.09700000,b,l,
1525831964.8094,743.77000,3.21261009,s,l,
1525883048.6136,751.00000,4.01300000,b,m,
1525906161.9854,751.00000,0.00019140,s,l,
1525896709.4786,753.98000,2.99396255,b,l,
1526063284.3761,678.98000,0.04760492,s,m,
1526027782.4075,711.25000,2.18297489,b,l,
1525889284.8726,751.74000,0.02000000,b,m,
1525783955.7515,734.86000,0.08040044,b,l,
1525975994.0634,738.80000,2.87099961,b,l,
1526008920.1233,728.28000,13.74100000,b,l,
1525788320.4712,733.86000,0.02600000,b,m,
1526005941.1178,731.15000,0.02500000,b,l,
1525976516.1514,736.12000,0.02500000,b,l,
1525941313.571,764.99000,0.28000000,b,l,
1525831179.8228,742.90000,1.75218000,s,l,
1526045827.074,675.30000,0.10000000,s,m,
1526019640.3381,732.04000,0.02100000,b,m,
1525942056.8821,762.73000,0.11547762,b,m,
1525941323.9932,764.99000,4.72000000,b,m,
1525941324.002,765.00000,2.28000000,b,m,
1525984098.7691,735.79000,0.89000000,b,m,
1526051062.2147,685.14000,1.11756716,b,l,
1525840344.7871,717.48000,0.02217713,b,l,
1526032734.5976,692.50000,9.53000000,s,l,
1525879520.2418,744.37000,4.94400000,s,l,
1525786920.6876,735.18000,0.02600000,b,m,
1526035134.1063,695.07000,5.12012627,b,l,
1525810282.9409,748.50000,0.62461824,b,l,
1525820649.3732,754.00000,3.53041339,b,l,
1525896722.4543,753.99000,0.02400000,b,m,
1525885555.9969,754.00000,3.00000000,b,m,
1525941361.3679,764.97000,0.28995477,b,m,
1525765651.4272,759.58000,0.06600000,s,l,
1525918569.9093,752.00000,0.24229229,s,l,
1525834515.7029,726.30000,0.00402419,s,l,
1526040394.0309,677.50000,0.34682482,b,m,
1525858602.2935,730.07000,0.00000005,b,l,
1525765653.8623,759.57000,0.06582672,s,l,
1525941376.7775,763.83000,0.02234838,s,l,
1525973256.0816,746.91000,11.96000000,b,m,
1525972990.8053,741.08000,0.04550000,s,l,
1525787499.9881,730.23000,0.10000000,s,m,
1525792687.8361,731.91000,0.68378640,s,l,
1525770303.4842,753.95000,7.24200000,b,l,
1525762355.0905,753.42000,0.02000000,b,m,
1525779697.222,732.01000,4.40084950,s,l,
1525840697.0751,719.32000,0.25029469,s,l,
1526032736.5559,692.50000,8.56300000,s,l,
1525864636.0465,741.80000,0.90000000,s,l,
1525764334.7308,758.67000,0.02000000,b,l,
1525824489.2541,743.91000,7.57561874,s,m,
1526041984.7617,676.45000,0.25587596,b,m,
1526005957.5982,731.16000,1.00000000,b,m,
1525843521.0366,723.07000,0.02000000,b,m,
1525896731.0752,754.00000,0.50035784,b,l,
1525965169.3784,758.62000,0.86054436,b,m,
1525810341.0655,748.49000,1.50000000,s,l,
1526025350.4846,692.60000,5.00000000,s,l,
1525941415.3959,764.98000,0.02260073,b,m,
1525870896.1182,744.00000,1.49786819,b,l,
1525896732.7179,754.45000,5.11088400,s,l,
1525787506.1044,730.00000,8.00000000,s,m,
1525810350.7721,747.56000,10.00000000,b,l,
1525899549.4128,742.13000,2.33669922,s,l,
1526043263.8236,668.00000,0.14925149,s,m,
1525810354.7548,747.53000,0.19106422,b,l,
1525765662.5462,758.35000,2.99635748,s,m,
1525810358.9384,747.56000,1.58000000,b,l,
1525810359.726,747.56000,0.03473903,b,l,
1525810360.3944,747.56000,0.05000000,b,m,
1525787766.1319,727.76000,1.18745047,s,l,
1525845063.3033,719.48000,0.07001997,b,l,
1525810364.2718,747.56000,10.00000000,b,l,
1525941438.9633,764.99000,3.22000000,b,l,
1525910531.5874,752.48000,0.02300000,b,m,
1525972682.9416,741.62000,0.12700000,s,m,
1525932872.6696,760.00000,4.00000000,b,m,
1525810384.1077,747.56000,10.00000000,b,l,
1525853048.3327,717.50000,0.97000000,b,l,
1526040692.2414,671.85000,0.41232058,s,m,
1525810389.4388,747.56000,3.85000000,b,l,
1525810392.9611,747.56000,2.18000000,b,l,
1525941465.0697,764.96000,0.03696300,s,l,
1525810395.9087,747.90000,1.14448504,b,l,
1525941468.5782,764.96000,0.28318353,s,l,
1525810399.945,747.90000,0.77000000,b,l,
1525976000.5947,730.00000,0.41095000,s,m,
1525810406.6289,747.90000,2.20000000,b,l,
1525781358.6504,722.14000,1.95234000,s,m,
1525840345.4874,717.21000,8.45600000,s,l,
1526024010.2032,696.80000,6.19300000,b,l,
1525795966.354,736.30000,0.17682558,b,l,
1525940435.3682,762.60000,0.50000000,s,m,
1525853054.2107,717.32000,0.04000000,s,l,
1525927991.7684,761.99000,0.34520020,b,l,
1526061886.2459,675.00000,12.00000000,b,l,
1525932356.5411,759.00000,1.30644203,b,l,
1525974389.2849,739.44000,3.00000000,s,m,
1525762140.0869,751.43000,0.17543271,b,l,
1525909862.6081,749.77000,1.00000000,b,m,
1525885736.9039,757.50000,0.27652638,b,l,
1525810456.7522,748.00000,0.00213371,b,l,
1526049668.4384,683.60000,0.00000020,s,m,
1525770300.0736,754.90000,0.00775000,s,l,
1525794022.4033,729.99000,0.10681034,b,l,
1525984731.1394,735.80000,0.02100000,b,l,
1526022431.7492,713.74000,7.70000000,b,m,
1525810467.9865,748.10000,0.10000000,b,m,
1525927750.1141,763.09000,0.02500000,b,l,
1525783607.4706,730.66000,0.03900000,b,l,
1525861518.5522,731.71000,0.02100000,b,m,
1525896753.0571,754.45000,0.37286088,s,l,
1525770870.2963,749.30000,0.49870340,s,m,
1526022229.8191,711.05000,2.91830000,s,m,
1526024070.3844,697.20000,1.00000000,s,l,
1525810482.5325,748.10000,0.07990000,b,m,
1525868007.9481,749.65000,0.09933148,b,m,
1525827609.5625,740.05000,0.49381931,s,l,
1526027828.6469,710.01000,1.00000000,b,l,
1525993461.4204,732.40000,0.81386570,b,m,
1525870897.4386,744.00000,20.00000000,b,l,
1526053576.3826,676.50000,0.50000000,s,m,
1525810502.3983,748.98000,0.25000000,b,m,
1525997826.3687,719.63000,0.00011452,b,l,
1525871770.4888,744.94000,0.02300000,b,l,
1525760039.7377,755.18000,2.00000000,b,m,
1525932000.8398,756.83000,0.12400000,s,l,
1526049678.8513,684.94000,0.05300000,b,l,
1525893078.7999,746.78000,9.31900000,s,m,
1526005988.3597,731.16000,0.00400000,b,l,
1525896762.4104,754.50000,0.02400000,b,l,
1526051843.66,679.79000,0.55233275,b,l,
1525896763.2599,754.52000,2.36828885,s,l,
1525941609.9613,764.99000,0.01100000,b,m,
1525997022.1781,720.00000,0.05000000,s,m,
1525794105.0634,731.29000,0.04800000,b,m,
1525810542.4723,748.99000,0.05000000,b,m,
1526037108.0228,684.92000,0.34000000,s,l,
1525796701.1862,734.50000,0.02200000,b,l,
1525848902.0962,720.66000,0.12865628,b,l,
1525792695.2008,731.92000,0.27424032,s,m,
1525868008.0724,750.08000,2.00000000,b,m,
1525810561.7577,748.98000,0.05982531,s,m,
1525997828.3457,719.64000,0.02700000,b,l,
1525973455.72,737.00000,1.30000000,s,m,
1525912250.2134,755.19000,0.52866602,b,l,
1525941651.6969,764.80000,5.36748575,s,l,
1525775238.9173,747.79000,0.87846603,s,l,
1525975677.3741,735.10000,16.00000000,s,m,
1526036381.9635,689.00000,0.13993442,b,l,
1526041474.3822,673.79000,0.02100000,b,l,
1526049206.8458,681.38000,3.01567733,b,m,
1525818506.4415,754.31000,0.02300000,b,m,
1525797061.9976,735.00000,10.00000000,s,l,
1525896774.729,753.94000,1.48000000,s,l,
1525774460.3589,746.69000,3.00124938,b,m,
1525962913.9319,760.30000,0.88900000,s,m,
1525810602.7932,748.00000,1.65000000,s,l,
1525810607.1842,748.00000,0.08000000,s,l,
1525968418.1698,760.98000,0.02400000,b,l,
1526020329.022,730.65000,0.06843222,s,l,
1525986799.1179,737.54000,0.02500000,b,m,
1525857973.886,731.30000,4.50000000,b,m,
1525865371.3298,743.99000,0.24279085,b,m,
1526041475.5135,673.80000,0.47700000,b,l,
1525810624.8873,748.00000,2.98732000,s,l,
1526049696.3105,684.89000,0.02200000,b,l,
1525810626.8543,748.03000,1.00000000,s,l,
1525810627.5275,747.40000,1.00000000,s,l,
1526038204.126,689.34000,0.04400000,b,m,
1526059826.222,689.71000,0.04835787,s,m,
1525962316.8682,761.76000,0.00678836,s,m,
1525793210.7591,729.73000,3.11075534,s,l,
1525775012.0642,752.19000,129.86456192,b,m,
1525810646.6476,747.12000,2.71597654,s,l,
1525787556.0876,728.80000,0.20689801,s,m,
1525932363.7892,759.00000,2.00000000,b,m,
1525836087.2485,723.46000,0.01000000,b,m,
1526032883.2262,696.70000,0.05241339,b,l,
1525794083.0103,730.11000,5.00000000,s,m,
1526049702.5668,684.49000,0.04700000,b,m,
1525932001.263,756.83000,0.12300000,s,l,
1525905678.393,755.00000,0.00077174,b,m,
1525835361.1764,712.00000,0.38571218,s,m,
1525975797.3167,735.38000,8.17565939,s,m,
1525810675.0769,747.62000,0.19334693,b,l,
1525844894.1239,718.01000,5.00000000,s,l,
1526027860.7381,709.98000,0.02000000,b,l,
1525810683.2167,748.23000,0.02200000,b,l,
1526008920.2047,730.00000,0.15000000,b,l,
1525831719.9879,743.80000,11.32764479,b,l,
1525838880.1052,710.34000,16.26700000,s,m,
1525783971.615,735.10000,1.59778292,s,l,
1525842195.6162,722.52000,0.12900000,s,m,
1525923636.8266,755.37000,0.02300000,b,m,
1525804097.1284,737.00000,29.94735972,b,l,
1525813367.594,744.00000,0.10752000,b,l,
1525816883.6713,748.36000,7.78240747,b,l,
1525923636.8082,754.89000,0.02000000,b,m,
1526041565.9705,673.09000,0.02100000,b,m,
1525857805.0468,731.37000,0.45870742,s,l,
1525810719.0453,747.12000,1.44931351,s,l,
1525810722.5069,747.12000,4.50910000,s,l,
1525836346.7718,722.05000,1.99179137,s,l,
1526061502.5239,679.82000,0.21099218,s,l,
1525896796.7237,754.50000,0.02000000,b,l,
1525810730.8494,747.53000,0.87000000,s,l,
1526006023.1169,731.12000,0.00300000,b,l,
1525790983.2614,733.00000,0.00008931,b,l,
1525797463.2287,735.55000,0.02900000,b,m,
1525849704.7724,720.52000,0.59552080,s,l,
1525810738.0429,747.53000,0.68000000,s,l,
1525781863.1869,724.96000,0.02400000,b,m,
1525810742.2414,747.53000,0.77000000,s,l,
1525888721.7501,749.50000,0.02200000,b,m,
1526027871.1645,709.99000,0.03400000,b,m,
1526040241.2646,674.99000,0.07952040,b,l,
1525834237.693,730.00000,1.25000000,s,l,
1525977803.2737,739.84000,4.19126080,s,l,
1526009582.9158,731.02000,0.24500000,s,l,
1525835361.3663,712.00000,0.00000156,s,m,
1525810765.5583,747.53000,0.36880485,s,l,
1525818533.741,753.60000,0.80000000,s,l,
1525939438.7834,764.46000,0.02500000,b,m,
1525980625.0181,737.08000,0.29010960,s,m,
1525926444.7074,759.91000,0.07466340,b,l,
1525930161.0968,766.00000,1.00000000,b,m,
1526055117.9369,681.44000,0.56768622,s,l,
1525874960.3017,742.00000,0.00411811,b,m,
1525941860.5129,763.71000,1.00000000,s,l,
1525835043.8643,725.00000,0.56500000,s,m,
1525810793.1959,747.58000,1.20000000,s,l,
1525866900.5523,741.17000,0.34394891,b,m,
1525857425.4417,728.50000,0.99625258,b,l,
1525812204.1189,747.83000,0.00003830,b,l,
1525941871.6424,763.80000,1.00000000,b,l,
1525856831.891,729.14000,0.39200000,b,l,
1525996043.5524,722.12000,0.04888689,s,m,
1525788215.5334,731.72000,0.02951515,b,m,
1525810808.1522,748.00000,0.13156941,b,l,
1525836349.72,723.20000,0.95020190,b,l,
1525810816.0392,748.00000,0.88428428,b,l,
1525810817.755,747.53000,1.30772362,s,l,
1525958189.709,761.39000,0.02000000,b,l,
1526035877.5426,691.85000,0.47525319,b,m,
1525875016.6419,741.97000,0.43116913,b,l,
1525999228.0387,722.96000,1.83639784,s,m,
1525997955.1317,721.07000,0.02400000,b,m,
1525816398.6767,748.02000,7.70000000,b,m,
1525810838.3584,747.54000,4.68000000,s,l,
1526024496.7293,693.30000,1.70044516,s,m,
1525993978.3523,726.96000,1.06441489,b,l,
1526044764.6023,683.35000,0.45453314,b,m,
1526024789.1822,687.20000,0.19900000,s,m,
1525993473.2696,732.40000,1.32019010,b,m,
1525855917.9169,726.99000,0.02400000,b,m,
1525941932.1356,763.28000,0.00030121,s,l,
1525810865.9462,748.00000,0.12598318,b,l,
1525896819.6814,754.98000,0.04700000,b,m,
1525941940.6924,763.25000,0.16183800,s,l,
1525834598.1729,730.20000,9.14446858,b,m,
1526044172.1107,676.50000,3.48051500,b,l,
1526047225.8987,668.34000,7.87896627,b,l,
1525765749.1944,759.90000,1.32000000,b,m,
1525918909.8887,752.04000,0.04934384,b,m,
1525910180.1306,749.78000,0.39720000,s,l,
1525867408.0183,746.99000,0.02600000,b,l,
1525833524.0211,731.00000,0.19542808,b,l,
1525836087.2419,723.46000,0.01000000,b,m,
1525941960.9314,763.25000,0.09837359,s,l,
1525810890.1359,748.00000,0.00228371,b,l,
1525810892.6691,748.16000,0.02600000,b,l,
1525914913.8399,754.97000,0.02400000,b,l,
1525810895.5132,748.49000,0.04355506,b,l,
1525911053.6212,752.30000,0.93000000,b,m,
1525810898.4251,748.30000,0.05993393,b,l,
1525874979.9754,742.00000,1.00028000,s,l,
1525810902.247,747.90000,0.35005005,b,l,
1526045849.7726,674.00000,0.03053169,s,l,
1525810905.5037,747.90000,3.15735736,b,l,
1525810913.0156,748.10000,0.06000000,b,l,
1525927118.778,763.43000,1.00000000,b,m,
1526010328.7913,731.98000,0.15163652,b,l,
1525941991.8076,762.00000,0.37740728,s,l,
1525990718.2219,730.67000,2.01726400,s,m,
1526042822.0702,675.26000,0.23000000,s,m,
1525810922.3209,748.09000,0.03563837,b,l,
1526057546.8449,690.00000,1.00000000,b,l,
1525912799.7843,755.92000,3.09534210,s,m,
1526056232.8834,686.49000,15.77451339,b,m,
1526006056.3111,731.16000,0.03700000,b,m,
1525800290.0684,737.61000,0.02200000,b,l,
1526045850.6291,673.00000,2.87062992,b,l,
1525827624.7995,740.06000,0.00006404,b,m,
1525810937.697,747.81000,0.15201578,b,l,
1525759272.7045,751.81000,8.74929114,b,m,
1525783979.6765,736.13000,0.13378963,b,m,
1525810943.0346,747.55000,0.64714783,s,m,
1525942016.8019,761.60000,7.70000000,b,l,
1526058327.5254,690.60000,1.85322034,s,m,
1525810948.9,748.00000,1.74375640,b,l,
1526022189.4717,711.70000,0.14172000,s,l,
1525963912.681,761.21000,0.02500000,b,l,
1525810953.4392,748.00000,2.62962963,b,l,
1525942027.5999,761.59000,0.29156957,b,l,
1525997841.2225,719.80000,1.50000000,s,m,
1525870515.7443,748.70000,1.50000000,s,l,
1525942030.2339,761.52000,0.09909910,b,l,
1525967371.3711,759.62000,5.00000000,s,l,
1526024142.6902,697.99000,0.04660165,b,m,
1525896835.1482,754.94000,0.03044694,b,m,
1525942036.3968,761.51000,3.00000000,s,l,
1525810969.9681,747.98000,0.17717718,b,l,
1525915418.7528,757.21000,0.28628761,s,m,
1525810972.7933,747.98000,0.29389389,b,l,
1525810973.1511,747.53000,1.52247922,s,l,
1525976019.8206,736.00000,2.25572228,b,l,
1525942047.6304,760.93000,0.99666666,s,l,
1525942048.4835,760.14000,1.04934723,b,l,
1525942049.085,760.14000,1.31630000,b,l,
1525810978.1581,747.98000,4.52892893,b,l,
1525778373.734,733.00000,5.90412283,b,l,
1526008921.6977,730.00000,0.30000000,s,l,
1525942056.8848,762.73000,0.29608392,b,m,
1525778683.1665,732.00000,9.49200000,b,l,
1525810989.6065,748.09000,0.02200000,b,l,
1525862542.6257,733.86000,5.00000000,b,m,
1525954103.07,756.86000,0.07663159,s,m,
1525796577.8005,733.07000,1.96606753,s,m,
1525977394.1627,738.00000,4.68335579,b,m,
1525913524.8658,752.00000,2.50000000,s,m,
1525816328.3022,746.29000,0.73974631,s,m,
1526058946.9115,690.04000,3.94474988,s,l,
1525942081.5188,761.32000,0.99666666,s,l,
1526055418.1946,680.10000,0.28000000,s,l,
1525811012.0677,748.00000,0.80000000,s,m,
1525997843.7662,721.17000,0.04600000,b,m,
1526061118.9561,680.00000,2.03000000,s,l,
1526057877.3134,691.50000,17.32360000,b,l,
1526047226.0276,668.34000,7.08103373,b,l,
1526021663.5725,719.67000,1.24446113,b,l,
1526045853.2604,673.00000,1.07330920,b,l,
1525779916.1911,728.27000,0.00000004,b,l,
1525996022.7879,721.40000,1.57032800,s,l,
1525978187.5909,740.44000,1.72129425,s,m,
1525787620.7933,728.20000,1.25000000,s,m,
1525811037.4105,748.02000,5.00000000,s,l,
1526048099.075,675.60000,9.31703743,b,m,
1526052566.4392,684.58000,0.17446644,b,l,
1525795966.3589,736.90000,1.25000000,b,l,
1525811044.5542,748.00000,0.18357238,b,l,
1525942117.7415,761.30000,1.50000000,s,l,
1525942118.4488,760.14000,7.70000000,b,l,
1525896849.6473,754.59000,0.62730000,s,l,
1525942120.2329,760.14000,2.33100000,b,l,
1525811049.6246,748.00000,0.59270979,b,l,
1526044391.4031,678.11000,4.71000000,s,l,
1525942125.2482,760.14000,0.06300000,b,l,
1525942126.906,760.14000,0.35000000,b,l,
1525942127.0987,760.14000,2.69004875,b,l,
1525811056.1552,747.99000,5.00000000,b,l,
1525942129.0306,760.14000,2.71060000,b,l,
1525879023.199,745.98000,0.21777231,b,l,
1526057978.0836,688.91000,0.24467822,s,m,
1525942133.6622,760.14000,46.38109747,b,l,
1525875519.6371,742.96000,0.02200000,b,m,
1526023658.8301,698.23000,0.00886977,s,m,
1526062193.5042,675.00000,40.63260000,b,l,
1525869155.6223,749.06000,0.04038761,s,l,
1525842632.2179,714.75000,3.11244388,s,m,
1525888732.553,750.00000,0.06671737,b,m,
1525832561.2946,735.23000,0.10094764,s,m,
1526063313.281,679.00000,0.34756239,b,l,
1525781729.1156,726.12000,5.90228708,s,m,
1526045855.3844,673.00000,22.40000000,b,l,
1525910555.8728,751.20000,0.06406549,s,l,
1525811091.0279,747.96000,0.02600000,b,l,
1525982216.9923,733.75000,3.00407763,s,l,
1525823375.3279,749.10000,4.75485023,s,m,
1525870901.3547,744.00000,20.00000000,b,l,
1525759170.0906,750.00000,1.00000000,b,m,
1525972434.8991,752.68000,0.66400000,s,l,
1525985879.0017,736.40000,0.18000000,b,m,
1525788349.2591,732.89000,0.05833005,b,l,
1525840629.4613,719.25000,5.90900000,b,m,
1525942181.3195,761.48000,0.77955235,s,l,
1525942185.9076,760.71000,6.59630606,s,l,
1525809479.7554,749.78000,0.02300000,b,m,
1525875016.6454,741.98000,2.29426874,b,l,
1525759796.0272,752.52000,0.05285495,b,m,
1525973256.0753,746.91000,0.02708644,b,m,
1525821146.2271,754.66000,1.37900000,b,l,
1525791177.9991,732.58000,3.76000000,b,m,
1525942198.7889,760.81000,1.00000000,s,m,
1525849453.4204,720.84000,1.01942539,b,l,
1525840724.7614,719.36000,0.03000000,s,l,
1526026030.8308,705.50000,0.17040045,b,m,
1526023637.7808,700.00000,0.25481655,s,m,
1525778588.7374,733.00000,0.06428829,b,l,
1525940555.3485,762.99000,0.32658789,b,l,
1525976522.6595,736.85000,0.02200000,b,m,
1525985251.0894,731.99000,0.00503781,s,m,
1525912250.2292,755.20000,9.37194024,b,l,
1525798633.3785,731.21000,0.02200000,s,l,
1525836039.328,719.23000,5.00000000,s,m,
1525789300.7369,732.60000,0.00000030,s,l,
1525927991.7649,761.99000,10.00000000,b,l,
1525875641.2528,744.99000,0.02300000,b,m,
1525942226.2508,761.66000,1.20955901,b,m,
1525896867.6936,754.97000,0.50000000,b,m,
1526057262.1537,686.87000,0.02100000,b,m,
1525988670.5645,736.15000,0.02717474,s,m,
1525840350.2816,718.32000,0.02357640,b,l,
1525788351.2831,732.60000,1.50000000,s,l,
1525942243.2277,760.26000,0.86000000,s,l,
1525942244.7047,760.01000,3.93900000,b,l,
1526027942.1856,709.99000,0.07902590,b,l,
1526037129.1729,684.03000,1.00000000,s,m,
1526028400.1287,700.00000,0.17554200,b,l,
1526021913.9294,715.00000,0.77700000,s,m,
1525998828.606,721.76000,7.70000000,b,m,
1525775258.3509,747.79000,0.02200000,b,m,
1525811183.5558,747.95000,0.02300000,b,l,
1526027944.1394,710.76000,0.31791792,b,l,
1526048900.7379,675.92000,0.00555005,s,m,
1525975993.6439,734.01000,37.28000000,s,m,
1525897465.6004,753.80000,0.26650117,b,l,
1525997849.5509,719.32000,0.58071972,s,m,
1525809493.1099,750.39000,1.39800000,b,l,
1525980014.868,735.50000,1.00000000,s,m,
1526040244.9428,676.10000,29.84930739,b,m,
1525955400.833,757.88000,0.02000000,b,m,
1526027947.47,708.92000,0.39496439,s,l,
1525811205.0313,747.97000,2.97400000,b,m,
1525947993.0497,760.31000,11.46187866,s,l,
1525831340.6198,742.14000,0.13076481,s,m,
1525809495.8299,749.98000,2.01670722,b,l,
1525809496.0719,750.39000,2.38129277,b,l,
1525867095.5642,740.87000,1.21900000,b,l,
1525870021.6614,750.00000,0.00000976,b,m,
1526032766.9504,693.32000,0.84733353,b,l,
1526045066.1708,678.57000,0.07703380,s,l,
1525858208.0606,732.00000,1.98500000,s,l,
1526023586.1686,701.10000,0.10016554,s,l,
1526063318.615,679.00000,0.54729552,b,l,
1525894060.2258,745.22000,0.04382092,s,l,
1525811235.8979,747.53000,0.00911511,s,l,
1525787654.1174,728.92000,0.80000000,s,m,
1525826311.2305,745.62000,0.19239938,b,l,
1525870902.3916,744.00000,0.98314846,b,l,
1526027954.939,708.61000,9.62419914,s,l,
1525942319.6073,761.32000,10.00000000,s,l,
1525857969.5085,731.02000,1.24400000,s,l,
1525811249.5452,747.72000,0.21782759,s,l,
1525896883.2499,754.97000,4.50000000,b,l,
1525811252.1186,747.82000,0.02300000,b,l,
1525896530.0672,750.00000,0.39936417,b,m,
1526021508.0626,720.85000,0.22196019,s,m,
1526027956.8937,707.47000,0.02608966,s,l,
1525818173.3602,753.32000,0.00000010,b,m,
1525886091.3911,758.95000,0.02300000,b,l,
1525963614.2028,761.26000,0.02400000,b,m,
1525857508.7641,729.56000,2.25445339,b,l,
1525871552.7584,746.54000,0.02300000,b,m,
1525884587.4518,749.70000,0.45780835,s,m,
1526027958.5662,706.80000,1.17490000,b,l,
1525778680.7109,732.00000,9.49200000,b,l,
1526006113.5693,731.13000,0.02500000,b,l,
1525811278.1035,747.06000,0.18630000,b,l,
1525772918.4045,735.79000,0.05000000,s,l,
1525972958.1124,739.95000,0.38574500,b,l,
1525786935.5684,736.50000,7.70000000,b,m,
1526027961.2048,706.80000,0.21231912,b,l,
1526036505.7343,690.50000,3.67510617,b,m,
1525811291.2655,746.97000,1.11600000,s,l,
1525858231.1417,731.30000,0.40000000,s,l,
1526027962.2699,706.79000,0.06667559,b,l,
1525942366.2469,761.32000,0.06689782,s,l,
1526045862.7027,673.00000,0.29170000,b,l,
1526037133.1369,684.09000,0.23000000,b,m,
1526027963.8187,706.80000,0.01480000,b,l,
1525942374.4194,761.63000,0.11663948,b,l,
1525811303.4874,746.84000,0.09621646,s,l,
1525811304.6896,747.03000,0.02000000,s,l,
1526045234.8198,673.46000,1.84400000,b,l,
1526027965.5828,706.80000,0.34767738,b,l,
1525942384.3035,761.32000,3.35904940,s,l,
1525856831.8873,729.14000,0.39300000,b,l,
1525797579.2435,735.01000,3.19900000,s,l,
1525890731.0748,753.69000,0.00093457,b,m,
1526027966.1524,706.80000,3.02546680,b,l,
1525942390.1973,760.46000,0.01306261,s,l,
1525887414.8313,754.82000,0.04917109,s,l,
1526028332.503,700.89000,0.31228606,s,l,
1526063321.6708,679.00000,0.07363770,b,m,
1526041147.1437,670.00000,1.80000000,s,m,
1526045863.1712,673.00000,10.00000000,b,l,
1525984760.1075,736.95000,1.87227832,b,m,
1526023466.5417,702.94000,7.44000000,s,l,
1525876140.1761,745.00000,0.05094418,b,l,
1526040632.5755,673.00000,0.01635851,s,l,
1525811339.6269,747.65000,1.68589000,b,l,
1526045371.7,676.63000,0.15989354,b,m,
1525896898.2604,754.98000,6.25692791,b,l,
1526006125.7645,731.00000,1.93586974,s,l,
1526059375.5609,692.68000,3.94128872,b,l,
1525817943.1966,754.00000,0.00000027,b,m,
1525804956.346,744.98000,0.33618999,b,l,
1525840613.6825,719.66000,0.02234042,b,m,
1526041118.2521,670.05000,0.35865502,s,m,
1525794500.9431,731.91000,0.02100000,b,l,
1526027975.2331,706.80000,1.52052052,b,l,
1525886359.2119,758.25000,1.01552878,s,l,
1525834691.8472,728.22000,0.99100000,s,m,
1525973831.4231,741.90000,0.94326989,s,l,
1526026711.9216,708.08000,0.06000000,b,l,
1525772555.801,740.00000,0.30000000,s,l,
1526045865.1751,673.00000,20.00000000,b,l,
1525978187.5621,741.13000,0.52772000,s,l,
1526027978.0365,706.79000,0.33699983,s,l,
1525942462.2733,760.50000,0.02044481,b,l,
1525767901.936,756.66000,4.68245147,s,l,
1525811395.6871,746.85000,0.02291231,s,l,
1525759172.3414,750.00000,4.15438653,b,l,
1525869066.1446,749.99000,8.49440226,b,m,
1525847677.052,723.52000,0.02000000,b,m,
1525942474.5503,760.50000,0.02092424,b,l,
1526024043.5797,697.49000,0.00005806,b,l,
1526017550.605,734.34000,4.45020000,s,l,
1525811408.9939,746.85000,0.09181860,s,l,
1526031460.5429,681.68000,3.70194992,b,l,
1526052466.4359,683.46000,0.02011142,b,m,
1525811417.2589,746.57000,4.15475769,s,l,
1525942491.9252,760.44000,0.02000000,b,l,
1525901837.7479,744.82000,0.34500000,s,l,
1525842198.4367,722.22000,0.65600000,s,l,
1526031418.7091,680.00000,1.53126087,s,m,
1525829877.4361,742.33000,0.02300000,b,l,
1525778376.9873,732.91000,1.12171480,s,l,
1525811431.9939,746.57000,0.82806142,s,l,
1525811432.0135,746.33000,0.06793670,s,l,
1525942505.8901,760.49000,0.94752914,b,l,
1525811435.8991,746.31000,0.14450739,s,l,
1525811437.0355,746.00000,0.29890000,b,l,
1525811439.9047,746.00000,2.48218189,b,l,
1525942512.6288,760.50000,0.15855723,b,l,
1525984296.1536,734.35000,0.32128395,b,l,
1525985253.5334,734.94000,0.39022111,b,l,
1526045867.1218,673.00000,3.55800000,b,l,
1526040931.1579,671.92000,5.50123526,s,l,
1525872188.8976,746.00000,2.00000000,b,m,
1525771393.8337,744.98000,0.21003719,b,l,
1525811461.5072,745.99000,5.00000000,b,l,
1526032774.2409,693.51000,2.02800000,s,l,
1526021550.2673,719.84000,0.05000000,s,m,
1526001499.4746,728.09000,0.02400000,b,l,
1525888745.4893,750.67000,0.06000000,b,m,
1526006146.5864,731.00000,1.02393180,s,m,
1525787693.1695,728.79000,2.94078260,s,m,
1526047229.277,669.01000,0.72680623,b,m,
1525772266.4289,743.16000,7.70000000,s,l,
1525942546.0566,760.47000,0.21220836,b,l,
1525811479.7513,745.93000,1.77390000,b,l,
1525778292.1558,731.61000,0.02831100,s,l,
1526002223.9444,728.78000,0.18783853,b,m,
1525942556.9156,760.39000,20.00000000,s,l,
1525993928.9106,728.01000,1.00000000,s,l,
1525942558.7524,760.20000,11.81060584,b,l,
1526039373.0396,684.54000,0.30939404,s,m,
1525827386.6228,740.65000,2.55244500,b,l,
1526001723.8998,728.94000,0.02500000,b,m,
1526040244.8797,675.58000,1.00000000,b,m,
1525811496.442,745.83000,0.33000000,s,l,
1526031517.9656,685.12000,0.63295400,s,l,
1526045869.9574,673.00000,9.53000000,b,l,
1525811509.9065,745.99000,0.12740656,b,l,
1525940617.1322,763.92000,0.02000000,b,m,
1525976037.7135,735.42000,7.70000000,s,l,
1526048389.5347,680.09000,4.91709999,b,l,
1525853237.9987,718.05000,5.00000000,b,l,
1525774587.5638,748.46000,0.46700000,b,l,
1525942594.1871,760.00000,0.42000000,b,l,
1525853238.002,718.07000,2.55000000,b,l,
1525788363.9916,733.93000,0.02600000,b,l,
1525986092.124,733.59000,0.19681519,s,l,
1525942606.6601,760.50000,1.31637655,b,l,
1526045870.463,673.00000,3.55719629,b,l,
1525811536.2927,745.84000,0.55901823,s,l,
1525853240.46,717.38000,0.99495807,s,m,
1525811538.1054,746.00000,14.02996209,b,l,
1525839638.0651,717.08000,7.70000000,s,m,
1525811543.291,746.00000,4.80003791,b,l,
1526024611.974,688.20000,10.44000000,s,m,
1525787706.8583,728.39000,0.08100000,s,m,
1525942622.4772,760.50000,1.01016160,b,l,
1525942623.2634,760.50000,0.12270000,b,l,
1525811555.7372,746.44000,5.00000000,s,l,
1525811556.6178,745.93000,1.13064660,b,l,
1525942630.4142,760.22000,0.06510000,b,l,
1525942632.827,760.50000,0.89938565,b,l,
1525768351.8839,757.92000,9.00800000,b,l,
1525949465.9219,763.58000,0.02500000,b,m,
1525811567.2758,747.50000,0.00010314,b,m,
1525810187.732,748.50000,0.00290000,b,l,
1525942642.2748,760.50000,3.09084630,b,l,
1525942643.7915,760.50000,0.57793269,b,l,
1526049855.338,682.48000,0.74575350,s,l,
1525942652.666,760.50000,7.90928217,b,m,
1525941609.9557,764.97000,0.02500000,b,m,
1525942655.5908,760.50000,0.35882843,b,l,
1525807188.0224,745.65000,0.16757314,s,m,
1525811590.5027,746.20000,2.54070000,s,l,
1525967721.256,759.80000,53.47812756,s,l,
1525985254.2974,734.94000,1.26683589,b,l,
1525868871.1075,747.31000,0.02300000,b,m,
1526027298.5341,705.25000,0.02000000,b,m,
1526049858.2843,682.47000,0.18872076,s,l,
1525896941.4958,755.54000,0.02000000,b,m,
1526014447.2129,733.83000,0.06813567,s,m,
1525947420.7084,762.58000,0.93600000,b,m,
1525786935.5807,736.61000,8.73330053,b,m,
1526024050.256,697.58000,1.49969917,s,l,
1525840353.6194,718.59000,0.02400000,b,l,
1526049861.5405,682.11000,0.35220000,s,l,
1525779637.9256,732.98000,0.28258244,b,l,
1525844447.5745,716.06000,7.16460042,s,l,
1525918790.6742,750.60000,0.00002024,s,m,
1525954453.754,758.40000,1.25000000,b,l,
1525809564.2491,750.38000,0.02300000,b,m,
1525787719.8232,728.65000,0.21360000,b,m,
1525849955.4422,721.53000,0.05884485,b,l,
1525811634.2849,747.70000,1.69529717,b,m,
1525836088.1328,725.10000,4.94861471,b,m,
1525849470.2817,720.66000,0.17631223,s,l,
1525896948.2933,755.74000,0.10000000,b,l,
1526024051.5286,696.80000,0.18329917,s,m,
1525929578.6878,765.38000,0.02100000,b,m,
1526049866.1643,682.11000,1.28894169,s,l,
1525926961.4348,759.42000,0.02400000,b,m,
1525811648.4693,747.64000,0.09500000,b,l,
1525811651.6222,747.68000,0.02400780,b,l,
1525811653.3506,747.69000,0.03955889,b,l,
1526045874.7952,673.00000,0.09011400,b,l,
1526049869.2234,681.70000,2.67800000,s,l,
1525979984.4994,736.62000,2.59382665,s,m,
1525983084.3693,731.32000,0.14695740,b,l,
1526006180.3425,730.99000,0.00900000,b,l,
1526049871.0585,681.70000,3.55807394,b,m,
1526028026.1832,707.45000,0.03896002,b,l,
1525778292.2439,730.00000,100.00000000,s,l,
1525977323.2246,737.22000,7.70000000,b,l,
1526054604.6144,689.79000,0.04400000,b,m,
1525787729.9919,728.65000,1.87206492,b,m,
1525811688.1617,747.03000,0.06000000,s,l,
1525811690.3131,746.50000,3.56884702,s,l,
1525811691.3405,746.50000,9.81215298,s,l,
1525811693.3496,746.50000,0.04500000,b,l,
1525831092.1357,744.05000,0.02200000,b,l,
1525811696.3278,746.50000,0.14269702,b,l,
1525811699.5605,747.61000,0.02300000,b,l,
1526050240.0093,680.84000,2.14814970,b,l,
1525885691.7507,760.00000,0.05000000,b,m,
1525809577.0809,750.29000,0.02300000,b,m,
1525977285.803,735.31000,0.27835221,b,m,
1526040179.1706,675.00000,0.81200000,s,l,
1525811711.5031,747.20000,0.10519429,b,l,
1525896960.3446,754.98000,0.45498653,s,l,
1525763104.9039,757.78000,0.14085641,b,m,
1526049879.9016,682.00000,0.43477440,s,l,
1525912381.1465,756.41000,0.00247000,b,m,
1526001377.6838,727.97000,0.02400000,b,l,
1525779641.0741,732.95000,0.50274966,s,l,
1526023491.8687,702.94000,7.46200000,s,l,
1525811741.446,747.10000,1.06230000,b,l,
1526028037.997,706.29000,0.02000000,b,l,
1525779422.6887,732.00000,20.00000000,b,l,
1525811747.2586,747.30000,0.16535124,b,l,
1526006193.1215,730.97000,0.30437654,b,l,
1525790648.5292,731.82000,5.00000000,s,m,
1525942829.0881,761.02000,0.50000000,b,l,
1525984349.0291,734.79000,0.03464406,b,l,
1526024055.5984,697.58000,1.28045924,s,l,
1525840354.7458,718.99000,0.02100000,b,l,
1526006597.3155,728.54000,0.05055939,b,m,
1525806311.2514,748.97000,1.64300000,b,m,
1526029773.912,698.00000,1.50000000,b,l,
1526047231.4301,669.03000,5.04200000,b,l,
1525857490.9061,729.58000,0.97600000,b,l,
1526004383.9356,727.00000,1.35900000,b,l,
1526028043.4004,705.24000,0.05218081,s,l,
1526022116.8464,707.39000,4.52000000,b,l,
1525811787.2847,746.34000,0.34000000,s,l,
1525823288.786,753.67000,5.00000000,b,m,
1525811792.5045,746.33000,0.03820851,s,l,
1526024056.9818,697.58000,0.09489482,b,l,
1525811794.6999,745.73000,0.87000000,s,l,
1525818506.4702,754.96000,0.03891877,b,m,
1525779643.5135,732.99000,5.00000000,b,m,
1526031519.8282,685.12000,0.08674681,s,l,
1525811802.6951,745.33000,0.18997296,s,l,
1525983053.2073,730.17000,1.00000000,s,m,
1526024575.0542,691.00000,10.00000000,s,m,
1525905678.3489,754.70000,0.07666643,b,m,
1525781125.8739,723.87000,1.05550720,b,l,
1525871552.7556,746.53000,0.02600000,b,m,
1525904240.6654,752.24000,0.02800000,b,l,
1526028049.9762,705.00000,2.55218081,s,l,
1525840659.2766,719.00000,1.00000000,s,l,
1525836009.0349,720.12000,7.70000000,b,m,
1525774887.1131,748.99000,0.31693207,b,l,
1526028050.3468,704.58000,2.04313326,s,l,
1526026307.405,698.90000,5.00000000,b,l,
1525783616.1456,729.80000,3.25000000,s,l,
1526028051.6522,705.27000,0.34679821,s,l,
1526026726.0193,708.88000,12.22421170,b,l,
1525835990.2358,719.00000,0.20882417,b,l,
1525788320.4474,733.50000,0.02100000,b,m,
1525942912.8012,761.02000,0.15000000,b,l,
1526049899.4161,681.40000,1.50000000,s,l,
1526048028.1062,675.01000,0.02700000,b,l,
1525914503.9763,754.38000,0.02300000,b,l,
1525767904.9268,756.58000,0.18416076,s,l,
1525817943.1814,753.90000,15.50000000,b,m,
1525942924.4479,761.01000,0.00053246,b,m,
1525973064.7951,745.21000,4.18200000,b,m,
1525809603.1179,749.95000,3.59152809,s,l,
1525811861.1948,745.00000,10.52416043,s,l,
1525809604.9768,748.77000,2.40708641,s,m,
1526025039.4178,686.04000,0.11986203,b,m,
1525774887.1044,748.95000,0.02600000,b,l,
1525905678.2626,752.70000,15.70000000,b,m,
1525809605.8492,748.77000,0.70000000,s,m,
1525759797.3683,751.12000,5.00000000,s,l,
1525915424.2762,757.47000,0.20000000,b,m,
1525858207.2949,732.00000,1.97400000,s,l,
1525784920.8503,737.50000,14.30000000,s,m,
1526028060.5496,704.58000,3.37674068,s,l,
1526047672.3377,675.90000,0.12956070,b,m,
1525841068.2561,720.89000,0.03500000,b,l,
1525942959.5995,761.02000,0.16030000,b,l,
1525942963.4674,761.02000,0.31336225,b,l,
1525924827.3879,755.69000,5.00000000,b,l,
1525811893.8886,745.05000,5.00000000,s,l,
1526054215.1873,678.19000,0.09304779,s,l,
1525848211.1265,717.82000,0.00435344,s,m,
1525811900.8518,745.03000,0.85000000,s,l,
1525993508.2413,732.40000,0.17256473,b,m,
1525839542.9883,719.39000,0.02700000,b,m,
1525811905.4706,745.00000,13.77000000,s,l,
1525811906.8745,745.00000,0.02947050,s,l,
1525858208.1117,731.79000,0.85300000,s,l,
1526008268.2519,729.15000,0.01400000,b,m,
1525787766.1381,727.63000,50.35553106,s,l,
1525811911.5432,745.02000,0.02250000,s,l,
1525809612.4555,748.80000,1.50000000,s,l,
1526063817.5453,680.63000,0.26505648,b,l,
1526040172.3444,675.61000,1.67791188,s,l,
1525803555.6204,733.77000,0.07711654,b,l,
1525811923.4019,745.03000,0.20000000,s,l,
1525904162.536,750.46000,0.05100000,b,l,
1525944230.4228,760.12000,1.00000000,s,m,
1525846482.736,723.47000,3.16535604,b,l,
1525811930.6577,745.00000,10.06996351,s,l,
1526002238.9715,728.97000,0.02500000,b,l,
1526023796.1461,695.50000,9.36200000,s,l,
1525811933.1152,743.53000,2.00000000,s,m,
1525927394.8498,762.37000,0.02400000,b,l,
1525825415.7789,744.34000,0.88869182,b,m,
1525811936.9776,744.00000,0.02840000,b,l,
1525811937.5113,744.00000,0.12368574,b,l,
1525811939.7075,743.55000,21.04040000,s,l,
1525811941.6361,744.00000,2.00000000,b,l,
1525811943.8062,744.00000,20.00000000,b,l,
1525852087.0588,717.98000,0.40458557,b,m,
1525811948.8777,744.00000,2.78100000,b,l,
1525811951.0242,744.00000,2.54820000,b,l,
1525811952.7667,744.00000,2.54820000,b,l,
1525928518.9404,763.02000,1.15935216,s,l,
1525811954.5528,744.00000,2.54820000,b,l,
1525811956.6531,744.00000,2.54820000,b,l,
1525943029.6406,760.57000,0.12340788,s,l,
1525901855.2589,744.80000,1.45705046,s,m,
1525943034.2329,761.50000,11.27576288,b,l,
1525836263.5951,723.23000,15.00000000,s,l,
1526049920.8232,681.50000,2.35244520,s,l,
1526050249.1807,680.99000,0.02460993,b,l,
1526041398.0184,675.45000,3.31146519,b,l,
1525943045.9464,761.49000,0.10000000,b,m,
1525779276.5537,732.00000,9.49200000,b,l,
1526023587.1006,702.18000,1.00000000,b,m,
1525943052.2446,761.50000,1.50559772,b,m,
1525818533.738,753.60000,0.00381220,s,l,
1526045885.5245,673.00000,20.00000000,b,l,
1526049923.3653,681.37000,7.70000000,s,l,
1525870900.4763,744.00000,1.97500000,b,l,
1526028078.0474,704.60000,0.10000000,s,m,
1525809625.4608,748.40000,0.01012000,s,l,
1525976000.4716,733.24000,0.17000000,s,m,
1525943066.0591,761.50000,1.00000000,b,m,
1525811995.4101,745.97000,0.02200000,b,l,
1526061820.2308,677.51000,0.31216997,s,m,
1525841999.6338,723.79000,2.42596356,b,m,
1525991367.9509,731.94000,0.84855991,b,l,
1526022365.5927,710.58000,0.04817274,b,l,
1526024063.9178,699.01000,0.71600000,s,l,
1525837648.6933,722.15000,0.00000345,s,m,
1525779650.0301,732.78000,0.60000000,s,l,
1525812009.7006,746.00000,2.99700300,b,l,
1525980418.3717,736.10000,0.06622000,s,l,
1525867212.38,744.99000,2.00000000,b,m,
1526054615.788,689.80000,0.74400000,b,m,
1525764957.4212,757.23000,0.37122448,s,m,
1525955501.6305,759.19000,0.02400000,b,m,
1525997763.3577,719.40000,3.49202779,b,m,
1526049929.9462,681.50000,0.10839150,s,l,
1525943097.1719,760.76000,0.00000002,s,m,
1525821152.1131,755.26000,0.02000000,b,l,
1525879908.9319,746.73000,5.45062917,b,l,
1526024064.6773,699.00000,4.65780000,s,l,
1525804567.8655,746.51000,0.90420000,s,l,
1525927331.3414,762.00000,0.24800000,b,l,
1525997051.956,718.34000,0.19699500,s,m,
1525985257.6562,735.46000,0.10489500,b,l,
1525836390.29,721.41000,33.00000000,s,m,
1526038030.8973,683.91000,3.59108067,s,m,
1525993986.895,727.09000,1.90003301,b,l,
1525943121.7117,761.50000,2.40000000,b,m,
1525787790.8434,728.62000,3.18000000,b,m,
1526028090.0177,706.49000,1.67915114,b,l,
1525867583.3471,751.94000,10.00000000,b,m,
1525984400.7941,734.75000,0.00008564,b,l,
1525993734.6653,728.21000,2.47807967,s,l,
1525924827.4246,756.37000,33.58082546,b,l,
1525995732.3583,725.00000,0.97769000,s,l,
1526045888.872,673.00000,0.17094876,b,l,
1526047233.0014,669.61000,4.99969921,b,l,
1525849958.5376,722.25000,9.93066053,b,l,
1525771943.2659,743.00000,7.92014551,s,m,
1525812087.4661,747.65000,0.03800000,b,l,
1525812089.8846,748.00000,0.06013980,s,l,
1525824644.2721,747.35000,0.24223240,s,l,
1526041524.6136,672.00000,0.03790000,b,l,
1526029611.3756,696.08000,2.55000000,s,m,
1525812094.2253,748.00000,7.70000000,s,l,
1525812097.349,748.00000,0.39260700,s,l,
1525848692.3085,719.22000,3.68705035,s,l,
1525859560.2986,733.49000,73.43790000,s,l,
1525818478.1052,753.82000,0.04000000,b,m,
1526039482.9842,681.70000,0.00581000,s,m,
1525977149.3984,735.49000,0.00006484,b,m,
1526045860.3845,673.00000,0.50000000,b,l,
1525836273.3533,722.10000,13.83000000,s,m,
1525809645.0373,747.12000,1.00000000,s,l,
1525784018.127,736.83000,0.00000005,b,m,
1525812113.0233,748.00000,0.51948000,s,l,
1525812114.8811,748.00000,1.95193660,s,l,
1525812115.6196,747.99000,0.00133443,b,l,
1526025161.0611,688.90000,0.04706907,b,l,
1525812118.428,747.80000,1.50000000,b,m,
1526038429.0517,690.68000,19.96922367,b,m,
1525800367.0153,738.93000,0.02500000,b,m,
1525812126.9338,747.97000,0.23714946,b,m,
1526024538.4544,693.88000,0.09349662,b,l,
1525870830.1435,746.84000,4.03966158,s,l,
1526022077.7779,710.00000,0.47010402,s,m,
1525972438.2642,750.14000,22.50000000,s,l,
1526041996.9781,676.50000,0.09420197,s,m,
1525812137.3254,747.95000,5.00000000,b,l,
1526061118.9487,680.02000,3.00000000,s,l,
1526022016.5302,713.00000,1.10200000,s,l,
1525812695.1403,740.48000,13.49700000,s,m,
1525958189.7118,761.58000,0.02000000,b,l,
1525885691.4439,759.45000,4.63941940,b,l,
1525818520.0854,756.20000,1.40000000,b,m,
1526062314.7467,678.00000,0.30000000,b,m,
1526015339.8504,733.76000,0.02031742,b,l,
1525812159.3199,748.00000,23.84800000,s,l,
1525912484.0717,760.49000,3.00000000,b,m,
1526028107.4646,705.01000,0.16610000,s,l,
1526027428.3611,709.94000,0.02400000,b,l,
1526046743.193,669.28000,0.99300000,s,m,
1526045891.1392,672.34000,0.68400000,s,m,
1525812169.1418,747.97000,0.23715601,b,m,
1526006263.9826,730.51000,1.36610000,s,m,
1525943244.4198,761.50000,50.00000000,b,l,
1525849488.1301,720.73000,0.00004607,b,m,
1526058985.8196,690.00000,0.91708200,s,l,
1525858394.6141,731.10000,0.27239475,s,l,
1525812183.6045,746.42000,0.40000000,s,l,
1525918884.132,751.91000,0.07891833,b,l,
1525804568.5974,746.51000,1.63990000,s,l,
1525943261.5338,760.89000,0.00384429,s,m,
1525761796.8172,753.90000,0.00775000,s,l,
1526054621.8084,689.20000,1.47555416,s,l,
1525812199.5121,747.00000,0.04000000,s,l,
1525899714.9032,740.98000,33.73123740,s,l,
1525787815.3367,730.00000,1.25000000,b,m,
1525812204.1646,747.90000,0.37083800,b,l,
1526028114.9056,704.62000,0.54153528,s,l,
1525812206.826,747.03000,0.60000000,s,l,
1525858218.9522,731.31000,0.09700000,s,l,
1525812208.2959,746.02000,5.01000000,s,l,
1526024070.3656,699.58000,4.72489000,b,m,
1525812215.0961,747.74000,1.00000000,b,m,
1525943288.9165,761.50000,10.00000000,b,l,
1525812218.6621,745.75000,0.16577904,s,l,
1525812221.2529,745.67000,0.94000000,s,l,
1525812222.6284,745.66000,10.00000000,s,l,
1526038505.812,687.37000,0.02800000,b,l,
1525995733.1281,725.00000,5.86126331,s,m,
1526023229.7552,709.56000,14.10200000,b,l,
1525789476.2916,734.76000,0.24068943,b,m,
1525885757.7657,758.09000,19.43289048,b,m,
1526028119.8911,704.59000,0.79936651,s,l,
1525858219.269,731.31000,1.63240664,s,l,
1525943310.3508,761.50000,0.10926273,b,l,
1526023851.2035,693.60000,0.04784638,b,l,
1525893604.8087,747.30000,1.50000000,b,m,
1525812246.1944,746.97000,2.43707000,b,l,
1526028121.8868,706.15000,4.02021950,b,l,
1525943321.3734,761.50000,0.18890000,b,l,
1526028122.3161,706.15000,1.63278050,b,l,
1526061122.6103,680.00000,25.60000000,b,l,
1525943333.3229,761.50000,0.22490000,b,l,
1526009264.2184,731.58000,6.42900000,b,l,
1525812266.3594,745.46000,1.00000000,s,m,
1526026107.405,700.99000,0.23800785,b,l,
1525812270.3698,745.43000,4.31557735,s,l,
1526028125.637,704.61000,0.14176454,b,l,
1525812273.4071,744.84000,1.00000000,s,m,
1525812275.6323,744.80000,1.00000000,s,m,
1525812276.7841,745.41000,10.87118008,b,m,
1525927394.8349,762.14000,0.02400000,b,l,
1525871314.9491,747.09000,10.32000000,b,m,
1526049972.3045,681.19000,0.09060930,s,l,
1525812283.9865,745.50000,17.00000000,b,l,
1525792148.0881,735.66000,0.02500000,b,m,
1525918901.8666,751.72000,4.98703371,s,m,
1525943362.1239,761.10000,0.90218547,s,m,
1526025186.3764,689.99000,0.02100000,b,m,
1526002250.933,728.70000,0.00000014,s,m,
1525812295.9577,743.99000,0.10000000,s,m,
1525968944.5798,761.70000,1.52794391,b,m,
1525943373.6344,761.49000,0.03973974,b,l,
1526006285.0878,729.47000,0.02700000,s,m,
1525812304.9453,743.99000,0.06129249,s,l,
1525812305.7686,742.21000,6.92328609,s,m,
1525932012.2147,756.85000,0.12400000,s,l,
1525812319.9759,742.40000,1.50000000,s,m,
1526058820.8855,691.05000,0.02500000,b,l,
1525943395.408,761.08000,8.63700000,s,m,
1525857973.9171,732.39000,6.42500000,b,m,
1525779418.461,732.51000,4.60600000,s,l,
1525812332.557,742.22000,0.36732108,s,m,
1525918909.8779,752.04000,0.02400000,b,m,
1525812337.3436,742.22000,0.18575432,s,l,
1525875219.5552,741.95000,0.00000005,b,m,
1525958256.0404,765.39000,0.02697213,b,m,
1526025211.1119,689.97000,0.02100000,b,m,
1525812346.8527,742.21000,0.07000000,s,m,
1526049983.3041,678.12000,7.06600000,s,m,
1526028138.358,705.68000,1.35770691,b,l,
1525943422.632,760.71000,2.93123584,s,m,
1526048727.9144,676.60000,0.02400000,b,m,
1525943429.132,761.50000,5.00000000,b,l,
1525883130.6104,750.98000,0.03600000,b,m,
1525894168.8471,745.12000,1.00000000,s,l,
1526037633.719,686.15000,0.02500000,b,m,
1525833945.8921,733.96000,0.02500000,b,m,
1525943435.6705,761.50000,0.57190510,b,l,
1525943436.0158,761.50000,0.56418537,b,l,
1525929413.2988,765.56000,27.48938867,b,m,
1525943439.8434,761.50000,0.04552395,b,l,
1525997226.7254,717.07000,1.24330000,s,l,
1525943446.8288,761.50000,5.20709999,b,l,
1525812375.0229,742.20000,0.10000000,s,m,
1526055964.5069,684.65000,0.02500000,b,m,
1525781001.7624,720.02000,0.26280000,s,l,
1526004463.6181,728.29000,0.02200000,b,m,
1525778292.1922,730.91000,103.23400000,s,l,
1525807188.0263,745.36000,0.07865789,s,m,
1525774961.8686,749.56000,0.10695223,b,m,
1525858224.6712,731.30000,0.08740664,s,l,
1525915858.7503,758.39000,0.33482270,b,m,
1525812392.9757,741.50000,1.00000000,s,m,
1525812393.1818,740.40000,0.41802822,s,m,
1526049991.4956,680.08000,0.07854656,b,m,
1525812399.44,740.40000,0.41478820,s,m,
1526026042.9622,703.99000,0.24000000,s,m,
1525833945.8948,733.97000,0.02200000,b,m,
1525812406.2545,740.40000,0.20000000,s,m,
1525834248.3018,729.00000,0.02700000,s,m,
1525993525.2464,732.40000,0.94739808,b,m,
1525869164.5068,749.40000,0.02300000,b,m,
1525858225.004,731.30000,0.74227748,s,l,
1525918923.7976,752.05000,88.38664386,b,l,
1526028150.6635,705.67000,0.08854248,b,l,
1525918924.6315,753.00000,0.27281897,b,m,
1525812426.5752,741.00000,17.47282192,b,l,
1526024540.8354,693.88000,0.01450332,b,m,
1525780918.2549,721.32000,0.40175801,s,l,
1525787853.7432,728.62000,0.19786642,s,m,
1525812432.5325,740.87000,1.00000000,b,l,
1526028152.2238,705.67000,3.72465664,b,l,
1525812435.5838,741.29000,0.40622228,b,l,
1525848183.685,721.27000,5.00000000,s,l,
1525857508.4373,729.28000,0.03112916,b,l,
1525812444.7835,741.66000,2.00000000,b,l,
1525812445.1175,741.97000,0.87000000,b,l,
1525943518.7681,761.50000,11.90686224,b,l,
1525943521.5635,762.17000,0.02400000,b,l,
1525927118.8294,763.43000,13.83000000,b,m,
1525812455.229,742.35000,0.08001408,b,l,
1525854325.4781,720.89000,0.00000004,b,l,
1526042966.1242,677.71000,2.44710051,s,l,
1525932013.664,756.85000,0.12400000,s,l,
1525836404.8358,720.45000,7.70000000,s,m,
1525836039.3765,716.90000,5.09570000,s,m,
1526016324.078,734.00000,9.60000000,b,l,
1526050004.673,680.05000,0.02617939,b,m,
1526060456.2068,691.38000,0.02200000,b,l,
1525812426.565,740.93000,5.00000000,b,l,
1526012240.3666,731.18000,0.01582947,s,m,
1525972937.9146,740.02000,1.97079986,s,m,
1525962624.1966,761.76000,0.02500000,s,l,
1526062057.0858,679.47000,3.05092883,b,m,
1525812484.4407,742.97000,0.02300000,b,m,
1526050006.0569,680.05000,1.00000000,b,m,
1526028032.448,706.80000,0.25972819,s,l,
1525943569.2989,762.49000,0.15910000,b,l,
1525812500.9952,742.99000,4.39088424,b,l,
1525812501.0429,742.99000,7.07303019,b,l,
1525812503.3427,742.99000,1.00000000,s,m,
1526046383.4599,673.04000,2.58000000,s,m,
1525812510.8057,743.84000,0.03870598,b,m,
1525784239.0495,737.55000,0.76478951,s,m,
1525943588.2345,762.49000,1.22534279,b,l,
1525958141.1335,759.41000,0.00038557,s,l,
1525812520.2523,743.84000,0.12045665,b,l,
1525998021.0826,725.03000,0.02400000,b,m,
1525812523.9994,743.84000,0.93906000,b,m,
1525812524.009,743.84000,0.79060000,b,m,
1525896819.6844,754.98000,2.49151169,b,m,
1526047236.1413,669.85000,0.00003663,b,l,
1525759073.2288,749.58000,0.05000000,s,m,
1525783701.0644,731.76000,0.72908787,b,m,
1525984478.7929,734.90000,1.97400000,b,m,
1525766574.6011,759.00000,0.20433597,b,l,
1525964633.5743,754.50000,4.96487001,s,m,
1525824647.9515,746.92000,0.44948728,s,l,
1526023446.4992,705.19000,4.37600000,s,l,
1525943614.3625,762.40000,0.37759962,s,l,
1525918944.8155,753.00000,0.63199411,b,m,
1525943621.445,762.66000,0.02100000,b,l,
1526050017.2876,679.33000,1.00000000,b,l,
1526004384.9069,727.00000,0.06400000,b,l,
1525831564.9287,743.27000,0.02600000,b,l,
1526006327.1077,729.48000,0.98265675,s,l,
1525807950.7385,746.45000,0.00000003,b,l,
1525922157.757,754.09000,0.32529000,s,m,
1526045196.0639,675.03000,3.17900000,b,l,
1525884417.2451,749.80000,0.02300000,b,l,
1525984801.2537,736.31000,0.28017735,s,l,
1525858230.8998,731.71000,1.74800000,s,l,
1525943641.5319,761.79000,0.09700000,s,l,
1525812571.2408,743.81000,0.52852440,b,m,
1525943645.0813,761.78000,0.09663028,s,l,
1525852580.6769,716.98000,0.02000000,s,l,
1525875259.7684,742.00000,0.49242084,b,l,
1525943655.5429,762.10000,0.59805039,b,m,
1526050728.2746,687.20000,1.00000000,b,m,
1526028178.936,704.32000,1.00000000,s,l,
1525875261.559,742.00000,0.49700371,b,l,
1525973913.0422,743.12000,3.71990102,b,m,
1525984802.5808,735.70000,20.00000000,s,l,
1525943668.8438,761.24000,1.00000000,s,l,
1525858231.1441,731.30000,0.08401040,s,l,
1525812600.1313,743.22000,0.00238853,s,m,
1526032812.506,693.60000,0.09711972,b,m,
1526032666.8901,693.00000,0.07072152,s,l,
1525791742.6633,732.65000,0.02600000,b,m,
1525932014.5363,756.85000,0.12300000,s,l,
1525778186.865,735.51000,1.01344473,s,l,
1525790983.2727,733.77000,0.02500000,b,l,
1525999447.424,722.19000,0.07051630,s,m,
1525857662.7773,731.20000,8.15751934,b,m,
1525812625.7587,743.79000,0.02934712,b,m,
1525858232.3549,731.30000,0.37227748,s,l,
1525830573.4919,742.37000,0.02200000,b,l,
1526026032.9067,705.06000,0.00086360,s,l,
1525793095.0641,730.19000,0.29271324,s,m,
1526022715.781,713.64000,2.18079191,b,l,
1526024084.4816,698.67000,0.25000000,b,m,
1525918959.426,753.80000,0.80000000,b,m,
1525812636.785,743.80000,1.20000000,b,m,
1525897114.9409,754.01000,4.76600000,s,l,
1525858606.2454,729.80000,0.37000000,s,l,
1526064610.8235,686.65000,0.11879557,s,m,
1526045491.5638,677.91000,0.09981433,b,l,
1525857437.0384,728.60000,0.27329188,b,l,
1525885556.0293,754.98000,2.50000000,b,m,
1525816398.6593,747.00000,0.64913315,b,m,
1525885691.36,757.50000,19.00000000,b,l,
1525812659.1689,743.10000,5.00000000,s,l,
1525943732.4729,761.07000,1.00000000,b,l,
1526055093.3039,683.37000,0.00024275,s,m,
1525943362.1188,761.13000,0.09781453,s,m,
1525929578.6909,765.39000,0.02500000,b,m,
1526040173.7659,675.61000,0.34682482,s,l,
1525866547.2994,739.55000,0.80617655,s,m,
1525832504.6125,737.70000,0.37500000,s,m,
1526040244.8848,675.58000,12.29811917,b,m,
1525779351.9618,734.00000,0.22800000,b,l,
1526019721.1858,731.56000,0.02500000,b,m,
1525803710.5853,733.96000,0.05200000,b,l,
1525760671.8788,754.98000,0.02887390,b,l,
1525812695.1464,740.24000,1.27395322,s,m,
1525943768.0463,760.99000,2.76196196,b,l,
1525943769.6309,760.99000,0.32642643,b,l,
1526031525.5704,685.14000,2.80000000,b,m,
1525799970.0844,738.41000,0.02600000,b,m,
1525759080.542,749.87000,3.50992632,b,l,
1526049983.3462,676.18000,79.14800000,s,m,
1525840345.4938,717.20000,1.50000000,s,l,
1525812717.3525,741.41000,0.02000000,s,l,
1525812722.5404,742.41000,0.02693385,b,l,
1525812723.7989,741.41000,0.00534370,s,m,
1525797132.3332,735.00000,1.44495360,s,l,
1526028201.1522,703.90000,1.50000000,s,l,
1525770945.294,750.00000,0.00076038,b,m,
1525787903.139,729.00000,6.48120958,b,l,
1526047461.1475,672.00000,0.04000000,b,l,
1525812733.3706,740.61000,3.00000000,s,m,
1525999228.0459,722.96000,4.00000000,s,m,
1525784495.1105,735.57000,0.00081043,s,m,
1525818955.7438,753.81000,0.50000000,s,m,
1525853442.467,718.54000,0.20000000,b,m,
1526050275.4511,681.79000,0.02400000,b,m,
1526010868.5114,731.86000,5.00000000,b,m,
1525806117.2298,746.96000,0.02600000,b,m,
1525818740.2229,753.64000,0.80000000,s,l,
1525811555.7426,746.10000,7.70000000,s,l,
1525845143.8543,719.47000,0.10000000,s,l,
1526050053.0439,679.18000,2.71460993,b,l,
1526000974.3392,725.74000,0.03993280,s,l,
1526028208.2781,704.09000,0.02000000,b,l,
1525943844.2249,760.11000,0.24600000,s,l,
1525760927.6926,757.49000,0.01900000,b,l,
1525943850.2945,759.40000,1.64183407,s,m,
1526050055.4258,680.02000,0.98388665,b,l,
1525778385.5904,733.00000,0.16840000,b,l,
1525832454.2958,738.14000,10.59555319,s,l,
1525809758.5858,746.61000,0.00287011,s,m,
1525796348.7137,734.07000,4.56751870,s,m,
1525812791.1393,742.33000,1.00000000,b,m,
1525853450.7087,718.54000,8.79456821,b,l,
1525943870.4956,759.76000,1.00000000,b,l,
1525856946.603,727.26000,0.10000000,s,m,
1526050059.7225,680.44000,1.53500000,s,l,
1526045236.7269,674.88000,0.29300719,b,l,
1525795225.0504,734.74000,6.00000000,s,l,
1525943884.5189,760.50000,0.12191843,s,l,
1526006370.8573,729.40000,0.16760108,b,l,
1526044420.969,677.98000,5.00000000,b,l,
1525805864.0215,746.20000,0.36563404,b,l,
1526039664.2835,682.85000,7.58167294,b,l,
1525897144.6619,753.99000,0.02400000,b,l,
1526050062.6203,680.80000,9.08379340,b,l,
1525958189.7163,761.82000,0.05187867,b,l,
1525943895.8688,760.94000,1.31294974,b,l,
1526050063.3995,681.42000,2.99973721,b,l,
1525943901.1884,760.93000,0.08820543,b,l,
1525812832.5847,742.33000,0.05094900,s,l,
1525972432.8685,753.00000,1.64974882,s,l,
1525831611.8021,743.53000,0.02600000,b,m,
1525760322.6108,754.75000,0.02400000,b,l,
1525778291.9998,732.50000,50.00000000,s,l,
1526050065.3222,681.66000,5.57109973,b,l,
1526023611.5182,700.60000,10.54595540,s,l,
1525773900.7938,740.34000,3.29355190,s,l,
1525778042.7019,739.98000,2.65046725,s,m,
1525778454.94,735.24000,0.46828231,b,m,
1525812856.3364,742.35000,0.49445160,b,m,
1525875306.8284,742.00000,0.13257844,b,m,
1525985879.0193,736.99000,0.02500000,b,m,
1526028225.1894,703.33000,0.00612408,s,m,
1526041550.0431,673.26000,0.02700000,b,m,
1526024092.4613,699.00000,0.33037188,s,m,
1526050071.3374,682.32000,2.58000000,b,l,
1526046109.8932,674.73000,0.02400000,b,m,
1526006654.0565,727.14000,2.62339271,s,m,
1525888792.0423,751.22000,0.02000000,b,m,
1525970516.2776,760.72000,16.52442298,s,m,
1525963912.7831,761.39000,5.00000000,b,l,
1525844726.4118,716.75000,0.02000000,s,m,
1525812891.9824,742.35000,1.80000000,b,l,
1525792773.6102,731.93000,2.94960735,s,l,
1525784044.9788,737.08000,0.02500000,b,l,
1525912381.1413,756.38000,0.26607358,b,m,
1526047288.7459,670.49000,0.50000000,s,l,
1525975928.3415,737.42000,1.27500000,s,m,
1526050075.6823,682.31000,0.00000008,b,l,
1525943972.8643,760.94000,1.70282164,b,l,
1525941167.5406,763.66000,0.07622773,s,m,
1525912888.694,757.89000,0.02300000,b,m,
1526032822.2287,693.81000,0.02600000,b,m,
1525853469.5422,718.20000,0.96749052,s,m,
1525871786.8791,743.92000,0.51943401,s,m,
1526063374.9475,678.98000,0.09000000,s,l,
1525825178.5989,741.00000,0.02700000,s,m,
1525787766.1134,728.02000,13.72700000,s,l,
1525878159.0661,747.38000,0.33332445,b,m,
1525972611.7242,745.11000,1.48295160,s,m,
1525976084.5114,734.77000,2.00000000,s,l,
1526035891.3421,691.85000,0.35876565,b,m,
1526059010.0392,690.01000,0.02100000,b,m,
1525838616.9562,714.46000,0.11509536,s,m,
1526046383.5764,669.59000,29.75279177,s,m,
1525835387.0639,718.29000,7.70000000,s,m,
1526014161.3056,734.86000,0.00000005,b,m,
1525944019.2693,760.94000,0.07311752,b,l,
1525812948.7592,741.03000,1.00000000,s,m,
1525901888.4755,744.82000,3.60000000,s,l,
1526020179.8892,731.98000,0.33643339,b,m,
1526016324.1532,734.20000,0.06358673,b,l,
1525915135.7678,755.29000,7.70000000,s,l,
1525812959.9977,741.57000,1.00000000,b,l,
1525812963.3322,740.50000,1.50000000,s,l,
1525812964.2348,740.02000,0.02000000,s,m,
1525853478.2478,718.20000,0.16193790,s,l,
1525788411.5534,732.50000,3.00000000,s,l,
1525812969.9469,740.00000,1.00000000,s,l,
1525839542.9544,717.67000,0.05500000,b,m,
1525871337.5308,744.56000,1.00000000,s,l,
1525812973.5158,740.11000,0.16000000,s,l,
1526040241.2767,674.99000,0.80071380,b,l,
1525812984.9497,740.13000,0.47000000,s,l,
1525918923.8005,752.06000,0.02800000,b,l,
1525940863.8476,764.00000,2.11438725,b,l,
1525812989.1246,740.11000,0.01557027,s,l,
1525841328.3538,721.57000,0.04600000,b,m,
1525853483.7962,718.53000,4.28000000,b,l,
1525924827.3638,755.47000,0.02000000,b,l,
1525779683.0375,732.36000,0.84926788,s,l,
1526024665.8898,688.70000,0.43234000,s,m,
1525783701.0817,732.60000,4.97921681,b,m,
1525972582.8147,749.00000,1.53400494,s,l,
1525851710.8619,720.24000,0.04734207,s,l,
1525944084.9067,760.94000,1.36941320,b,l,
1525813014.3777,740.14000,0.06892713,s,m,
1525835159.8959,722.07000,7.09900000,s,m,
1525836088.1081,724.60000,18.73233098,b,m,
1526040169.7516,675.61000,2.72047971,s,l,
1525835125.4509,723.15000,4.06183801,s,m,
1525813022.5673,740.01000,4.56892713,s,l,
1525799799.9037,736.00000,6.99161315,b,m,
1525787952.5985,729.11000,0.03610226,s,m,
1525904162.5744,751.80000,0.07800000,b,m,
1525813029.0144,740.02000,5.00000000,s,m,
1525864053.5722,739.77000,28.45079840,b,l,
1525813032.6132,740.00000,0.00600000,s,m,
1525813033.3112,740.00000,0.10000000,s,m,
1525809030.1946,747.00000,0.02200000,b,l,
1525835998.9741,718.99000,0.06954200,s,l,
1525813040.0063,740.00000,0.07000000,s,m,
1525813042.8513,741.00000,2.42799311,b,m,
1525787952.5878,729.16000,1.00000000,s,m,
1525972620.3959,741.74000,2.50349901,s,m,
1525759183.6297,751.80000,0.75000000,b,m,
1525931144.4443,763.18000,0.02800000,b,m,
1526028255.4369,702.66000,0.08041555,s,l,
1525913524.9536,750.18000,4.99999802,s,m,
1525888203.3218,751.31000,32.01470414,s,m,
1525813058.5691,740.01000,0.09545446,s,l,
1525779685.9451,731.91000,0.12000000,s,l,
1525972620.2712,745.00000,0.46731272,s,m,
1526007307.7448,723.40000,0.10980900,s,l,
1525974649.4687,740.49000,8.17271360,b,l,
1525831650.7201,743.75000,2.57614110,s,l,
1525791805.1266,734.25000,0.00005862,b,m,
1525862626.1493,734.23000,3.59900000,b,l,
1526028259.5303,702.00000,0.47408672,s,l,
1525813083.4576,740.00000,4.92834991,s,l,
1525944162.1655,760.94000,1.15763093,b,l,
1526050107.9587,683.19000,0.02100000,b,m,
1526027704.9173,710.80000,0.06220138,b,l,
1525813096.3056,740.00000,2.00000000,s,l,
1525993993.7764,726.17000,0.10021900,s,m,
1526024636.6637,690.19000,0.50557428,b,l,
1526025988.9096,706.93000,0.15211939,b,m,
1525813104.0295,740.00000,0.00025866,s,l,
1525858248.2704,731.72000,0.11999089,s,l,
1526028265.5361,700.99000,3.13890549,s,l,
1526031440.3024,680.00000,1.00000000,s,l,
1525813115.5689,739.50000,0.00830368,s,m,
1525813116.5138,739.40000,0.13831200,s,m,
1525795280.2939,735.20000,0.64718175,b,l,
1525984578.7156,735.39000,0.05200000,b,m,
1526028269.1016,702.01000,0.00556257,s,m,
1525918924.628,753.00000,1.59518692,b,m,
1525858249.5443,731.72000,0.98800000,s,l,
1526048835.7899,676.82000,0.06772579,b,m,
1525831663.8695,743.75000,0.11159269,b,l,
1525813149.5415,739.42000,0.12319522,s,l,
1525813151.4463,738.88000,0.10000000,s,l,
1526056625.4042,682.44000,0.02800000,b,m,
1525913112.8099,756.77000,4.78062461,b,m,
1525777115.4087,745.00000,0.94465701,b,m,
1525944230.4282,760.09000,7.84347327,s,m,
1525813167.4791,738.79000,10.66672129,s,m,
1525885691.3115,756.12000,0.11055170,b,l,
1525813170.9247,738.79000,5.88250000,s,l,
1526041560.2372,673.10000,0.18694000,b,m,
1526050121.614,682.31000,2.74821684,s,l,
1525813177.102,738.80000,0.17300000,s,m,
1526055834.7634,683.14000,0.80335510,s,l,
1526047225.8596,668.19000,0.49960256,b,l,
1525977041.8933,735.17000,1.00000000,s,m,
1525827699.4667,741.25000,0.24584350,b,l,
1525878023.1173,747.99000,0.04226131,b,l,
1526040169.6393,675.61000,0.29420396,s,l,
1525813196.4901,739.80000,0.06736737,b,l,
1525849522.1143,720.04000,7.88751152,s,l,
1525813203.5036,739.01000,4.53800000,s,l,
1525813204.2772,739.80000,0.05000000,b,l,
1525914990.4157,754.42000,1.04354153,s,m,
1525813206.4475,739.01000,0.95000000,s,l,
1525983519.127,736.46000,0.15211112,b,m,
1525932018.506,757.30000,1.50000000,b,l,
1525813215.5673,739.80000,0.50000000,b,m,
1525788461.0425,730.53000,0.11226751,s,m,
1525813219.5432,739.02000,1.99999994,s,m,
1525944293.4132,760.90000,10.65004909,b,l,
1525944294.4857,760.90000,12.80215960,b,l,
1525944295.3977,760.90000,19.02418307,b,l,
1526028284.686,701.20000,1.83699983,s,l,
1525975663.8734,736.82000,1.15267797,s,m,
1525944300.7321,760.90000,7.52360824,b,l,
1525944302.1363,760.94000,0.72718103,b,m,
1525944303.0169,760.94000,7.71000000,b,l,
1525944306.0429,760.91000,1.00000000,b,l,
1525874237.5444,744.32000,1.49500000,s,l,
1526028286.7267,699.40000,11.11562801,s,m,
1525944313.9619,760.94000,32.85943681,b,l,
1525778828.8324,731.00000,3.19790727,b,l,
1525813247.5415,739.50000,0.29782670,s,l,
1525911324.2891,753.57000,0.36870804,b,l,
1526028469.894,700.00000,0.20000000,b,m,
1525944325.1577,760.94000,10.00000000,b,l,
1525858253.9805,731.30000,0.00100000,s,m,
1526050135.7041,682.32000,0.74805506,s,m,
1525840795.603,720.82000,0.02400000,b,m,
1525867177.4499,742.10000,2.29379294,b,l,
1525944334.1742,760.93000,0.00155373,s,l,
1525944336.5452,760.94000,1.12950720,b,l,
1526000872.31,725.79000,0.02400000,b,m,
1526028291.26,702.00000,1.04023366,b,l,
1525788421.976,732.08000,3.31143818,b,m,
1525795967.3433,738.00000,5.10181439,s,l,
1525858264.8752,731.30000,0.40881984,s,m,
1525831684.6278,743.79000,0.02200000,b,m,
1526047157.8942,667.37000,1.30000000,s,m,
1525813276.7456,739.50000,0.94877676,s,l,
1526047236.1384,669.85000,0.02620310,b,l,
1525813281.4433,739.50000,1.57257930,s,l,
1525972838.7152,744.00000,20.75064995,s,l,
1525992339.685,736.36000,0.02600000,b,l,
1525813291.3445,739.50000,0.50000000,b,m,
1525813295.2553,739.47000,1.00000000,b,m,
1525984606.396,734.39000,0.20000000,s,m,
1525885691.5185,759.89000,0.10131486,b,l,
1525760667.2897,754.71000,0.02400000,b,l,
1525857490.6226,729.56000,0.19900000,b,l,
1526029380.9813,697.41000,6.30400000,s,l,
1526024612.1364,688.01000,0.02823292,s,m,
1525813315.2586,739.50000,3.97721880,b,l,
1525813317.2623,739.50000,0.95020190,b,l,
1526041565.9853,673.78000,0.02100000,b,m,
1525813324.549,740.00000,15.01182528,b,l,
1525813326.457,740.00000,12.25763809,b,l,
1525813331.9901,740.00000,37.81545181,b,l,
1525813332.851,741.40000,0.11071800,b,l,
1526063388.9675,679.00000,2.08519435,b,l,
1525813336.373,741.80000,0.02792614,b,l,
1525813339.0345,742.19000,0.30000000,b,m,
1525836000.0326,719.00000,16.41704375,b,l,
1525973918.4032,742.69000,31.33068772,s,l,
1525813345.8595,742.10000,1.00000000,b,m,
1526041566.9421,672.20000,0.29000000,s,l,
1525836873.5771,725.70000,12.00000000,b,l,
1525813358.659,742.17000,0.02346390,b,m,
1526050152.3515,680.91000,3.00000000,s,l,
1525856831.935,729.14000,3.96700000,b,l,
1525924827.4391,756.70000,20.60000000,b,l,
1525977849.31,740.49000,0.07735223,b,l,
1525813367.5465,743.24000,10.32000000,b,l,
1525864074.0963,741.27000,0.02300000,b,m,
1525813369.8446,743.26000,1.00000000,b,m,
1525835285.676,720.00000,0.14000000,s,m,
1525858257.9723,731.74000,0.99300000,s,l,
1526028310.272,701.15000,0.45487447,s,l,
1525813385.1922,744.31000,3.69400000,b,m,
1525779696.2972,732.10000,1.50000000,b,l,
1525835360.7504,719.58000,16.74452742,s,m,
1526028474.9699,699.19000,0.00001110,s,m,
1526047236.1462,670.23000,7.67376022,b,l,
1525967371.3811,759.02000,4.99900000,s,l,
1525901764.4218,744.82000,5.77503767,b,m,
1525878845.71,745.00000,4.00000000,s,m,
1525779697.2316,731.70000,0.30000000,s,l,
1526050162.0657,681.20000,1.50000000,b,m,
1525813423.4215,742.81000,0.02000000,s,m,
1525945695.158,762.79000,0.02400000,b,m,
1525838897.449,710.00000,0.04598803,s,l,
1526041996.9849,676.50000,14.38674486,s,m,
1525842899.3394,720.39000,0.04000000,b,l,
1525858259.1438,731.33000,0.98200000,s,l,
1525995756.8941,724.08000,1.17000000,s,m,
1525912691.0504,758.11000,5.00000000,b,m,
1525765749.153,759.49000,0.02000000,b,m,
1525813455.2211,742.32000,0.34197544,s,m,
1525909354.6017,746.64000,0.02600000,b,m,
1526050168.9488,681.19000,5.00000000,b,l,
1525813460.1325,742.33000,3.69400000,s,l,
1525979974.3961,737.89000,0.06776078,s,l,
1525867508.917,750.92000,5.42255146,b,m,
1526023674.4311,698.20000,11.63291608,s,l,
1525774898.7418,749.99000,2.00000000,b,l,
1526027224.4307,705.30000,0.04602308,s,m,
1526041570.68,673.77000,0.79889294,b,m,
1525781447.3251,725.76000,0.04300000,b,m,
1526006654.039,728.46000,2.99507553,s,m,
1526024547.8134,693.50000,0.12004707,s,l,
1525831719.9989,744.50000,0.02300000,b,l,
1525836438.9164,720.61000,0.61000000,s,m,
1525835360.9095,715.02000,7.25134614,s,m,
1525831720.0339,745.66000,107.28746881,b,l,
1525836001.6805,719.00000,0.02700000,b,l,
1525896231.0774,748.50000,1.80081881,b,l,
1525788030.8153,728.24000,0.00002617,s,m,
1525831721.4397,743.79000,8.81100000,b,l,
1525774808.0821,748.50000,0.00287171,s,l,
1526032447.8285,696.25000,8.12400000,b,m,
1525766187.2237,758.62000,0.00000020,s,l,
1525813508.4319,741.93000,0.16886887,b,l,
1526040145.0661,676.03000,1.01199136,s,l,
1525835043.8789,725.00000,2.00000000,s,m,
1526028332.5064,699.88000,1.04023366,s,l,
1525877810.5952,747.00000,0.40160000,s,m,
1525867357.1156,747.10000,3.14654314,s,l,
1526011020.7124,731.75000,0.00000005,b,m,
1525915435.1602,757.46000,6.28700000,b,m,
1525817192.1102,749.90000,5.03550795,b,m,
1525916048.5059,758.49000,0.02400000,b,m,
1525984644.8762,735.56000,4.97900000,b,m,
1525879910.1104,747.21000,0.02300000,b,l,
1525862028.9024,731.79000,0.62000000,b,l,
1525809882.3855,746.69000,0.31012541,b,l,
1525875419.9292,742.00000,0.69257844,b,l,
1525813543.7836,741.80000,1.30804108,s,l,
1525779263.8473,732.13000,4.43100000,s,l,
1525956603.5314,760.00000,5.80621006,b,m,
1525858263.6192,731.34000,0.98500000,s,l,
1525771407.7599,745.67000,3.12815205,b,m,
1526024115.679,697.43000,1.91161272,s,l,
1525897269.1538,753.07000,0.08100000,s,m,
1525853579.7566,718.98000,0.02400000,b,l,
1526057145.4809,684.70000,60.00000000,s,m,
1526045197.3913,674.34000,7.11300000,s,l,
1525769052.6226,756.69000,0.02300000,b,l,
1525883187.8885,750.79000,0.02400000,b,m,
1526028344.8953,701.18000,0.00012000,b,m,
1525831741.9762,745.10000,20.00000000,b,m,
1525858264.864,731.30000,0.25896397,s,m,
1525788046.2363,728.64000,0.00111273,b,l,
1525972698.8417,742.23000,1.87300000,s,l,
1525841328.351,721.56000,0.04900000,b,m,
1526042299.6367,681.69000,0.02500000,b,m,
1526031531.4573,684.70000,1.36900000,s,l,
1525885757.7612,758.09000,37.81545181,b,m,
1525795966.3007,734.99000,0.00000005,b,l,
1525913661.3746,754.98000,0.02732002,b,m,
1525831741.9966,745.69000,11.32764479,b,m,
1525840807.8437,719.39000,0.68435944,s,m,
1526041575.8192,671.98000,5.00000000,s,m,
1525913604.6079,751.39000,5.00000000,s,m,
1525797162.8962,735.00000,0.89556709,s,l,
1525897546.6379,753.69000,0.06020277,b,m,
1525888817.611,751.09000,0.73491928,b,m,
1525836768.469,723.79000,19.21000000,b,l,
1525783748.2955,736.94000,3.00124938,b,m,
1525976108.9362,734.48000,0.63291671,b,l,
1525897283.6246,753.95000,0.00871515,b,m,
1525838952.1053,706.06000,5.05892615,s,m,
1525927670.8438,762.20000,0.02000000,b,m,
1525761958.8104,753.76000,0.02000000,b,m,
1525940975.8741,763.50000,0.97676688,s,m,
1525880520.4494,749.00000,0.01950000,b,l,
1526037212.2681,683.84000,0.00005003,b,l,
1525972612.3621,745.11000,0.70503191,s,m,
1525830870.6508,743.86000,0.02300000,b,l,
1525940978.7633,764.17000,0.02400000,b,m,
1525858267.6292,731.71000,0.98900000,s,l,
1526028360.2378,700.48000,2.77448491,b,m,
1525875443.7073,743.00000,8.04864243,b,l,
1525944759.9313,762.54000,0.03490000,b,l,
1525813691.0698,741.00000,2.00000000,s,l,
1525897290.288,753.96000,5.00000000,b,m,
1526023467.7618,702.94000,0.07251316,s,m,
1526022945.1258,711.48000,0.65343015,b,m,
1525858268.9723,731.71000,0.76500000,s,l,
1526059036.5285,690.01000,0.02100000,b,l,
1525897293.6556,753.00000,0.71323086,s,l,
1526041578.3293,672.21000,0.08480838,s,l,
1526032849.3005,696.26000,0.91783775,b,m,
1525944787.5236,762.10000,9.74469406,s,m,
1525938068.6401,759.18000,41.45637983,s,l,
1525910643.5882,752.43000,0.59300000,b,m,
1526050214.2853,680.84000,0.09484813,s,l,
1525838952.0845,706.63000,2.64927883,s,m,
1525886360.6384,757.83000,5.00000000,s,l,
1525813741.3465,741.00000,0.10010010,b,l,
1525944816.3468,762.67000,0.02000000,b,l,
1526024874.1754,686.00000,0.25000000,s,m,
1525809918.9852,746.90000,1.00000000,b,l,
1525813751.6989,740.91000,0.00310345,s,m,
1525809919.9338,747.10000,14.60360651,b,l,
1526031324.6248,684.02000,1.00000000,s,l,
1526045944.1101,672.60000,0.10000000,s,m,
1526061124.234,680.00000,15.25689324,b,l,
1526028486.9473,699.51000,0.72187459,s,m,
1525788075.599,728.64000,0.00049384,b,m,
1525820932.4756,754.00000,0.02000000,b,l,
1525761121.0675,759.46000,0.02000000,b,m,
1526041580.5928,671.28000,0.04340000,b,l,
1525813774.4674,740.90000,3.00000000,s,m,
1526028376.4123,699.34000,0.87432057,s,l,
1525779709.2202,730.00000,1.00000000,s,l,
1525912033.6284,760.30000,0.31730500,b,m,
1525769576.5132,757.78000,0.26400000,b,l,
1525857489.6908,729.14000,0.02100000,b,l,
1525833123.6352,734.82000,0.03500000,b,l,
1526051609.7848,682.98000,0.11799409,b,m,
1525823355.0298,750.80000,0.27121081,s,l,
1525845605.8661,721.50000,0.61816861,b,l,
1525813811.7301,740.91000,0.11350000,b,l,
1526043753.0497,676.14000,0.00043350,s,m,
1525839542.9447,717.08000,0.02000000,b,m,
1525805569.5849,747.40000,0.00000133,b,l,
1525849130.8092,722.48000,1.23100000,b,m,
1525778454.9451,735.40000,0.58858118,b,m,
1525976114.3481,734.98000,0.34495840,b,l,
1525813829.1982,740.91000,0.14521922,b,l,
1526044626.8247,682.37000,0.42000000,b,l,
1525907581.8211,749.70000,0.01887615,b,m,
1525980479.8532,736.70000,0.00096896,s,m,
1525975993.5701,736.68000,0.21128736,s,m,
1525809934.7213,747.61000,0.03100000,b,l,
1525813848.1292,740.96000,0.57241191,b,l,
1525813849.0833,740.90000,0.47000000,s,l,
1525825925.4018,745.94000,0.02200000,b,m,
1526024637.3222,690.40000,1.01121121,b,l,
1526028914.8293,699.00000,0.32796747,b,l,
1525984699.2441,735.76000,0.05000000,s,l,
1525813860.5872,740.92000,0.06000000,s,l,
1526024125.0772,697.21000,0.71262768,s,l,
1525831783.5418,745.00000,9.58700000,s,l,
1525941011.8067,763.55000,0.15289027,s,m,
1525813876.4337,740.90000,0.08000000,s,l,
1525901471.5956,742.30000,1.50000000,s,l,
1525813887.37,740.99000,0.05172692,b,l,
1525997514.1388,719.68000,0.18328074,b,l,
1525944961.3562,762.67000,1.00000000,s,l,
1525813890.1728,741.00000,0.03770629,b,l,
1525897323.2398,752.94000,0.10192744,b,m,
1526044764.6147,683.39000,2.00000000,b,m,
1525893615.3024,747.56000,0.05271091,b,l,
1525897324.8628,752.71000,0.62582029,s,m,
1525772555.9873,736.61000,0.00000001,s,m,
1526044242.6753,677.86000,0.00015705,b,m,
1526023457.9678,703.19000,0.18058091,b,m,
1525784086.4077,737.48000,0.02500000,b,m,
1525941017.4946,764.18000,1.00000000,b,m,
1525775349.4577,745.27000,0.08254492,s,l,
1525858275.2918,731.01000,0.01204978,s,l,
1526028400.134,700.00000,0.98527186,b,l,
1525823359.648,750.00000,0.50000000,s,m,
1526025967.8278,707.78000,1.80000000,b,m,
1525927118.64,761.48000,0.02500000,b,m,
1526028401.8051,698.34000,0.08854248,s,m,
1526006556.8542,728.48000,0.03707553,s,l,
1525974009.1305,739.00000,0.00598563,b,l,
1525945004.7472,762.69000,0.40000000,b,m,
1525813934.3712,740.94000,6.25000000,s,l,
1526050248.4654,680.99000,0.02500000,b,l,
1525813939.6109,740.90000,1.14000000,s,l,
1526050249.1877,680.99000,0.34923257,b,l,
1525875734.6264,744.20000,0.00000781,s,l,
1525813953.2429,740.90000,0.22000000,s,l,
1526000109.7229,727.29000,0.34594794,b,m,
1525794105.0687,731.48000,0.02200000,b,m,
1525776552.4767,747.50000,1.47671969,b,m,
1525856451.3588,726.17000,0.04492278,b,m,
1525813966.864,741.00000,0.67000000,b,l,
1526045951.1276,672.99000,0.09192409,b,m,
1526028408.8352,699.59000,5.00000000,b,l,
1525813974.0648,740.91000,0.09000000,s,l,
1525976119.8519,735.00000,0.14767550,b,l,
1526028410.5035,699.55000,0.25449430,b,l,
1525887088.8466,757.10000,0.00000021,s,l,
1526062085.6469,677.43000,0.14327580,s,l,
1525976541.9875,737.00000,1.00000000,b,m,
1525762258.041,752.93000,0.38597795,b,l,
1525813993.3924,740.99000,0.05000000,b,l,
1525905821.3344,751.64000,5.00000000,b,m,
1525870887.3114,744.00000,3.59970000,b,l,
1525813999.5639,740.90000,1.04544774,s,l,
1525814000.2106,740.90000,0.31000000,s,l,
1525814001.8167,740.99000,0.16584763,b,l,
1526038429.0333,690.46000,0.22070581,b,m,
1525824681.507,744.48000,7.70000000,s,m,
1525814005.0298,741.00000,2.20000000,b,l,
1525814008.793,741.00000,2.19000000,b,l,
1525858278.7877,731.57000,0.99500000,s,l,
1525814011.3686,740.90000,3.55000000,s,l,
1525879521.973,744.00000,0.97400000,b,l,
1525945090.6959,762.70000,0.40576072,b,l,
1526011020.7099,731.75000,0.00006513,b,m,
1525895972.1586,748.93000,0.03000000,b,m,
1526021932.2748,715.01000,0.08168248,s,l,
1525976121.9615,735.65000,0.58101840,s,l,
1525858279.9373,731.34000,0.23900000,s,l,
1525849550.3569,720.97000,1.84822982,b,m,
1526048119.4456,676.36000,0.02400000,b,m,
1526041589.5165,670.30000,4.20822047,s,m,
1525897349.4319,753.00000,3.79147256,b,l,
1525875504.4782,741.84000,0.96000000,s,m,
1525984731.1511,736.00000,0.20000000,b,l,
1525984732.7845,736.27000,0.02100000,b,l,
1526025161.1696,688.58000,1.65747495,s,l,
1526022229.851,709.92000,14.05900000,s,m,
1525893196.2611,746.72000,1.01878693,s,m,
1526031324.63,684.00000,5.00000000,s,l,
1525976122.5593,735.79000,3.58721877,b,l,
1525980906.002,738.49000,20.00000000,b,m,
1525972495.1884,747.70000,9.00000000,b,l,
1526047461.162,672.00000,7.23186107,b,l,
1525853664.4541,718.50000,0.02598293,b,l,
1525760159.3159,757.00000,0.50290000,s,l,
1525916916.7378,756.10000,0.21210935,s,l,
1525974569.3295,738.10000,5.00000000,s,l,
1526027066.1724,710.00000,0.75000000,s,l,
1525965194.9534,758.53000,0.09310031,s,l,
1525972438.2084,751.25000,0.50000000,s,l,
1525899649.5204,741.00000,0.00970310,s,l,
1526050275.4607,681.87000,0.02400000,b,m,
1525897358.2785,753.00000,0.01224668,s,l,
1525870888.0583,744.00000,1.04968079,b,l,
1526039991.8632,678.10000,22.47814500,s,m,
1526024133.7682,698.00000,10.43664533,b,l,
1525945181.9905,762.70000,9.02719536,b,l,
1525984741.3524,736.97000,0.06500000,b,l,
1525814112.5611,741.00000,3.16535604,b,l,
1525981167.312,738.29000,0.02600000,b,m,
1525766289.5983,758.72000,2.42635027,b,l,
1526028498.797,700.00000,0.01480000,b,l,
1525905574.2527,753.98000,0.86813100,b,m,
1525881576.9289,746.44000,5.10000000,s,l,
1525814124.4149,741.00000,1.00000000,b,l,
1526060630.0722,689.66000,0.02100000,b,m,
1525858282.4497,731.02000,0.98700000,s,l,
1525773393.9045,739.67000,0.21347017,b,m,
1526028436.6394,698.15000,0.05255862,s,l,
1525795852.7536,734.96000,0.02200000,b,m,
1525875519.6511,743.65000,0.02737413,b,m,
1525945214.0775,762.70000,1.00000000,b,m,
1525831829.3464,743.91000,4.24486833,s,l,
1525954302.4025,758.29000,0.02400000,b,l,
1525818478.1305,753.90000,0.02300000,b,m,
1526060385.9561,690.00000,21.02430000,b,l,
1525839497.4501,716.28000,28.44800692,b,l,
1525792815.5714,731.98000,0.27385938,s,l,
1525784086.4015,737.46000,0.02600000,b,m,
1525858283.3423,731.01000,0.98700000,s,l,
1525856832.0239,729.14000,2.00000000,b,l,
1525960830.904,765.10000,0.93726230,s,l,
1525858263.8921,731.34000,0.99500000,s,l,
1525862648.5777,734.89000,0.02600000,b,m,
1526006597.3122,728.54000,0.05064129,b,m,
1525853680.4646,719.19000,34.62821000,b,l,
1525833682.3554,734.80000,0.02600000,b,l,
1526041180.697,670.00000,0.08118783,s,l,
1526061887.0364,675.00000,0.61453443,b,l,
1526050323.2369,682.39000,0.04000000,b,l,
1525833387.9694,732.52000,1.08789240,s,l,
1525953847.7265,758.74000,0.05229486,b,l,
1526041950.0189,676.24000,2.26341165,b,m,
1526050292.1322,681.87000,0.02100000,b,l,
1525945280.1608,762.70000,0.02000000,b,m,
1525783607.4737,730.91000,0.02600000,b,l,
1525945284.3988,762.70000,2.07648735,b,m,
1526027224.4239,705.30000,0.04055000,s,m,
1525962913.9101,760.30000,0.11100000,s,l,
1526041137.1991,670.04000,2.17981800,s,l,
1526049866.4559,682.11000,2.54690000,s,l,
1525984760.1325,736.96000,1.07972168,b,m,
1525805911.3228,745.25000,0.21448120,s,l,
1526035891.3308,691.70000,1.50000000,b,m,
1526029904.1826,694.35000,4.65843571,s,m,
1525814237.5267,741.00000,0.22795392,b,l,
1525827734.7731,741.73000,0.02300000,b,l,
1526037231.3382,684.10000,8.11042007,b,l,
1525766631.333,758.61000,0.03908903,b,l,
1525931152.785,761.79000,0.71647473,s,m,
1525831847.6929,743.94000,0.10900810,s,l,
1525927321.9389,761.47000,0.14900000,s,l,
1525811435.91,746.29000,16.46941523,s,l,
1525874499.4073,742.07000,1.43520957,s,l,
1525845608.9516,721.88000,0.02700000,b,m,
1525814260.3723,741.76000,0.02000000,b,m,
1525770996.9368,750.99000,0.02300000,b,m,
1525831849.0309,743.95000,0.02600000,b,l,
1525995756.9181,722.70000,0.00000001,s,m,
1526041246.2688,671.28000,2.39806650,b,m,
1525913875.3533,754.62000,0.02400000,b,m,
1525872668.4439,747.69000,0.02300000,b,l,
1525982913.8262,731.83000,0.04381247,s,m,
1525912691.0767,758.42000,0.07812847,b,m,
1525881397.5255,749.75000,0.05000000,b,m,
1526041550.049,673.27000,1.06963835,b,m,
1525770997.0554,751.02000,2.07815205,b,m,
1525894526.3699,745.65000,154.54600000,s,l,
1526038214.082,688.57000,7.70000000,b,m,
1525835285.8532,719.76000,0.02647411,s,m,
1526037233.1082,684.32000,3.18000000,b,l,
1525919854.1999,755.12000,0.21000000,b,m,
1525812273.7353,744.84000,1.50423740,s,m,
1525893204.8534,744.00000,0.12000000,s,m,
1526028464.5477,698.47000,0.30579707,b,l,
1525810011.7678,748.00000,0.58168881,b,l,
1525773237.2684,740.00000,0.00000585,b,l,
1525796491.8995,733.70000,0.05000000,s,m,
1526028468.3446,699.02000,0.02600000,b,l,
1525919392.3779,753.72000,0.04005528,b,l,
1525825660.1551,747.50000,0.09900435,b,m,
1525788170.9523,730.09000,0.06843399,b,l,
1525784092.3222,738.24000,0.02200000,b,l,
1526028469.6903,700.00000,17.03979200,b,m,
1525976131.3395,737.02000,0.43760401,b,m,
1525958673.4173,765.62000,0.02100000,b,l,
1526062057.0766,679.03000,0.89000000,b,m,
1525788172.7589,730.09000,0.17656601,b,l,
1525979241.7188,738.73000,1.30262790,s,m,
1526023438.5568,705.19000,0.14989539,s,l,
1526028472.8326,699.50000,0.01480000,b,l,
1526039627.1356,679.60000,0.28188529,b,l,
1526013777.0628,735.00000,2.99521609,b,m,
1525810020.9899,747.99000,0.88053335,s,l,
1525784093.4432,739.60000,5.00000000,b,l,
1526028474.9663,699.19000,0.00716558,s,m,
1525869177.5341,749.10000,1.00000000,b,l,
1526025336.1598,694.15000,0.02600000,b,m,
1525788176.7211,730.20000,0.03970137,b,l,
1525831168.0706,742.90000,1.31128093,s,l,
1526024142.694,698.00000,3.36369367,b,m,
1526028476.4904,699.50000,23.15622844,b,l,
1525814378.6235,741.67000,1.68107838,b,l,
1525840619.1253,720.00000,0.00000003,b,m,
1525997955.1068,721.01000,0.00006984,b,m,
1525771000.8266,751.02000,2.45626198,b,l,
1526050323.2099,681.88000,7.03893802,b,l,
1525836007.6526,719.00000,1.00562670,b,l,
1525844736.1769,717.81000,0.15086000,b,l,
1525973072.4646,741.31000,18.24374530,s,m,
1525788181.2733,730.20000,22.68000000,b,l,
1525945475.4754,762.70000,20.20200000,b,m,
1525823375.3473,748.00000,10.20000000,s,m,
1525788182.2062,730.20000,7.61300000,b,l,
1525814411.7392,741.00000,0.15950000,s,l,
1525886319.7053,758.00000,7.70000000,b,l,
1525833523.8065,731.00000,0.02100000,b,l,
1525788184.2339,730.20000,1.69478313,b,l,
1525893204.7681,746.20000,0.03792093,s,m,
1525904443.3125,750.92000,0.02300000,b,l,
1525846482.7076,723.19000,0.10010010,b,l,
1525803710.5939,733.99000,0.02100000,b,l,
1525999447.4155,722.33000,0.02702029,s,m,
1526028484.3633,699.99000,0.31505475,b,m,
1526057648.8449,685.88000,0.26800960,s,m,
1525853722.1685,719.98000,0.02000000,b,l,
1525984400.7465,734.75000,0.42829295,b,l,
1525788187.5394,731.00000,0.00019929,b,l,
1525915031.1372,755.02000,0.00000005,s,l,
1525945509.1135,762.70000,1.00000000,b,l,
1525806058.4522,745.40000,0.51497204,s,l,
1525888844.9801,751.22000,0.02400000,b,m,
1525984796.4351,736.92000,0.05022381,b,l,
1525831879.4945,744.16000,4.47800000,b,l,
1525810034.7031,747.93000,0.13555409,b,l,
1526063425.0881,679.99000,0.02100000,b,m,
1525788189.9412,731.10000,1.72340239,s,l,
1526028488.195,700.00000,0.30480000,b,l,
1526041147.1274,670.00000,0.02566176,s,m,
1525788190.2467,731.57000,0.02200000,b,l,
1525804655.4316,743.00000,1.62279315,s,m,
1525976135.0631,733.80000,19.00000000,s,m,
1526047170.0439,667.03000,0.68427558,s,l,
1525840835.7475,719.33000,0.11288427,s,l,
1526041566.9706,672.20000,0.60800000,s,l,
1525788461.0476,730.51000,0.25700000,s,m,
1525788193.273,731.01000,0.02499584,s,l,
1525995733.0621,725.00000,0.69818472,s,m,
1525984802.8105,735.69000,0.21615995,s,l,
1526061125.7502,679.93000,9.97000000,s,m,
1525984803.8468,735.31000,0.09437067,s,l,
1525987892.3548,739.91000,0.02500000,b,m,
1525978470.6563,740.13000,0.19133115,s,l,
1525788197.2864,731.90000,0.15355100,b,l,
1526024146.418,698.00000,25.00000000,b,l,
1526065580.368,684.89000,0.07855929,b,m,
1525978392.6907,741.34000,5.16000000,b,m,
1525919806.0845,754.64000,0.02300000,b,l,
1526050342.629,682.80000,1.50000000,b,l,
1525834645.3365,729.40000,0.95561042,b,l,
1526028498.5001,700.00000,2.00000000,b,m,
1526048995.5506,676.78000,0.02100000,b,l,
1525835360.7948,718.51000,100.00000000,s,m,
1525982215.4779,735.47000,8.51100000,b,l,
1526006654.0531,727.19000,7.70000000,s,m,
1525976137.8816,729.55000,1.25800000,s,m,
1525783634.0535,731.28000,0.04060000,b,m,
1525951144.4564,757.25000,0.70000000,s,m,
1525984812.4097,735.60000,0.55043037,b,l,
1525887063.2415,757.07000,0.04126200,b,m,
1525962967.4486,760.51000,1.00000000,b,m,
1525836008.9954,719.00000,28.12067790,b,l,
1525875586.3954,744.93000,0.02600000,b,m,
1526024525.497,692.00000,0.27486368,s,m,
1525976138.0039,726.00000,101.56149132,s,m,
1525858296.1996,731.01000,0.85295022,s,l,
1526042885.3496,674.02000,1.49500000,s,m,
1526007934.6201,727.16000,0.02400000,b,l,
1525772015.4125,743.33000,0.00078484,b,m,
1525811567.2644,747.50000,0.36403549,b,l,
1525766363.3319,758.71000,0.06590133,s,l,
1525976135.1044,732.00000,103.23400000,s,m,
1525840690.0696,721.49000,8.67600000,b,m,
1525855689.2485,725.55000,2.00300000,b,m,
1526050354.707,682.62000,3.19208541,s,m,
1525941128.8047,764.29000,0.00496543,b,m,
1525760939.2802,757.66000,0.02300000,b,l,
1525853747.9125,720.18000,0.02700000,b,l,
1525839028.988,711.90000,0.00000006,b,m,
1525838627.9589,714.24000,9.51000000,s,m,
1525842194.8685,723.00000,1.52132215,s,l,
1526062089.3623,675.00000,0.17329778,s,l,
1525913524.8977,750.75000,0.06794426,s,m,
1525888203.2883,752.02000,7.70000000,s,m,
1525831904.2495,744.08000,2.74200000,s,l,
1526054450.7454,683.66000,0.08740844,b,l,
1525765589.4434,759.99000,1.00000000,b,m,
1526059650.4945,688.46000,13.50000000,s,l,
1525789054.4886,729.00000,4.09174431,b,l,
1526050359.3021,683.07000,0.02100000,b,m,
1525824489.2282,745.37000,23.86000000,s,m,
1525839717.3497,714.63000,3.58790876,s,m,
1525909590.7119,748.08000,0.02200000,b,m,
1526006670.4742,728.51000,0.85230000,s,m,
1525778283.414,732.50000,0.10102000,s,m,
1526024150.4097,697.20000,0.43789993,s,l,
1525997229.4074,717.07000,0.85500000,s,l,
1525945695.1521,762.70000,7.17496463,b,m,
1526043263.6406,671.94000,20.00000000,s,m,
1526050363.275,682.62000,0.49950000,s,l,
1525945700.499,762.69000,0.20000000,b,m,
1525816863.0269,746.08000,0.11108219,s,m,
1526002328.8767,728.37000,4.89173064,s,m,
1525784102.6549,738.53000,2.58438952,s,l,
1525889801.1282,752.66000,0.02300000,b,m,
1526027389.8918,709.80000,0.06099538,b,l,
1525866818.9976,740.10000,2.64839792,b,m,
1525863501.3881,739.00000,1.44022677,b,l,
1526023755.1374,696.00000,0.13300000,s,m,
1525823383.3856,749.82000,0.07882120,b,l,
1525784591.4069,735.25000,27.15756987,b,l,
1525926992.611,760.00000,1.48540177,b,m,
1525781298.328,720.94000,2.15895524,s,m,
1526044607.7945,682.44000,5.42406233,b,m,
1525831915.9027,744.08000,0.04970000,s,l,
1525945732.7679,762.69000,0.00084853,b,m,
1525919403.8571,753.79000,0.06314948,b,l,
1525984833.9899,735.84000,0.02100000,b,m,
1525831916.0641,744.09000,1.99553466,b,l,
1525810071.9568,748.22000,0.02600000,b,l,
1525779343.4608,732.68000,2.77234147,s,l,
1525831918.0445,744.09000,0.02200000,b,l,
1525797197.1251,735.00000,0.31033992,s,l,
1526050372.188,683.25000,7.70000000,b,m,
1525853936.2445,718.21000,0.22129168,s,m,
1525778511.4757,735.37000,1.54160343,s,l,
1525818506.5145,755.00000,0.26490000,b,m,
1525836009.0463,721.00000,0.00003906,b,m,
1526022077.9021,710.61000,1.63669258,b,m,
1525858301.5476,731.91000,0.08104476,b,m,
1526028530.9071,699.82000,0.00133706,s,m,
1526028680.1283,704.66000,0.11190000,b,m,
1525829535.293,742.54000,7.70000000,b,l,
1525814706.8016,741.30000,0.88588589,b,l,
1526028531.4943,699.99000,0.14076287,b,m,
1525814709.8508,741.77000,2.23255937,b,l,
1526026301.8696,698.87000,0.74173237,b,m,
1525814712.2252,741.76000,0.56021814,b,l,
1525814713.2878,741.77000,0.18354233,b,l,
1525862666.7803,734.91000,0.40763585,b,m,
1525814715.971,741.84000,0.02300000,b,m,
1525983587.3362,734.98000,0.11098852,s,l,
1526025102.8553,687.97000,0.67611193,b,l,
1526023550.551,702.50000,3.98565743,b,m,
1525999094.392,723.02000,0.02000000,b,m,
1525945796.6602,762.82000,0.10000000,b,m,
1525909241.3456,746.27000,0.04600000,b,l,
1525833648.0863,732.32000,0.02600000,b,m,
1525831927.6291,744.01000,0.06039657,s,l,
1525945805.1024,762.82000,0.30600000,b,m,
1525814735.8886,742.00000,13.19511425,b,l,
1525814737.3586,742.00000,2.00000000,b,l,
1526062090.4438,675.00000,5.27970000,b,l,
1525788470.025,731.90000,0.17656601,b,m,
1525983843.1906,731.81000,5.00000000,s,m,
1526028537.1253,699.99000,8.24422668,b,l,
1525845209.1946,720.22000,0.40000000,s,m,
1525779271.3327,731.97000,1.00000000,b,l,
1525814756.3632,742.97000,0.04100000,b,m,
1525885691.3626,757.76000,13.50000000,b,l,
1525919313.6613,753.80000,0.01188432,s,l,
1526028540.3555,700.00000,1.11256256,b,l,
1525780144.1976,732.43000,6.99000000,b,l,
1526054342.1645,680.08000,0.02500000,b,l,
1525932768.1124,759.28000,0.08571596,s,l,
1526050387.204,683.23000,0.04065720,b,l,
1525814773.5973,743.00000,0.96108123,b,m,
1525814774.4333,743.00000,0.04955525,b,m,
1526029793.4314,697.85000,0.05120988,b,m,
1525884019.2376,749.02000,0.10857709,s,l,
1525998943.4311,724.09000,0.02500000,b,l,
1526006698.8615,726.24000,7.70000000,s,m,
1525975697.3439,733.51000,2.12673387,s,l,
1525788247.7064,732.67000,0.02500000,b,l,
1525805930.0754,746.78000,1.00000000,b,m,
1525858601.7709,729.27000,0.37000000,s,l,
1526006698.8671,726.18000,1.44571052,s,m,
1526032453.9601,696.00000,0.00038693,b,m,
1525880127.6085,748.00000,0.05000000,b,l,
