time,bid,ask
1525776384,744.56000,745.29000
1525776387,744.60000,745.29000
1525776390,744.65000,745.29000
1525776395,744.66000,745.29000
1525776397,744.74000,745.29000
1525776403,744.75000,745.00000
1525776405,744.76000,745.00000
1525776406,744.76000,745.29000
1525776407,744.76000,744.97000
1525776411,744.76000,744.96000
1525776414,744.76000,745.29000
1525776415,744.76000,744.95000
1525776417,744.76000,745.29000
1525776418,744.76000,744.94000
1525776419,744.76000,744.93000
1525776421,744.76000,744.77000
1525776447,744.80000,745.00000
1525776448,744.76000,745.30000
1525776450,744.77000,745.30000
1525776451,744.90000,745.30000
1525776454,744.91000,745.30000
1525776457,744.90000,744.91000
1525776458,744.90000,745.30000
1525776459,744.90000,745.29000
1525776460,745.00000,745.29000
1525776461,745.01000,745.29000
1525776462,745.00000,745.28000
1525776464,745.02000,745.28000
1525776466,745.02000,745.30000
1525776467,745.02000,745.30000
1525776468,745.03000,745.30000
1525773011,736.40000,736.93000
1525776479,745.04000,745.30000
1525776481,745.04000,745.79000
1525776486,745.04000,745.70000
1525776488,745.03000,745.70000
1525776490,745.03000,745.69000
1525776493,745.03000,745.41000
1525776495,745.07000,745.41000
1525776496,745.07000,745.80000
1525765480,759.27000,759.97000
1525776498,745.44000,745.79000
1525776503,745.45000,745.79000
1525776506,745.46000,745.79000
1525776509,745.50000,745.79000
1525776512,745.50000,745.79000
1525776515,745.51000,745.79000
1525776521,745.52000,745.79000
1525776527,745.53000,745.79000
1525776530,745.53000,746.05000
1525776536,745.60000,746.05000
1525776537,745.53000,746.05000
1525776538,745.61000,746.05000
1525776541,745.62000,746.05000
1525776552,745.62000,747.50000
1525776553,745.62000,746.74000
1525776555,745.63000,746.74000
1525776556,745.63000,746.50000
1525776559,745.64000,746.50000
1525776561,745.66000,746.50000
1525776562,745.66000,746.49000
1525798259,733.60000,733.69000
1525771923,743.80000,744.00000
1525776565,745.66000,746.48000
1525776566,746.00000,746.48000
1525776568,746.00000,746.73000
1525776569,746.00000,746.47000
1525776572,746.00000,746.73000
1525776573,746.00000,746.46000
1525776575,746.00000,746.72000
1525776577,746.03000,746.72000
1525776578,746.03000,746.45000
1525803723,732.78000,733.15000
1525776580,746.03000,746.44000
1525776582,746.03000,746.71000
1525776584,746.00000,746.71000
1525776585,746.00000,746.70000
1525776587,746.06000,746.60000
1525776590,746.00000,746.60000
1525776591,746.09000,746.60000
1525776592,746.09000,746.59000
1525776593,746.00000,746.59000
1525771924,743.80000,743.99000
1525776595,746.10000,746.71000
1525776596,746.59000,746.70000
1525803726,732.79000,733.15000
1525776599,746.59000,746.60000
1525776602,746.13000,746.59000
1525776607,746.13000,746.71000
1525776608,746.00000,746.58000
1525776612,746.00000,746.57000
1525776615,746.01000,746.29000
1525774107,742.09000,743.00000
1525776617,746.00000,746.29000
1525776620,746.00000,746.28000
1525776634,746.00000,746.07000
1525765503,759.32000,759.94000
1525803733,732.79000,733.12000
1525776642,746.00000,746.28000
1525776649,746.00000,746.03000
1525776653,746.00000,746.02000
1525776657,745.46000,746.02000
1525776664,745.46000,746.54000
1525776665,745.46000,746.27000
1525776666,745.46000,746.26000
1525776667,745.46000,746.25000
1525776679,745.46000,746.24000
1525774653,748.71000,749.00000
1525776681,745.46000,746.23000
1525776685,745.46000,746.22000
1525776687,745.46000,746.21000
1525776690,745.49000,746.21000
1525776691,745.49000,746.20000
1525776695,745.46000,746.20000
1525776696,745.46000,746.19000
1525776697,745.49000,746.19000
1525776699,745.49000,746.18000
1525776702,745.49000,746.17000
1525776705,745.49000,746.16000
1525776710,745.49000,746.15000
1525776712,745.52000,746.15000
1525776715,745.49000,746.14000
1525776717,745.49000,746.12000
1525765517,759.38000,759.92000
1525776720,745.52000,746.11000
1525776730,745.52000,746.00000
1525775308,746.26000,747.07000
1525776738,745.52000,745.97000
1525776739,745.49000,745.97000
1525776741,745.49000,745.96000
1525776747,745.49000,745.95000
1525776751,745.49000,745.93000
1525776755,745.49000,745.95000
1525776756,745.49000,745.90000
1525776758,745.49000,745.92000
1525776762,745.49000,745.94000
1525776764,745.49000,745.89000
1525773021,737.92000,738.00000
1525776772,745.49000,745.88000
1525776776,745.49000,745.89000
1525776781,745.49000,745.88000
1525776788,745.49000,745.94000
1525776789,745.49000,745.85000
1525776794,745.49000,746.00000
1525776795,745.49000,745.99000
1525776819,745.49000,746.00000
1525776820,745.49000,745.99000
1525776825,745.49000,745.98000
1525776834,745.49000,745.99000
1525776846,745.49000,745.98000
1525776847,745.49000,746.00000
1525776849,745.49000,745.99000
1525776850,745.49000,746.00000
1525776852,745.49000,745.99000
1525776853,745.50000,745.99000
1525776859,745.50000,746.00000
1525803770,733.03000,733.79000
1525776868,745.67000,746.00000
1525776874,745.52000,746.00000
1525776875,745.68000,746.00000
1525776879,745.69000,746.00000
1525776886,745.69000,745.85000
1525776893,745.70000,745.85000
1525776894,745.89000,746.00000
1525803776,733.06000,733.78000
1525776899,745.90000,746.00000
1525776901,745.91000,746.00000
1525776914,745.92000,746.00000
1525776916,746.00000,746.11000
1525771935,743.50000,743.98000
1525803781,733.06000,733.77000
1525776933,746.01000,746.11000
1525772036,741.50000,742.13000
1525776942,746.00000,746.11000
1525775209,747.03000,747.67000
1525776953,746.01000,746.11000
1525776958,746.02000,746.11000
1525776967,746.03000,746.11000
1525776970,746.03000,746.20000
1525776971,746.04000,746.20000
1525776972,746.04000,747.31000
1525776975,746.05000,747.31000
1525776976,746.06000,747.31000
1525776977,746.06000,747.00000
1525776982,746.00000,747.00000
1525776983,746.09000,747.30000
1525776984,746.09000,747.31000
1525776985,746.09000,746.99000
1525776986,746.00000,746.99000
1525776988,746.10000,746.99000
1525776990,746.12000,746.99000
1525776993,746.01000,746.99000
1525776995,746.01000,746.90000
1525776996,746.00000,746.90000
1525776997,746.00000,746.01000
1525776999,746.00000,746.86000
1525777000,746.00000,746.01000
1525777001,746.00000,746.85000
1525777002,745.91000,746.00000
1525777004,745.91000,746.60000
1525777005,745.91000,746.00000
1525777006,745.91000,746.60000
1525777010,745.91000,746.84000
1525777012,745.55000,746.60000
1525777013,745.55000,746.59000
1525777014,745.92000,746.57000
1525777017,745.92000,746.60000
1525777019,745.92000,746.83000
1525777020,745.92000,746.54000
1525777024,745.55000,746.54000
1525777026,745.93000,746.53000
1525777032,745.93000,746.50000
1525777036,744.63000,745.00000
1525777038,744.86000,745.00000
1525777040,744.86000,744.99000
1525777043,744.86000,744.97000
1525777047,744.86000,745.00000
1525777051,744.86000,744.94000
1525777073,744.87000,744.93000
1525777078,744.87000,744.90000
1525777087,744.87000,744.89000
1525777091,744.88000,744.89000
1525775214,747.10000,747.67000
1525771042,752.11000,752.89000
1525777115,744.88000,745.00000
1525777117,744.96000,745.00000
1525777120,744.97000,745.00000
1525777126,744.97000,744.99000
1525771884,745.00000,746.32000
1525777132,744.98000,744.99000
1525765586,759.42000,759.84000
1525777138,744.96000,744.99000
1525777141,744.96000,744.99000
1525777143,744.96000,744.98000
1525777144,744.97000,744.99000
1525777145,744.97000,746.00000
1525777147,744.97000,744.98000
1525777148,744.97000,745.50000
1525777149,744.97000,744.98000
1525798358,732.60000,733.10000
1525771053,752.17000,752.87000
1525777188,744.87000,744.90000
1525777192,744.87000,744.89000
1525805769,746.78000,746.96000
1525777196,744.87000,744.88000
1525777199,744.72000,744.88000
1525777204,744.72000,744.87000
1525777205,744.72000,744.85000
1525777208,744.72000,744.87000
1525777209,744.72000,744.80000
1525777212,744.50000,744.80000
1525777216,744.50000,744.58000
1525777225,744.50000,744.76000
1525777226,744.50000,744.57000
1525803831,734.18000,734.70000
1525777231,744.50000,744.54000
1525777233,744.50000,744.51000
1525777257,744.49000,744.51000
1525777263,744.49000,744.50000
1525774241,742.57000,743.39000
1525777268,744.19000,744.50000
1525777274,744.19000,744.47000
1525803839,734.19000,735.00000
1525777277,744.19000,744.49000
1525777278,744.19000,744.50000
1525777279,744.19000,744.44000
1525777283,744.19000,744.51000
1525777287,744.19000,744.41000
1525777290,744.19000,744.51000
1525777292,744.19000,744.38000
1525777295,744.19000,744.50000
1525777296,744.19000,744.35000
1525777300,744.19000,744.50000
1525777302,744.19000,744.32000
1525775221,747.13000,748.39000
1525777306,744.19000,744.29000
1525777310,744.19000,744.49000
1525777311,744.19000,744.26000
1525777317,744.19000,744.51000
1525777318,744.19000,744.23000
1525777319,744.19000,744.51000
1525777322,744.19000,744.48000
1525777323,744.26000,744.48000
1525777327,744.26000,744.47000
1525803848,734.30000,735.00000
1525777331,744.26000,744.44000
1525777335,744.26000,744.43000
1525807956,747.10000,748.71000
1525777339,744.26000,744.40000
1525798389,732.72000,733.10000
1525777344,744.26000,744.51000
1525777347,744.26000,744.37000
1525777349,744.26000,744.51000
1525777352,744.26000,744.48000
1525803853,734.44000,736.00000
1525777360,744.26000,744.47000
1525777367,744.26000,744.51000
1525777368,744.26000,744.44000
1525777373,744.26000,744.46000
1525777375,744.26000,744.41000
1525777378,744.26000,744.40000
1525803857,735.30000,736.10000
1525777386,744.26000,744.37000
1525777390,744.26000,744.36000
1525777391,744.26000,744.34000
1525777394,744.26000,744.36000
1525777395,744.26000,744.40000
1525777397,744.26000,744.31000
1525777403,744.26000,744.30000
1525777407,744.26000,744.39000
1525777408,744.26000,744.27000
1525765632,759.55000,759.92000
1525803862,735.31000,735.88000
1525777417,744.19000,744.27000
1525777421,744.19000,744.26000
1525777428,744.19000,744.25000
1525777436,744.19000,744.22000
1525777439,744.19000,744.25000
1525777443,744.19000,744.20000
1525803870,735.34000,735.87000
1525777477,744.19000,744.39000
1525777486,744.19000,744.36000
1525777490,744.19000,744.35000
1525777496,744.19000,744.32000
1525777497,744.19000,744.27000
1525777500,744.19000,744.26000
1525777505,744.19000,744.27000
1525777509,744.19000,744.39000
1525777512,744.19000,744.24000
1525775228,747.13000,748.39000
1525777514,744.19000,744.23000
1525777515,744.19000,744.20000
1525777521,744.19000,744.39000
1525777522,744.19000,744.20000
1525777523,744.19000,744.39000
1525777526,744.19000,744.20000
1525803881,734.70000,735.88000
1525777531,744.19000,744.20000
1525777537,744.20000,744.30000
1525777538,744.20000,744.39000
1525777539,743.10000,744.10000
1525777541,743.10000,744.09000
1525777545,743.10000,744.07000
1525777546,743.10000,744.05000
1525777549,743.10000,744.04000
1525773047,738.79000,739.98000
1525777555,743.10000,744.03000
1525777559,742.56000,744.03000
1525777560,742.56000,743.87000
1525777562,742.83000,743.87000
1525777564,742.83000,743.86000
1525777566,742.60000,743.86000
1525777567,742.60000,743.85000
1525777568,742.60000,743.83000
1525777570,742.63000,743.83000
1525777572,742.75000,743.83000
1525777573,742.75000,743.85000
1525777575,742.75000,743.80000
1525777578,742.75000,743.79000
1525777584,742.75000,743.76000
1525777586,742.75000,743.78000
1525777588,742.75000,743.70000
1525777589,742.75000,743.67000
1525777595,742.75000,743.60000
1525771125,750.39000,751.07000
1525777602,742.75000,743.59000
1525777604,742.75000,743.57000
1525777607,742.75000,743.50000
1525777608,742.75000,743.49000
1525777611,742.75000,743.48000
1525777612,742.75000,743.49000
1525777613,742.75000,743.50000
1525777614,742.75000,743.48000
1525777615,742.75000,743.20000
1525777618,742.75000,742.96000
1525777619,742.75000,742.95000
1525777623,742.75000,742.94000
1525777624,742.75000,742.91000
1525777626,742.75000,742.90000
1525777629,742.75000,742.89000
1525777631,742.75000,742.86000
1525777632,742.57000,742.72000
1525803899,734.60000,735.30000
1525777636,742.57000,742.71000
1525777638,742.57000,742.63000
1525777643,742.57000,742.60000
1525777645,742.21000,742.55000
1525777649,742.21000,742.52000
1525777652,742.21000,742.51000
1525777657,742.20000,742.51000
1525777658,741.81000,742.01000
1525777659,741.27000,741.62000
1525777661,741.27000,741.47000
1525777662,741.00000,741.47000
1525777665,741.00000,741.14000
1525777667,740.65000,741.00000
1525777669,740.49000,740.99000
1525777672,740.49000,740.98000
1525777674,740.49000,740.50000
1525803907,734.24000,736.36000
1525777684,740.00000,740.49000
1525777687,740.00000,740.48000
1525777689,740.00000,740.47000
1525777691,738.76000,740.47000
1525777692,738.76000,740.45000
1525777695,739.10000,740.47000
1525777696,739.10000,740.44000
1525774143,742.06000,742.85000
1525777698,739.10000,740.42000
1525777699,739.10000,740.20000
1525777701,739.11000,740.20000
1525777702,739.11000,740.19000
1525777703,739.39000,740.19000
1525777705,739.39000,740.18000
1525777707,739.40000,740.19000
1525777708,739.40000,740.18000
1525777709,739.40000,740.15000
1525777711,739.42000,740.15000
1525777712,739.30000,740.15000
1525777714,739.31000,740.15000
1525777715,739.31000,740.14000
1525777716,739.32000,740.14000
1525777719,740.00000,740.14000
1525777724,740.00000,740.96000
1525777725,740.01000,740.11000
1525777729,740.00000,740.11000
1525777730,740.00000,740.96000
1525777731,740.01000,740.96000
1525777732,740.00000,740.96000
1525777733,740.00000,740.95000
1525777734,740.00000,740.93000
1525771962,742.45000,743.92000
1525777737,740.01000,740.93000
1525777740,740.03000,740.93000
1525777741,740.03000,740.95000
1525777743,740.01000,740.95000
1525777749,740.04000,740.94000
1525777754,740.02000,740.94000
1525777755,740.07000,740.94000
1525777756,740.07000,740.95000
1525777757,740.07000,740.93000
1525774145,742.09000,742.85000
1525777759,740.02000,740.93000
1525777764,740.10000,740.93000
1525777767,740.10000,740.92000
1525777773,740.01000,740.92000
1525777774,740.01000,740.51000
1525777780,740.04000,740.51000
1525777785,740.04000,740.91000
1525777788,740.04000,740.93000
1525777789,740.04000,740.90000
1525777792,740.04000,740.25000
1525777795,740.01000,740.25000
1525777797,740.01000,740.25000
1525777800,740.02000,740.25000
1525777802,740.01000,740.88000
1525777805,740.01000,740.05000
1525777820,740.01000,740.04000
1525787117,731.81000,732.58000
1525803931,734.24000,735.70000
1525777834,740.01000,740.03000
1525777842,740.00000,740.03000
1525775239,747.76000,747.80000
1525765705,759.16000,759.84000
1525777850,740.00000,740.02000
1525803935,734.25000,735.50000
1525765706,759.16000,759.83000
1525770951,749.34000,750.40000
1525803937,734.25000,735.49000
1525777864,740.00000,740.01000
1525777878,740.00000,740.04000
1525771172,749.85000,750.50000
1525765712,759.17000,759.83000
1525777893,740.01000,740.03000
1525777895,740.00000,740.03000
1525777911,740.00000,740.02000
1525777923,740.01000,740.02000
1525777924,740.01000,740.03000
1525777928,740.00000,740.03000
1525777943,740.00000,740.02000
1525803951,734.27000,735.36000
1525777954,740.00000,740.03000
1525777968,740.01000,740.03000
1525777971,740.00000,740.03000
1525777972,740.02000,740.03000
1525778000,740.00000,740.03000
1525778018,740.00000,740.02000
1525778019,740.01000,740.02000
1525778026,740.00000,740.02000
1525778029,740.00000,740.03000
1525778030,740.00000,740.01000
1525778034,740.00000,740.59000
1525778042,739.98000,740.59000
1525778043,739.98000,740.58000
1525778046,738.10000,740.58000
1525778047,740.03000,740.57000
1525778050,739.24000,740.57000
1525778051,739.24000,740.56000
1525778052,739.24000,740.55000
1525778053,740.06000,740.55000
1525778054,739.50000,740.55000
1525778055,739.50000,740.54000
1525778058,739.50000,740.53000
1525778060,738.96000,740.53000
1525778062,739.53000,740.53000
1525778064,739.50000,740.30000
1525778067,739.50000,740.29000
1525778069,739.53000,740.29000
1525778072,739.53000,740.28000
1525778075,739.53000,740.27000
1525778076,739.53000,739.90000
1525778077,739.10000,739.90000
1525778079,738.35000,739.90000
1525778080,738.36000,739.89000
1525778081,739.10000,739.89000
1525778086,739.10000,739.88000
1525778088,738.38000,739.88000
1525778089,738.36000,739.50000
1525778093,739.13000,739.50000
1525778094,738.36000,739.50000
1525778096,738.39000,739.50000
1525778097,738.36000,739.50000
1525778099,738.60000,739.50000
1525778100,738.60000,739.85000
1525778101,738.60000,739.00000
1525778105,738.60000,738.70000
1525778106,738.36000,738.70000
1525778108,738.36000,738.70000
1525778112,738.31000,738.69000
1525778113,738.09000,738.69000
1525778116,738.09000,738.68000
1525778117,738.09000,738.67000
1525778120,737.93000,738.69000
1525778124,737.93000,738.66000
1525778125,737.93000,738.16000
1525778127,737.70000,738.16000
1525778128,737.96000,738.16000
1525778133,737.67000,738.16000
1525778134,737.67000,738.69000
1525778135,737.67000,738.15000
1525778140,736.88000,737.00000
1525778142,736.89000,737.00000
1525778143,736.88000,737.00000
1525778144,736.88000,736.99000
1525778145,736.90000,736.99000
1525765755,759.18000,759.26000
1525778148,736.90000,737.00000
1525778149,736.99000,737.00000
1525778153,736.88000,737.00000
1525778154,736.88000,736.99000
1525778160,736.88000,737.00000
1525778175,736.88000,736.99000
1525778180,736.88000,736.98000
1525778184,735.70000,736.98000
1525778185,736.01000,737.00000
1525778186,735.51000,737.00000
1525778187,735.51000,736.99000
1525778188,735.52000,736.99000
1525778190,735.61000,736.99000
1525778192,735.90000,737.00000
1525778193,735.90000,736.98000
1525778199,735.62000,736.98000
1525778200,735.93000,736.98000
1525778202,735.93000,736.00000
1525778203,735.94000,736.00000
1525778205,735.94000,735.99000
1525778207,735.50000,735.99000
1525778208,735.50000,735.98000
1525778209,735.90000,735.98000
1525778216,735.70000,735.99000
1525774013,741.33000,742.04000
1525778220,735.50000,735.99000
1525778223,735.70000,735.98000
1525778235,735.70000,736.00000
1525778236,735.70000,735.97000
1525778238,735.70000,735.96000
1525778240,735.70000,735.95000
1525765771,759.20000,759.46000
1525778246,735.95000,735.96000
1525778247,735.70000,735.97000
1525778248,735.10000,735.97000
1525778250,735.10000,735.95000
1525778254,735.10000,735.94000
1525778257,735.10000,735.93000
1525778259,735.10000,735.92000
1525778260,735.13000,735.92000
1525778261,735.13000,735.80000
1525778264,735.13000,735.71000
1525778266,734.80000,735.00000
1525778267,734.80000,734.99000
1525778268,734.80000,734.98000
1525778274,734.80000,734.97000
1525778275,734.80000,734.95000
1525778281,734.80000,734.94000
1525778282,733.90000,734.00000
1525778283,733.32000,734.00000
1525778284,733.55000,734.00000
1525778286,733.56000,734.00000
1525778288,733.56000,733.99000
1525778289,733.80000,733.99000
1525776345,744.28000,744.35000
1525778291,733.80000,734.00000
1525778292,729.25000,730.00000
1525778295,730.76000,734.00000
1525778296,733.10000,734.00000
1525778297,733.99000,734.00000
1525778302,732.01000,733.00000
1525778304,732.20000,733.00000
1525778306,732.02000,733.00000
1525778307,732.21000,733.00000
1525778308,732.30000,733.00000
1525778309,732.31000,732.99000
1525778311,732.62000,732.99000
1525778314,732.62000,732.99000
1525778315,732.70000,733.00000
1525778316,732.70000,732.96000
1525778317,732.70000,733.00000
1525778321,732.70000,733.00000
1525778323,732.42000,733.00000
1525778325,732.70000,732.99000
1525801826,737.26000,737.92000
1525778327,732.80000,732.99000
1525778331,732.81000,732.99000
1525778332,732.81000,733.00000
1525778333,732.81000,732.99000
1525778336,732.81000,733.00000
1525778338,732.90000,733.00000
1525778340,732.91000,733.00000
1525778345,732.92000,733.00000
1525778351,732.93000,733.00000
1525778354,729.92000,730.00000
1525804019,735.04000,735.41000
1525778356,729.99000,730.00000
1525778358,730.00000,732.91000
1525778359,730.01000,732.91000
1525778360,731.90000,732.91000
1525771252,748.31000,748.50000
1525778364,732.00000,732.90000
1525778365,732.40000,732.90000
1525778368,732.50000,732.90000
1525778372,732.90000,732.91000
1525778373,732.51000,733.00000
1525778375,732.91000,733.00000
1525778377,732.80000,733.00000
1525778385,732.41000,733.00000
1525778386,732.42000,733.00000
1525778387,732.60000,733.00000
1525778388,732.60000,732.99000
1525771257,747.15000,747.18000
1525778395,732.61000,733.00000
1525778397,732.62000,733.00000
1525778404,732.62000,732.99000
1525778406,732.63000,732.99000
1525778407,732.63000,733.00000
1525778408,732.64000,733.00000
1525778411,732.65000,733.00000
1525778415,732.66000,733.00000
1525778419,732.67000,733.00000
1525778420,732.68000,733.00000
1525778425,732.69000,733.00000
1525778427,729.99000,730.00000
1525778429,730.06000,732.62000
1525778430,732.20000,732.62000
1525778431,732.40000,732.62000
1525778433,732.56000,732.62000
1525778434,732.56000,733.00000
1525778435,732.56000,732.99000
1525778437,732.56000,732.62000
1525778438,732.56000,732.99000
1525778439,732.57000,733.00000
1525778440,732.70000,733.00000
1525778442,732.70000,732.99000
1525778443,732.70000,733.00000
1525778444,732.80000,733.00000
1525778447,732.81000,733.00000
1525778449,732.82000,733.00000
1525778450,732.82000,733.00000
1525778452,732.90000,733.00000
1525778453,734.60000,734.82000
1525778454,734.60000,735.40000
1525778455,733.90000,735.40000
1525778456,735.30000,736.68000
1525778457,735.30000,737.80000
1525778458,735.30000,736.15000
1525778460,735.31000,735.72000
1525778461,735.35000,735.72000
1525778462,736.15000,736.20000
1525778463,736.15000,737.11000
1525778465,737.24000,737.63000
1525778466,736.15000,737.63000
1525778467,735.41000,736.15000
1525778468,735.42000,736.15000
1525778473,735.42000,737.63000
1525778475,736.15000,736.56000
1525778477,736.15000,736.55000
1525778478,736.40000,736.55000
1525778485,736.17000,736.58000
1525778486,736.55000,736.58000
1525778488,736.55000,737.48000
1525778489,736.60000,736.89000
1525778495,736.89000,737.49000
1525778496,736.89000,737.48000
1525778497,736.61000,736.80000
1525778502,736.61000,737.48000
1525778503,736.62000,736.99000
1525778504,736.63000,736.99000
1525778506,736.62000,736.99000
1525778509,736.64000,737.48000
1525778511,732.99000,733.00000
1525778514,737.00000,737.47000
1525778516,737.00000,737.45000
1525778517,736.02000,736.52000
1525778520,736.02000,736.51000
1525778521,736.03000,736.51000
1525778522,736.02000,736.51000
1525778523,734.40000,736.49000
1525778524,734.42000,736.15000
1525778525,734.43000,736.15000
1525778526,735.16000,736.15000
1525778527,736.02000,736.15000
1525778528,736.02000,736.14000
1525778532,736.02000,736.15000
1525778533,736.02000,736.11000
1525804049,735.05000,736.40000
1525778536,736.02000,736.15000
1525778539,736.02000,736.14000
1525778540,735.17000,736.14000
1525778541,735.53000,736.14000
1525778543,735.54000,736.14000
1525778544,736.00000,736.15000
1525778546,735.53000,736.15000
1525778547,735.53000,736.14000
1525778548,735.53000,736.13000
1525778549,735.57000,736.13000
1525778551,735.90000,736.13000
1525804052,735.13000,736.40000
1525778554,735.90000,736.14000
1525778557,734.36000,736.14000
1525778559,734.65000,736.15000
1525778560,735.80000,736.15000
1525778564,735.81000,736.15000
1525771286,746.80000,746.90000
1525778567,735.81000,736.15000
1525778568,734.82000,734.96000
1525778571,734.83000,734.96000
1525778572,734.90000,734.96000
1525778573,735.89000,736.15000
1525778575,734.67000,736.15000
1525778576,735.90000,736.15000
1525778579,735.14000,736.15000
1525778580,735.14000,736.10000
1525778582,735.60000,736.10000
1525778586,732.99000,733.00000
1525778595,734.20000,735.66000
1525778596,734.10000,735.66000
1525778597,733.00000,735.66000
1525778598,734.44000,735.65000
1525778600,734.45000,735.65000
1525778601,734.45000,735.11000
1525778605,734.44000,735.11000
1525778606,734.44000,735.00000
1525778607,734.47000,735.00000
1525778613,734.47000,734.90000
1525778615,734.45000,734.90000
1525778617,734.45000,734.89000
1525778618,734.50000,734.89000
1525778622,734.45000,734.89000
1525778623,734.44000,734.77000
1525778627,734.44000,734.70000
1525778633,734.44000,734.50000
1525778637,734.47000,734.49000
1525771299,745.20000,745.70000
1525778644,734.47000,734.48000
1525778646,734.44000,734.48000
1525778652,734.44000,734.47000
1525778656,733.49000,734.47000
1525778657,733.49000,734.44000
1525778660,733.49000,734.20000
1525778663,733.49000,734.19000
1525778666,733.49000,734.18000
1525771303,745.20000,745.69000
1525778672,731.84000,732.00000
1525778675,731.85000,732.00000
1525778676,731.85000,732.00000
1525778677,731.90000,732.00000
1525778679,731.91000,732.00000
1525776358,744.76000,745.29000
1525778686,731.99000,732.00000
1525778688,733.43000,734.18000
1525778689,733.43000,733.80000
1525773085,739.71000,740.74000
1525778697,733.43000,734.17000
1525778698,733.43000,734.00000
1525778704,733.43000,733.71000
1525778705,733.44000,733.71000
1525778706,733.46000,733.71000
1525778714,733.44000,733.71000
1525778715,733.44000,734.17000
1525778716,733.44000,733.90000
1525778718,732.02000,733.90000
1525778719,732.08000,733.80000
1525778720,732.08000,733.43000
1525778721,732.10000,733.80000
1525778723,732.11000,733.80000
1525778724,732.11000,732.53000
1525778727,732.20000,732.53000
1525778730,732.21000,732.53000
1525778733,732.20000,732.53000
1525778734,732.08000,732.53000
1525778735,732.22000,732.53000
1525778736,730.60000,731.00000
1525778738,730.70000,731.00000
1525778739,730.71000,730.99000
1525778740,730.71000,730.99000
1525778741,730.71000,731.00000
1525778744,730.71000,731.00000
1525778746,730.72000,731.00000
1525778747,730.80000,731.00000
1525778749,730.81000,731.00000
1525778750,730.97000,730.99000
1525778751,730.97000,731.00000
1525778754,730.98000,731.00000
1525778757,730.98000,731.00000
1525778762,730.99000,731.00000
1525803552,732.24000,733.60000
1525765451,758.82000,759.00000
1525771328,745.20000,745.49000
1525778823,730.97000,731.00000
1525778827,730.99000,731.00000
1525771331,745.20000,745.40000
1525778846,730.61000,731.00000
1525778849,730.70000,731.00000
1525778851,730.80000,731.00000
1525778856,731.00000,731.64000
1525768726,755.56000,755.78000
1525778859,731.01000,731.63000
1525778861,731.01000,731.61000
1525778865,731.04000,731.61000
1525778867,731.04000,731.64000
1525778868,731.05000,731.60000
1525778874,730.63000,731.60000
1525778875,731.07000,731.60000
1525778876,731.07000,731.41000
1525778881,730.63000,731.41000
1525778882,730.64000,730.93000
1525778883,730.63000,730.93000
1525778884,730.64000,730.93000
1525778887,730.00000,730.90000
1525778889,730.00000,730.57000
1525778891,730.00000,730.40000
1525778900,730.01000,730.66000
1525778903,730.01000,730.60000
1525778908,731.00000,731.25000
1525778910,731.00000,731.24000
1525778911,730.01000,730.75000
1525771344,744.00000,745.00000
1525778914,730.60000,730.75000
1525778916,729.99000,730.75000
1525778917,729.99000,730.72000
1525804113,736.46000,737.90000
1525778921,730.00000,730.72000
1525778922,730.70000,730.72000
1525778925,730.70000,731.24000
1525778930,730.70000,731.23000
1525778932,730.70000,731.24000
1525778936,730.70000,731.24000
1525771348,744.01000,744.98000
1525778946,730.73000,731.24000
1525778949,731.00000,731.24000
1525778951,731.00000,731.52000
1525778952,731.01000,731.23000
1525778954,731.02000,731.23000
1525778956,731.01000,731.12000
1525778958,731.00000,731.12000
1525778959,731.03000,731.12000
1525778963,731.03000,731.23000
1525778965,731.03000,731.54000
1525778966,731.03000,731.64000
1525804121,737.07000,738.10000
1525778969,731.23000,731.68000
1525778971,731.23000,731.64000
1525778972,731.23000,731.68000
1525778973,731.23000,731.67000
1525778974,731.23000,731.80000
1525778976,731.23000,731.67000
1525804123,738.43000,738.45000
1525778983,731.23000,732.28000
1525764816,757.00000,757.13000
1525778985,731.23000,732.27000
1525778986,731.23000,732.28000
1525778987,730.10000,732.15000
1525778988,731.24000,732.15000
1525778989,731.24000,732.14000
1525765457,758.83000,759.00000
1525778993,731.24000,733.34000
1525778994,731.24000,732.46000
1525778995,731.40000,732.46000
1525772004,742.34000,743.46000
1525778998,732.30000,732.46000
1525778999,732.31000,732.46000
1525779001,732.31000,733.07000
1525779004,732.31000,733.06000
1525779005,730.88000,731.00000
1525779007,730.96000,731.00000
1525779009,730.89000,731.00000
1525779012,730.97000,731.00000
1525779014,730.90000,731.00000
1525779016,730.98000,731.00000
1525771362,744.01000,744.98000
1525779022,730.98000,731.00000
1525779023,730.99000,731.00000
1525804131,737.40000,739.25000
1525771365,744.06000,744.97000
1525771367,744.06000,744.89000
1525773097,739.74000,740.60000
1525804136,738.10000,739.94000
1525771371,744.09000,744.89000
1525804144,738.20000,739.23000
1525773099,739.80000,740.60000
1525779125,730.33000,731.00000
1525779126,730.99000,731.00000
1525779127,730.30000,731.00000
1525779128,730.30000,730.98000
1525779129,730.30000,731.00000
1525779131,730.30000,730.97000
1525779135,730.31000,730.96000
1525779138,730.32000,730.96000
1525779142,730.32000,731.00000
1525779144,730.32000,730.99000
1525779146,730.32000,730.93000
1525779151,730.32000,730.99000
1525779152,729.80000,730.00000
1525779153,730.00000,730.99000
1525779154,729.81000,730.99000
1525779155,730.32000,730.99000
1525779161,730.35000,730.99000
1525779163,730.35000,730.89000
1525779166,730.33000,730.89000
1525779167,730.38000,730.89000
1525779169,730.39000,730.89000
1525779170,730.39000,730.89000
1525779177,730.39000,730.99000
1525779178,730.40000,730.88000
1525779179,730.39000,730.88000
1525779182,730.40000,730.88000
1525779184,730.42000,730.98000
1525779188,730.42000,730.99000
1525779193,730.42000,731.00000
1525779194,730.45000,731.00000
1525779198,730.45000,730.99000
1525779199,730.46000,730.99000
1525779202,730.48000,730.99000
1525779205,730.49000,730.99000
1525779207,730.49000,730.99000
1525779209,730.90000,730.99000
1525779213,730.91000,730.99000
1525779214,730.91000,731.00000
1525779217,730.92000,731.00000
1525779224,731.00000,731.71000
1525779226,731.01000,733.10000
1525779227,732.72000,733.10000
1525779228,732.00000,733.29000
1525779229,732.00000,733.10000
1525779230,732.01000,733.10000
1525779231,732.01000,733.29000
1525779233,732.80000,732.87000
1525772012,742.34000,743.32000
1525779240,732.04000,734.00000
1525779241,733.74000,734.00000
1525779243,733.74000,733.99000
1525779244,732.05000,733.99000
1525779247,733.75000,734.00000
1525779248,732.06000,733.03000
1525779249,732.07000,733.03000
1525779251,732.08000,733.03000
1525779254,732.09000,733.19000
1525779255,732.11000,733.19000
1525779257,732.10000,733.19000
1525779258,732.14000,733.19000
1525779259,732.60000,733.19000
1525779261,732.60000,733.20000
1525779263,731.80000,732.00000
1525779266,731.90000,732.00000
1525779267,731.91000,732.00000
1525779270,731.92000,731.97000
1525779271,731.92000,732.00000
1525779273,731.93000,732.00000
1525779275,731.93000,732.00000
1525779279,731.94000,732.00000
1525779285,731.95000,732.00000
1525779290,731.96000,732.00000
1525779291,731.99000,732.00000
1525771408,745.92000,746.25000
1525779308,732.00000,733.51000
1525779309,732.10000,733.51000
1525779310,732.30000,734.00000
1525779311,732.30000,733.71000
1525779312,732.31000,733.71000
1525779314,732.32000,733.71000
1525787795,728.62000,729.83000
1525779316,732.32000,733.40000
1525779319,732.33000,733.40000
1525779323,732.34000,733.71000
1525779324,732.34000,734.00000
1525779325,732.34000,733.50000
1525779327,732.35000,733.50000
1525779328,732.40000,733.70000
1525779329,733.00000,733.70000
1525779331,733.01000,733.94000
1525779334,733.03000,733.93000
1525779335,733.03000,733.90000
1525779337,733.02000,733.90000
1525779339,733.06000,733.90000
1525779340,733.20000,733.90000
1525779342,733.60000,733.90000
1525779343,731.99000,732.00000
1525779345,731.95000,732.00000
1525779346,731.99000,732.00000
1525779347,732.50000,734.00000
1525779348,733.05000,734.00000
1525779350,733.20000,734.00000
1525779351,733.10000,734.49000
1525779352,733.10000,733.99000
1525779357,733.13000,733.99000
1525779361,733.14000,733.99000
1525779364,733.17000,733.99000
1525779368,733.18000,733.99000
1525779375,733.21000,733.99000
1525779377,733.22000,734.17000
1525779378,733.22000,733.98000
1525774199,742.23000,743.48000
1525779385,733.60000,733.98000
1525771423,747.30000,748.41000
1525798730,731.22000,731.49000
1525771424,747.31000,747.82000
1525779395,733.60000,734.31000
1525779399,733.61000,734.31000
1525779400,733.60000,734.31000
1525779401,733.60000,734.57000
1525779402,733.60000,734.56000
1525779405,733.63000,734.56000
1525779407,733.60000,734.50000
1525779408,733.66000,734.50000
1525779411,733.66000,734.49000
1525779412,733.66000,734.46000
1525779413,733.66000,734.45000
1525779414,733.64000,734.45000
1525779416,733.60000,734.45000
1525779417,733.69000,734.45000
1525779418,731.98000,732.00000
1525779420,731.99000,732.00000
1525779434,732.00000,734.05000
1525779435,732.90000,734.05000
1525779436,732.91000,734.44000
1525779437,732.91000,733.96000
1525774201,742.20000,743.48000
1525779441,733.00000,733.96000
1525779443,733.00000,734.00000
1525779444,733.01000,734.00000
1525772019,741.03000,743.29000
1525779448,733.02000,734.02000
1525779451,733.10000,734.17000
1525779454,733.10000,733.99000
1525779455,733.11000,733.99000
1525779456,733.11000,734.17000
1525779458,733.11000,734.14000
1525779459,733.12000,734.14000
1525779464,733.13000,734.14000
1525779467,733.14000,734.14000
1525779468,733.14000,734.17000
1525779470,733.16000,734.17000
1525779473,733.15000,734.08000
1525779475,733.17000,734.08000
1525771438,746.61000,747.82000
1525779478,733.17000,734.14000
1525779479,733.17000,734.05000
1525779485,733.18000,734.17000
1525779486,733.18000,734.05000
1525779487,733.18000,734.02000
1525779489,733.19000,734.02000
1525779493,733.19000,734.03000
1525779498,733.19000,733.99000
1525779501,733.20000,733.99000
1525779504,733.21000,733.99000
1525779507,733.21000,734.05000
1525779512,733.21000,734.04000
1525779516,733.21000,734.01000
1525779517,733.21000,734.00000
1525779518,732.16000,734.00000
1525779519,732.14000,734.00000
1525779520,732.80000,733.99000
1525779525,733.25000,733.99000
1525779526,733.25000,733.97000
1525779528,733.25000,733.99000
1525779529,733.25000,734.01000
1525779530,733.25000,733.94000
1525765475,759.23000,759.98000
1525779533,733.26000,733.94000
1525779535,733.26000,733.93000
1525779536,733.26000,733.91000
1525779539,733.26000,733.93000
1525779540,733.26000,733.88000
1525779552,733.27000,733.88000
1525779553,733.27000,733.88000
1525779555,733.26000,734.03000
1525779557,733.29000,734.03000
1525779559,733.26000,734.03000
1525779560,733.30000,734.03000
1525771452,746.27000,747.76000
1525779562,732.65000,733.00000
1525798759,731.32000,731.49000
1525779565,732.66000,733.00000
1525779566,732.80000,733.00000
1525774454,744.93000,745.62000
1525779569,732.80000,732.99000
1525779571,732.90000,733.00000
1525779573,732.90000,732.98000
1525779576,732.91000,732.98000
1525779577,732.91000,733.00000
1525779580,732.91000,732.99000
1525779581,732.91000,733.00000
1525779582,732.91000,732.99000
1525779588,732.91000,732.98000
1525779589,732.92000,733.00000
1525779591,732.99000,733.00000
1525798211,733.56000,733.94000
1525772024,741.04000,742.20000
1525779599,732.92000,733.00000
1525774236,742.50000,743.40000
1525779604,732.93000,733.00000
1525779608,732.93000,732.99000
1525779610,732.93000,733.00000
1525765999,759.31000,759.92000
1525779612,732.93000,732.98000
1525779613,732.93000,733.00000
1525779617,732.93000,733.00000
1525779619,732.94000,733.00000
1525771462,746.68000,747.69000
1525779627,732.94000,733.00000
1525779628,732.94000,732.99000
1525779629,732.94000,732.98000
1525779634,732.95000,732.96000
1525779637,732.95000,732.98000
1525779641,732.77000,732.95000
1525779642,732.77000,732.97000
1525779643,732.77000,733.00000
1525779644,732.26000,733.00000
1525779645,732.78000,733.00000
1525779646,732.78000,732.97000
1525779653,732.27000,732.97000
1525804236,738.75000,739.90000
1525779660,732.30000,732.97000
1525771469,746.69000,747.49000
1525779670,732.27000,732.92000
1525803915,734.41000,736.35000
1525779672,732.28000,732.92000
1525779673,732.33000,732.92000
1525779678,732.33000,732.70000
1525779679,732.34000,732.70000
1525779681,732.00000,732.70000
1525779682,732.36000,732.69000
1525779683,731.91000,732.69000
1525779685,731.91000,732.69000
1525779686,731.91000,732.68000
1525779687,731.91000,732.30000
1525779689,731.91000,732.10000
1525779692,732.01000,732.10000
1525771474,746.68000,747.09000
1525779696,732.28000,732.30000
1525779697,731.20000,731.53000
1525779698,731.21000,732.07000
1525779701,731.21000,731.80000
1525779702,731.22000,731.80000
1525804244,738.51000,739.86000
1525779708,731.21000,731.80000
1525779709,729.94000,731.70000
1525779710,731.23000,731.70000
1525779712,731.23000,731.69000
1525779713,731.24000,731.69000
1525779714,731.23000,731.69000
1525779715,731.23000,731.66000
1525798785,732.00000,733.39000
1525779720,729.95000,731.68000
1525779721,731.66000,731.68000
1525779724,729.95000,731.31000
1525779725,730.10000,731.64000
1525779726,730.30000,731.64000
1525779728,730.30000,731.63000
1525779729,730.31000,731.63000
1525779731,730.31000,731.20000
1525779732,730.31000,731.61000
1525779735,730.32000,731.61000
1525779736,730.32000,731.60000
1525779737,730.33000,731.60000
1525779740,730.33000,731.59000
1525779741,730.33000,731.58000
1525779743,730.34000,731.57000
1525779746,730.35000,731.57000
1525779748,730.35000,731.30000
1525779750,730.35000,731.54000
1525779751,730.36000,731.30000
1525779752,730.37000,731.30000
1525779754,730.37000,731.29000
1525779759,730.38000,731.26000
1525779762,730.39000,731.29000
1525779763,730.39000,731.20000
1525779765,730.39000,731.19000
1525779768,730.40000,730.90000
1525779769,730.39000,730.90000
1525779770,730.40000,730.90000
1525779771,730.41000,730.90000
1525779772,730.41000,730.87000
1525779773,730.55000,730.87000
1525779776,730.56000,730.87000
1525779777,730.56000,730.80000
1525779778,730.40000,730.53000
1525779779,730.40000,730.80000
1525779783,730.33000,730.70000
1525779784,730.41000,730.70000
1525779785,730.41000,730.71000
1525779787,730.33000,730.37000
1525779788,730.33000,730.69000
1525779789,729.00000,730.69000
1525779791,729.01000,730.69000
1525779792,729.02000,730.68000
1525779793,729.10000,730.67000
1525779794,729.20000,730.67000
1525779795,729.21000,730.67000
1525779796,729.21000,730.66000
1525779799,729.30000,730.66000
1525779801,729.31000,730.68000
1525779802,729.01000,729.10000
1525779803,729.31000,730.20000
1525779804,729.31000,729.99000
1525779805,729.30000,729.70000
1525779807,729.10000,729.69000
1525779808,729.11000,729.69000
1525779809,729.11000,729.18000
1525779810,729.11000,729.69000
1525779811,729.01000,729.69000
1525779813,729.02000,729.69000
1525779815,729.03000,729.69000
1525779817,729.03000,729.60000
1525779819,729.02000,729.60000
1525779820,728.20000,729.60000
1525779821,728.21000,729.60000
1525779823,728.21000,729.59000
1525779824,728.30000,729.16000
1525779826,728.31000,729.16000
1525779829,728.32000,729.16000
1525779831,728.33000,729.13000
1525779832,728.32000,729.13000
1525779833,728.33000,729.13000
1525779837,728.34000,729.13000
1525779838,728.35000,729.13000
1525779839,728.35000,729.11000
1525779842,728.32000,729.11000
1525779843,728.33000,729.11000
1525779845,728.32000,729.06000
1525779846,727.01000,729.06000
1525779847,727.00000,728.70000
1525779848,727.01000,728.32000
1525779849,727.01000,728.69000
1525779850,727.04000,728.69000
1525779851,727.10000,728.69000
1525779853,727.40000,728.66000
1525779854,727.50000,728.66000
1525779857,727.50000,729.09000
1525779858,728.25000,728.70000
1525779859,728.25000,728.69000
1525779860,728.25000,728.63000
1525771502,746.76000,746.90000
1525779864,728.25000,728.60000
1525804571,745.20000,746.80000
1525771504,746.76000,747.41000
1525779874,728.25000,728.52000
1525779878,728.25000,728.50000
1525779881,728.25000,728.37000
1525779887,727.50000,728.20000
1525779891,727.50000,728.19000
1525779892,727.12000,727.80000
1525779894,727.12000,727.70000
1525779896,727.13000,727.70000
1525779900,727.14000,727.70000
1525779902,727.15000,727.70000
1525779903,726.17000,727.70000
1525779905,727.04000,727.67000
1525779908,726.30000,727.67000
1525779911,726.31000,727.70000
1525779912,726.31000,726.64000
1525779915,726.40000,726.64000
1525779916,727.10000,728.17000
1525779918,727.10000,727.69000
1525779919,727.13000,727.69000
1525779923,727.14000,727.69000
1525779926,727.15000,727.66000
1525779927,727.16000,727.66000
1525779928,727.20000,727.66000
1525779933,727.16000,727.66000
1525779934,727.21000,727.66000
1525779938,727.67000,727.69000
1525771515,746.35000,747.29000
1525779940,727.21000,727.69000
1525779941,727.68000,727.69000
1525779949,727.69000,728.65000
1525779950,727.69000,728.26000
1525779952,727.69000,728.65000
1525779954,728.27000,728.65000
1525779955,728.26000,728.62000
1525779958,728.26000,728.65000
1525779959,728.65000,729.67000
1525779961,728.27000,728.64000
1525779963,729.67000,730.02000
1525779964,728.28000,729.66000
1525779965,729.67000,730.02000
1525779966,729.67000,730.33000
1525779967,729.67000,730.01000
1525779969,729.67000,730.30000
1525779970,729.67000,730.00000
1525779972,729.69000,730.26000
1525779973,729.69000,730.00000
1525779975,729.68000,730.00000
1525779978,729.68000,729.99000
1525779979,729.68000,730.00000
1525779981,729.68000,729.98000
1525779982,728.63000,729.98000
1525779983,729.69000,729.99000
1525779984,728.64000,729.97000
1525779985,729.70000,729.97000
1525779993,729.70000,729.96000
1525779996,729.70000,729.97000
1525779997,729.70000,731.06000
1525779998,729.71000,731.31000
1525779999,729.80000,729.95000
1525780001,729.71000,729.95000
1525780002,729.81000,729.95000
1525780004,729.82000,729.94000
1525780005,729.72000,729.81000
1525780008,729.70000,729.81000
1525780009,729.73000,729.80000
1525780010,729.81000,731.47000
1525780011,729.94000,731.47000
1525780013,729.95000,731.47000
1525780015,730.00000,731.40000
1525780018,730.50000,731.40000
1525780024,730.51000,731.50000
1525780025,730.53000,731.50000
1525780026,731.47000,731.50000
1525780028,730.60000,731.50000
1525780029,730.61000,731.50000
1525780033,730.62000,731.50000
1525780038,730.70000,731.50000
1525780049,730.71000,731.50000
1525780050,730.73000,731.50000
1525804773,744.35000,745.85000
1525780055,730.72000,731.50000
1525780056,730.74000,731.50000
1525780058,730.75000,731.50000
1525780062,731.00000,731.50000
1525780065,731.03000,731.50000
1525780072,731.04000,731.50000
1525771538,746.35000,747.09000
1525780079,730.74000,731.00000
1525780082,730.75000,731.00000
1525780083,730.75000,730.99000
1525780086,730.76000,730.99000
1525780087,730.76000,731.00000
1525780090,730.75000,731.00000
1525780091,730.75000,731.00000
1525771541,746.47000,747.09000
1525780103,730.76000,731.00000
1525780110,730.77000,731.00000
1525780113,730.78000,731.00000
1525780119,730.78000,731.63000
1525780121,731.00000,731.63000
1525780123,731.00000,732.40000
1525780124,731.01000,732.40000
1525780125,731.02000,732.88000
1525780126,731.02000,732.20000
1525780129,731.02000,732.19000
1525780130,731.03000,732.19000
1525780131,731.04000,732.19000
1525798854,733.56000,733.57000
1525780134,731.04000,732.33000
1525780135,731.04000,732.32000
1525780136,731.04000,732.20000
1525780138,731.07000,732.20000
1525780140,731.08000,732.20000
1525780142,731.09000,732.20000
1525780144,731.09000,732.88000
1525780146,731.10000,732.88000
1525780148,731.10000,732.20000
1525780149,731.12000,732.98000
1525780150,731.12000,732.49000
1525780152,731.40000,732.49000
1525780156,731.40000,732.96000
1525780157,731.40000,732.67000
1525780158,731.40000,732.50000
1525780160,731.41000,732.50000
1525780163,731.43000,732.49000
1525780164,731.90000,732.49000
1525780168,731.90000,732.96000
1525780170,731.90000,732.96000
1525780171,731.90000,732.96000
1525780172,731.91000,732.96000
1525780173,731.91000,732.99000
1525780175,731.93000,732.99000
1525780178,731.92000,732.99000
1525780179,731.92000,732.98000
1525780181,731.96000,732.98000
1525780182,732.00000,732.98000
1525801504,736.79000,736.91000
1525804324,738.23000,738.53000
1525780186,732.00000,732.69000
1525780189,732.00000,732.68000
1525780190,731.52000,732.68000
1525780191,732.03000,732.68000
1525780192,732.03000,732.52000
1525780197,731.60000,732.52000
1525780199,731.60000,732.53000
1525780201,731.52000,732.53000
1525780202,731.63000,732.52000
1525780203,731.63000,732.02000
1525780204,731.64000,732.02000
1525780207,731.64000,732.02000
1525780210,731.64000,732.33000
1525780211,731.64000,732.01000
1525780214,731.64000,732.00000
1525780217,731.64000,732.02000
1525780219,731.64000,731.99000
1525780220,732.40000,732.51000
1525780222,731.65000,732.41000
1525780224,731.65000,732.40000
1525780225,731.65000,732.41000
1525780227,731.65000,732.39000
1525780234,731.65000,732.43000
1525780239,731.53000,732.43000
1525780240,731.66000,732.43000
1525780241,731.66000,732.45000
1525780243,731.66000,732.42000
1525780246,731.57000,732.42000
1525780248,731.57000,732.40000
1525780249,731.53000,732.40000
1525780253,731.54000,732.40000
1525780255,731.54000,732.37000
1525780256,731.54000,732.32000
1525780258,731.53000,732.32000
1525780262,731.53000,732.31000
1525780263,731.54000,732.31000
1525780265,731.53000,732.31000
1525780266,731.53000,731.54000
1525780267,731.53000,732.29000
1525780268,730.86000,731.53000
1525780269,730.93000,731.53000
1525780271,729.94000,731.53000
1525780272,729.93000,731.52000
1525780273,729.94000,731.52000
1525780275,729.94000,731.26000
1525780276,730.50000,731.26000
1525780278,729.94000,731.25000
1525780280,729.95000,730.50000
1525780285,729.95000,730.49000
1525780288,729.95000,730.47000
1525780290,729.95000,730.46000
1525780293,729.93000,730.46000
1525780296,729.93000,730.43000
1525780301,729.93000,730.49000
1525780303,729.93000,730.40000
1525780307,729.93000,730.39000
1525780308,729.93000,730.37000
1525780312,729.93000,730.40000
1525780313,729.93000,730.36000
1525780316,729.93000,730.33000
1525772048,742.17000,743.43000
1525780319,729.93000,730.00000
1525780323,729.93000,729.97000
1525780325,729.93000,729.96000
1525780330,729.93000,729.97000
1525780333,729.93000,729.99000
1525780334,729.93000,730.00000
1525771581,746.68000,747.72000
1525780336,729.94000,730.00000
1525774231,742.50000,743.43000
1525780342,729.94000,730.39000
1525780343,729.95000,730.39000
1525780344,729.95000,729.97000
1525780349,729.95000,730.39000
1525780350,729.95000,730.39000
1525780351,730.20000,730.39000
1525780352,730.20000,730.87000
1525780354,730.21000,730.87000
1525780355,730.80000,730.87000
1525780357,730.80000,731.96000
1525780359,730.90000,731.96000
1525780360,730.90000,732.41000
1525780361,731.20000,732.41000
1525780363,731.20000,732.45000
1525780366,731.20000,732.54000
1525780368,731.21000,731.90000
1525780371,731.24000,731.90000
1525780376,731.30000,731.90000
1525780377,731.31000,731.90000
1525780381,731.32000,731.90000
1525780384,731.33000,731.90000
1525780388,731.33000,732.57000
1525780389,731.90000,732.57000
1525780391,731.90000,733.11000
1525780392,731.91000,732.80000
1525780393,731.91000,732.56000
1525780394,731.91000,732.80000
1525780396,731.93000,732.80000
1525780401,732.00000,732.80000
1525780408,732.03000,732.80000
1525780411,732.00000,732.80000
1525780415,732.00000,732.04000
1525780420,732.03000,732.04000
1525780423,732.00000,733.34000
1525780426,732.00000,733.38000
1525780427,732.00000,732.25000
1525780429,732.01000,732.25000
1525804365,738.93000,740.47000
1525780435,732.01000,733.18000
1525780438,732.01000,732.24000
1525780439,732.02000,732.66000
1525780440,732.02000,732.23000
1525780443,732.02000,732.68000
1525780444,732.05000,732.68000
1525780446,732.03000,732.68000
1525780447,732.08000,732.68000
1525780450,732.03000,732.68000
1525780452,732.11000,732.68000
1525780455,732.11000,732.60000
1525780456,732.03000,732.60000
1525780458,732.14000,732.60000
1525780460,732.04000,732.60000
1525780461,732.06000,732.60000
1525780466,732.04000,732.60000
1525780469,732.09000,732.60000
1525780472,732.00000,732.60000
1525780474,732.00000,732.42000
1525780475,730.82000,731.07000
1525780479,730.81000,731.07000
1525780481,730.39000,731.06000
1525780482,730.39000,731.04000
1525780484,730.39000,731.14000
1525780486,730.40000,731.11000
1525780489,730.41000,731.11000
1525780490,730.41000,731.10000
1525780492,730.41000,731.11000
1525780493,730.41000,731.09000
1525780494,730.41000,731.14000
1525780500,730.41000,730.59000
1525780504,730.60000,731.80000
1525780505,730.60000,731.61000
1525780506,730.61000,731.61000
1525780516,730.64000,731.61000
1525780521,730.70000,731.80000
1525780522,730.72000,731.80000
1525780527,730.75000,731.80000
1525780529,730.93000,731.80000
1525780530,730.93000,731.79000
1525780533,730.94000,731.79000
1525780534,731.00000,731.79000
1525780536,731.50000,731.79000
1525780539,731.50000,732.52000
1525780540,731.03000,732.52000
1525780541,731.06000,732.05000
1525780542,731.06000,732.68000
1525780544,731.41000,732.23000
1525780548,731.41000,732.22000
1525771617,747.29000,748.17000
1525780553,731.42000,732.22000
1525780554,731.44000,732.22000
1525780558,731.42000,732.22000
1525780561,731.47000,732.22000
1525780564,731.48000,732.22000
1525780569,731.48000,731.99000
1525780571,731.50000,731.99000
1525771621,747.30000,748.10000
1525780577,731.51000,731.99000
1525780578,731.51000,732.67000
1525780580,731.51000,732.10000
1525780581,731.52000,732.06000
1525780583,731.52000,732.10000
1525780584,730.86000,731.01000
1525780585,730.78000,731.01000
1525780586,730.77000,731.01000
1525780590,730.76000,731.01000
1525780595,730.77000,731.01000
1525780602,730.77000,731.00000
1525780608,730.77000,731.01000
1525780610,730.73000,731.01000
1525780611,730.78000,731.00000
1525780612,730.73000,730.84000
1525780614,730.73000,730.78000
1525780615,730.73000,730.84000
1525780618,730.73000,731.00000
1525780619,730.73000,730.83000
1525780621,730.00000,730.83000
1525780622,730.00000,730.82000
1525771629,747.30000,748.16000
1525780624,730.00000,730.40000
1525780632,730.00000,730.81000
1525780634,730.00000,730.40000
1525771631,747.33000,748.11000
1525780641,730.00000,730.39000
1525780652,730.00000,730.40000
1525780659,730.01000,730.39000
1525780662,730.01000,730.40000
1525806761,749.01000,749.58000
1525780668,730.00000,730.40000
1525780674,730.00000,730.39000
1525780695,729.93000,730.38000
1525780696,729.13000,730.39000
1525780697,729.13000,730.20000
1525780700,729.14000,730.20000
1525780703,729.14000,730.18000
1525780706,729.15000,730.18000
1525780707,729.15000,730.00000
1525780711,729.14000,729.99000
1525780714,729.12000,729.99000
1525780715,729.15000,729.99000
1525780721,729.15000,729.60000
1525780724,729.15000,729.59000
1525780725,729.15000,729.60000
1525780726,729.15000,729.98000
1525780727,729.15000,729.59000
1525780728,729.12000,729.59000
1525780731,729.12000,729.16000
1525780735,728.07000,728.64000
1525780738,728.07000,728.63000
1525780744,728.08000,728.63000
1525780746,728.07000,728.63000
1525780749,728.07000,728.30000
1525780750,727.74000,728.63000
1525780751,728.08000,728.63000
1525780752,728.08000,728.64000
1525780754,728.40000,728.62000
1525804419,741.01000,742.80000
1525780758,728.40000,728.55000
1525780759,728.41000,728.55000
1525780760,728.41000,728.64000
1525771652,746.70000,747.85000
1525780767,728.41000,728.62000
1525780774,728.42000,728.62000
1525780778,727.69000,728.10000
1525780781,728.00000,728.10000
1525780783,728.01000,728.10000
1525780784,728.20000,728.61000
1525780795,727.68000,728.40000
1525780796,728.00000,728.40000
1525780799,727.68000,728.40000
1525771659,746.70000,747.83000
1525780805,727.68000,728.59000
1525780806,727.68000,728.40000
1525780807,727.61000,728.40000
1525780812,727.71000,728.39000
1525780816,727.61000,728.39000
1525780817,727.74000,728.20000
1525773359,738.41000,739.18000
1525780820,727.61000,728.20000
1525780821,727.61000,728.20000
1525780822,727.61000,728.03000
1525780823,727.61000,727.86000
1525780831,727.20000,727.85000
1525780833,727.00000,727.83000
1525780834,727.23000,727.83000
1525780835,727.23000,727.80000
1525780836,726.66000,726.90000
1525780837,726.66000,727.00000
1525780838,726.66000,726.95000
1525780839,726.66000,726.94000
1525780841,726.66000,726.74000
1525780844,726.66000,726.74000
1525780845,726.66000,726.73000
1525780848,726.66000,726.72000
1525780851,725.00000,726.71000
1525780852,724.70000,726.30000
1525780854,725.01000,726.30000
1525780856,725.20000,726.30000
1525780857,725.20000,726.20000
1525798975,732.06000,732.90000
1525780861,724.52000,726.19000
1525780862,724.52000,726.10000
1525780863,724.53000,726.10000
1525780865,724.13000,726.10000
1525780867,725.20000,726.09000
1525780868,725.20000,726.08000
1525780871,724.54000,726.08000
1525780872,724.54000,726.00000
1525780874,724.66000,726.00000
1525780875,724.55000,725.97000
1525780877,724.70000,725.97000
1525780878,724.70000,725.96000
1525804440,742.60000,742.79000
1525780882,724.70000,725.95000
1525780883,724.71000,725.91000
1525780886,724.71000,725.70000
1525780887,724.72000,725.70000
1525780888,724.72000,725.69000
1525780889,724.72000,725.20000
1525780891,724.20000,724.48000
1525780895,723.16000,724.48000
1525780896,723.16000,723.38000
1525780897,723.17000,724.20000
1525780899,723.16000,724.00000
1525780901,722.76000,723.16000
1525780903,722.63000,723.16000
1525780904,722.63000,722.95000
1525780905,722.35000,723.15000
1525780906,722.21000,722.94000
1525780907,722.64000,722.94000
1525780909,722.64000,722.93000
1525780910,723.16000,723.60000
1525780914,723.16000,723.59000
1525780915,723.16000,723.40000
1525780917,722.64000,723.00000
1525780918,722.40000,723.00000
1525780919,722.40000,722.64000
1525780921,722.40000,723.00000
1525780922,722.50000,722.63000
1525780923,722.50000,722.63000
1525780924,722.40000,722.63000
1525780926,722.40000,722.80000
1525780927,722.40000,723.59000
1525780928,722.40000,722.79000
1525780929,722.40000,722.63000
1525780932,722.40000,722.62000
1525780933,722.51000,722.62000
1525780935,722.51000,722.61000
1525780937,721.21000,722.61000
1525780939,721.39000,722.61000
1525780940,721.43000,722.50000
1525780941,722.00000,722.61000
1525780944,722.52000,722.58000
1525780947,722.52000,722.57000
1525780948,721.43000,722.57000
1525780949,722.01000,722.62000
1525780950,722.01000,722.26000
1525780951,722.01000,722.57000
1525780952,722.58000,722.62000
1525780953,722.03000,722.62000
1525780955,722.03000,722.62000
1525780956,721.05000,722.61000
1525780957,721.50000,722.61000
1525780960,721.06000,722.61000
1525780961,721.21000,722.61000
1525780962,722.15000,722.61000
1525780963,722.15000,722.60000
1525780967,721.21000,722.40000
1525780968,720.89000,721.00000
1525780970,720.90000,721.00000
1525771687,746.72000,747.56000
1525780973,720.91000,721.00000
1525780975,720.91000,720.99000
1525780976,720.90000,720.99000
1525780977,720.90000,721.00000
1525780979,720.89000,720.98000
1525780981,720.89000,720.96000
1525780984,720.16000,720.89000
1525780986,720.17000,720.89000
1525780989,720.17000,720.80000
1525780990,720.18000,720.80000
1525780991,720.17000,720.80000
1525780993,720.16000,720.80000
1525780994,720.16000,720.77000
1525780999,720.16000,720.76000
1525781000,720.16000,720.77000
1525781001,720.00000,720.77000
1525781009,720.85000,720.87000
1525781011,720.85000,720.97000
1525781013,720.98000,721.00000
1525781019,720.98000,720.99000
1525781020,721.00000,721.56000
1525781021,720.98000,720.99000
1525781022,720.85000,720.99000
1525781027,720.85000,720.96000
1525781032,720.17000,720.85000
1525781035,720.17000,720.84000
1525781040,720.18000,720.84000
1525781042,720.17000,720.84000
1525771699,746.71000,746.99000
1525781044,720.17000,720.81000
1525781047,720.18000,720.81000
1525781048,720.17000,720.81000
1525771700,746.71000,746.98000
1525781052,720.17000,720.78000
1525775555,742.30000,743.22000
1525781059,720.18000,720.78000
1525781060,720.18000,720.60000
1525771702,746.71000,746.97000
1525799009,731.52000,731.80000
1525781068,720.63000,720.64000
1525781069,720.18000,720.64000
1525781070,720.19000,720.57000
1525781071,720.17000,720.64000
1525781072,720.17000,720.64000
1525781074,720.17000,720.50000
1525781075,720.18000,720.55000
1525781077,720.18000,720.77000
1525781083,720.18000,720.60000
1525781084,720.19000,720.60000
1525781089,720.21000,720.60000
1525781092,720.21000,720.77000
1525781094,720.60000,720.77000
1525781095,720.22000,720.57000
1525781097,720.22000,720.50000
1525781104,720.17000,720.50000
1525781105,720.22000,720.30000
1525781106,720.17000,720.30000
1525781108,720.17000,720.29000
1525781109,720.23000,720.29000
1525781110,720.23000,720.30000
1525781111,720.23000,720.36000
1525781112,720.30000,720.36000
1525781113,720.51000,720.77000
1525781114,720.30000,720.85000
1525781117,720.47000,720.85000
1525781118,720.91000,720.98000
1525781119,720.91000,721.17000
1525781120,720.99000,721.17000
1525781121,723.05000,723.16000
1525781122,722.84000,723.20000
1525781123,722.84000,723.15000
1525781124,721.83000,723.15000
1525781125,723.32000,723.87000
1525781126,723.32000,723.51000
1525781129,723.05000,723.51000
1525781130,722.23000,723.32000
1525781132,723.40000,723.59000
1525781133,723.64000,723.86000
1525781134,723.40000,723.86000
1525781136,723.41000,723.86000
1525781139,723.41000,723.87000
1525781140,723.57000,723.87000
1525781143,723.57000,723.89000
1525781144,723.57000,723.83000
1525781147,723.81000,723.83000
1525781149,723.81000,724.40000
1525781152,723.44000,724.40000
1525781154,723.57000,724.40000
1525781155,723.60000,724.40000
1525781157,723.60000,725.60000
1525781158,724.09000,724.90000
1525781159,724.09000,725.60000
1525781160,724.09000,725.59000
1525781162,724.09000,725.37000
1525781165,724.20000,725.37000
1525781168,724.20000,725.30000
1525781171,724.21000,725.30000
1525781172,724.21000,725.20000
1525781175,724.21000,725.30000
1525781176,724.39000,724.91000
1525781178,722.97000,724.90000
1525781181,722.31000,724.60000
1525781183,722.31000,724.35000
1525781184,723.20000,724.35000
1525798264,733.60000,733.68000
1525781186,724.31000,724.34000
1525781189,723.20000,724.34000
1525781192,722.32000,724.31000
1525781194,722.60000,724.10000
1525781195,722.65000,724.10000
1525781199,722.90000,724.10000
1525781200,722.90000,724.24000
1525781202,722.90000,724.23000
1525781204,724.10000,724.23000
1525781210,722.90000,724.10000
1525781213,722.90000,724.22000
1525781214,722.91000,724.22000
1525781215,723.20000,724.22000
1525781217,723.20000,724.21000
1525781222,723.20000,724.13000
1525781223,723.20000,724.19000
1525781225,723.21000,724.19000
1525781229,723.21000,724.22000
1525781231,723.21000,724.18000
1525781233,723.21000,723.94000
1525781234,723.24000,723.94000
1525781239,723.24000,723.93000
1525781240,723.24000,723.91000
1525781244,723.24000,724.22000
1525781247,723.24000,723.88000
1525781251,723.24000,724.21000
1525781252,723.25000,724.22000
1525781254,723.50000,724.20000
1525781255,723.50000,723.85000
1525781261,723.50000,724.20000
1525781262,723.25000,724.20000
1525781263,723.25000,724.20000
1525781264,722.63000,723.10000
1525804504,743.31000,745.85000
1525781269,722.80000,723.10000
1525781273,722.80000,723.07000
1525771738,746.02000,746.94000
1525781281,722.80000,723.10000
1525781282,722.81000,723.10000
1525781283,722.64000,723.10000
1525781286,722.61000,723.10000
1525781287,722.61000,723.10000
1525766279,758.71000,759.44000
1525771741,746.03000,746.94000
1525781297,722.61000,723.09000
1525781298,720.94000,723.09000
1525781299,721.72000,723.09000
1525781300,721.74000,723.09000
1525781301,721.74000,723.08000
1525781302,722.40000,723.08000
1525781306,722.40000,723.09000
1525781308,721.72000,723.09000
1525781309,721.73000,723.09000
1525781310,721.74000,723.09000
1525781312,722.43000,723.09000
1525781320,721.88000,723.09000
1525781321,721.72000,723.09000
1525781322,721.94000,723.09000
1525781324,722.50000,723.09000
1525781327,723.09000,723.10000
1525781329,722.50000,723.10000
1525781331,722.51000,723.10000
1525781332,722.53000,723.10000
1525781339,722.60000,723.10000
1525781342,722.61000,723.10000
1525781346,722.62000,723.10000
1525771750,746.06000,746.67000
1525781352,722.70000,723.10000
1525781356,722.77000,723.10000
1525781357,722.80000,723.10000
1525781358,722.10000,723.10000
1525781359,722.70000,723.10000
1525781360,722.78000,723.10000
1525774265,742.70000,743.33000
1525781365,723.00000,723.10000
1525781367,723.00000,724.22000
1525781369,723.01000,724.22000
1525781370,723.01000,724.20000
1525781375,723.02000,724.20000
1525781376,723.02000,723.61000
1525781377,723.30000,723.61000
1525781378,723.47000,723.61000
1525781385,723.95000,724.00000
1525774266,742.70000,743.31000
1525781393,723.95000,723.99000
1525781395,723.95000,723.96000
1525781399,723.95000,724.00000
1525781406,723.03000,724.00000
1525781407,723.31000,724.00000
1525781411,723.60000,724.00000
1525781413,723.60000,723.99000
1525781419,723.33000,723.99000
1525781420,723.33000,723.98000
1525781428,723.33000,724.00000
1525781429,723.36000,724.00000
1525781430,723.36000,723.99000
1525781435,723.33000,723.99000
1525781437,723.39000,724.00000
1525781438,723.40000,724.00000
1525781439,724.11000,725.28000
1525781440,724.63000,725.38000
1525781441,724.70000,725.38000
1525781442,724.63000,725.38000
1525781443,724.98000,725.38000
1525781444,725.01000,725.38000
1525781446,725.02000,725.38000
1525781447,725.10000,725.94000
1525781448,725.74000,725.94000
1525781449,726.10000,726.40000
1525781450,726.10000,726.42000
1525781452,725.94000,727.82000
1525781453,725.94000,726.41000
1525781454,726.39000,726.41000
1525781456,726.40000,728.91000
1525781457,726.40000,728.90000
1525781458,726.95000,728.90000
1525781459,727.14000,728.90000
1525781461,728.49000,728.90000
1525781462,728.49000,728.89000
1525781463,728.49000,728.70000
1525781464,727.15000,728.49000
1525781465,727.95000,728.49000
1525781467,727.16000,727.95000
1525781471,727.30000,728.91000
1525781472,727.30000,728.70000
1525781475,727.31000,728.50000
1525781476,727.31000,727.95000
1525781480,727.16000,727.30000
1525781482,727.16000,727.95000
1525781483,726.19000,727.25000
1525781484,726.42000,727.25000
1525781488,726.20000,727.25000
1525781490,726.21000,727.52000
1525781491,726.21000,727.24000
1525781495,726.84000,727.24000
1525781498,726.30000,727.21000
1525781499,726.91000,727.21000
1525781502,726.92000,727.21000
1525781505,726.92000,727.96000
1525781506,727.31000,727.96000
1525781507,727.31000,727.90000
1525781509,726.92000,727.90000
1525781510,726.93000,727.90000
1525781511,727.26000,727.90000
1525781514,726.97000,727.90000
1525781515,726.97000,727.26000
1525781520,726.97000,727.95000
1525781526,726.97000,727.95000
1525781529,727.22000,727.95000
1525781531,726.98000,727.95000
1525771781,746.03000,746.46000
1525781536,726.98000,728.34000
1525781537,726.98000,727.94000
1525781540,727.00000,727.94000
1525781541,727.00000,728.37000
1525781542,727.00000,728.36000
1525781543,727.01000,728.36000
1525781546,727.03000,728.30000
1525781549,727.04000,728.30000
1525781550,727.04000,728.36000
1525781555,727.04000,728.30000
1525781556,726.98000,728.30000
1525781557,727.05000,728.30000
1525781560,727.06000,728.30000
1525781561,728.36000,728.74000
1525781563,728.36000,728.86000
1525781564,728.36000,728.40000
1525781567,728.36000,728.39000
1525781571,728.36000,728.40000
1525781572,728.37000,729.22000
1525781573,728.37000,729.21000
1525781575,728.37000,729.21000
1525781577,728.37000,729.08000
1525781583,728.40000,729.08000
1525781589,728.38000,729.72000
1525781591,728.43000,729.72000
1525781592,728.43000,729.07000
1525772067,742.30000,743.48000
1525771791,746.08000,746.46000
1525781597,727.03000,727.67000
1525781598,727.04000,727.67000
1525781599,727.04000,729.06000
1525781601,727.05000,729.05000
1525774273,742.73000,743.00000
1525781604,727.70000,729.05000
1525781605,727.05000,729.05000
1525781606,727.06000,729.05000
1525781607,727.06000,729.04000
1525781608,727.07000,729.04000
1525781609,727.20000,729.03000
1525781610,726.19000,726.32000
1525781615,726.19000,729.03000
1525781616,726.32000,727.75000
1525781617,726.57000,727.75000
1525781619,726.57000,729.02000
1525781620,726.57000,727.74000
1525781621,726.60000,727.74000
1525781622,726.60000,727.70000
1525781624,726.60000,727.69000
1525781627,726.33000,727.69000
1525781628,726.63000,727.69000
1525781631,726.63000,727.68000
1525781632,726.98000,727.68000
1525781633,727.00000,727.68000
1525781637,727.00000,727.60000
1525772092,745.01000,745.69000
1525781641,727.03000,727.60000
1525781645,727.03000,727.60000
1525781647,727.04000,727.60000
1525781648,727.03000,727.60000
1525781649,727.04000,727.60000
1525781653,727.00000,727.60000
1525781654,727.00000,727.68000
1525781655,727.00000,728.17000
1525781656,727.00000,728.16000
1525781657,727.01000,728.16000
1525781659,727.01000,728.20000
1525781661,727.01000,727.70000
1525781662,727.03000,727.70000
1525781665,727.03000,727.69000
1525773184,738.68000,739.80000
1525781667,727.03000,728.14000
1525781668,727.03000,727.68000
1525781670,727.03000,727.70000
1525781671,727.01000,727.70000
1525781674,727.06000,727.69000
1525803736,732.79000,734.24000
1525781679,727.01000,727.69000
1525781680,727.01000,727.68000
1525781681,727.00000,727.68000
1525781682,727.02000,727.68000
1525781684,727.09000,727.68000
1525771806,746.03000,746.45000
1525781687,727.02000,727.68000
1525781688,727.02000,727.35000
1525781692,727.12000,727.35000
1525781695,727.13000,727.34000
1525781699,727.13000,727.33000
1525781704,727.13000,727.18000
1525781708,727.13000,727.17000
1525781711,727.02000,727.13000
1525781713,727.02000,727.12000
1525781714,727.03000,727.12000
1525781715,727.03000,727.11000
1525781717,725.82000,727.11000
1525781718,725.82000,727.07000
1525781719,726.10000,727.07000
1525781720,726.60000,727.07000
1525781729,726.12000,727.07000
1525781731,726.60000,727.16000
1525781732,726.50000,727.16000
1525781734,726.60000,727.16000
1525781735,726.50000,727.16000
1525781738,726.50000,727.15000
1525781739,725.73000,726.50000
1525781740,725.73000,727.15000
1525781741,726.53000,727.15000
1525781743,726.53000,727.03000
1525781746,725.90000,726.16000
1525781747,725.90000,726.70000
1525781749,725.73000,726.30000
1525781750,725.01000,726.30000
1525781751,725.01000,725.89000
1525781752,725.04000,725.89000
1525781754,725.04000,725.88000
1525781755,725.01000,725.88000
1525781758,725.00000,725.87000
1525781759,724.84000,725.00000
1525781763,724.80000,724.99000
1525781769,723.52000,724.97000
1525781771,724.80000,724.97000
1525781778,724.05000,724.97000
1525781779,723.76000,724.97000
1525781781,723.77000,724.97000
1525781782,724.30000,724.97000
1525781784,724.31000,724.97000
1525781785,724.31000,725.33000
1525781787,724.31000,725.32000
1525781788,724.33000,725.31000
1525781790,725.00000,725.31000
1525781791,725.00000,725.28000
1525781797,725.00000,725.31000
1525781804,725.28000,725.31000
1525781808,725.00000,725.27000
1525781818,723.78000,725.27000
1525781822,723.56000,725.26000
1525803741,732.81000,732.84000
1525781827,723.56000,725.21000
1525781828,723.80000,725.21000
1525781829,723.80000,725.26000
1525781835,723.83000,725.26000
1525781837,723.83000,725.25000
1525781838,723.90000,725.25000
1525781840,723.90000,725.24000
1525781841,723.90000,725.06000
1525781842,723.93000,725.06000
1525781844,723.93000,725.05000
1525781845,723.93000,725.04000
1525781846,723.93000,725.00000
1525781849,723.93000,724.99000
1525781850,723.57000,724.99000
1525781851,723.96000,724.99000
1525781854,723.57000,724.99000
1525781855,723.57000,724.98000
1525781856,723.99000,724.98000
1525781860,723.60000,724.97000
1525781861,723.60000,724.96000
1525781863,723.60000,724.98000
1525781864,723.60000,724.94000
1525781867,723.60000,724.93000
1525781869,723.60000,724.92000
1525781871,723.63000,724.91000
1525781872,723.63000,724.90000
1525781875,723.61000,724.90000
1525781876,723.61000,724.89000
1525781878,723.61000,724.88000
1525781880,723.66000,724.88000
1525781881,723.66000,724.84000
1525781885,723.57000,724.84000
1525781890,723.69000,724.83000
1525781892,723.69000,724.81000
1525781895,723.69000,724.80000
1525781897,723.57000,724.80000
1525781898,723.57000,724.78000
1525781900,723.60000,724.78000
1525781901,723.60000,724.75000
1525781903,724.00000,724.75000
1525781906,724.01000,724.75000
1525781909,724.00000,724.75000
1525781910,724.02000,724.75000
1525781911,724.02000,724.78000
1525781912,724.04000,724.78000
1525781914,724.04000,724.86000
1525781915,724.10000,724.86000
1525781916,724.10000,724.72000
1525781922,724.02000,724.72000
1525781923,724.10000,724.72000
1525781926,724.10000,724.71000
1525781928,724.20000,724.71000
1525781935,724.20000,724.68000
1525781937,724.30000,724.68000
1525781938,724.30000,724.71000
1525781941,724.60000,724.71000
1525781942,724.94000,724.95000
1525771850,745.83000,746.40000
1525781951,724.94000,725.00000
1525781962,724.95000,725.00000
1525781970,724.97000,725.00000
1525781974,724.98000,725.00000
1525781980,724.98000,724.99000
1525781981,724.98000,725.00000
1525781983,724.98000,724.99000
1525781985,724.94000,724.99000
1525771415,747.09000,747.28000
1525781998,724.02000,724.99000
1525782001,724.03000,724.99000
1525782002,724.03000,724.26000
1525782005,724.04000,724.26000
1525782013,724.05000,724.26000
1525782014,724.24000,724.26000
1525782017,724.26000,724.99000
1525782019,724.27000,724.99000
1525804630,744.90000,745.44000
1525782022,724.60000,724.99000
1525782028,724.60000,724.98000
1525782029,724.27000,724.98000
1525782032,724.50000,724.98000
1525771864,745.80000,746.40000
1525782035,724.51000,724.98000
1525782044,724.51000,724.99000
1525771866,745.89000,746.37000
1525782050,724.52000,724.99000
1525782056,724.51000,724.99000
1525782057,724.60000,724.99000
1525782061,724.60000,725.00000
1525782064,724.61000,725.00000
1525782078,724.61000,725.00000
1525782080,724.51000,725.00000
1525782081,724.62000,725.00000
1525782085,725.00000,725.55000
1525782089,725.01000,725.55000
1525771874,745.80000,746.36000
1525782095,725.02000,725.97000
1525782098,725.04000,725.97000
1525782102,725.97000,726.04000
1525782103,725.30000,726.04000
1525782104,725.97000,726.04000
1525782106,725.30000,726.04000
1525782109,725.33000,726.04000
1525782112,725.33000,726.33000
1525782114,725.31000,726.32000
1525782116,725.36000,726.66000
1525782117,725.36000,725.90000
1525782119,725.37000,725.90000
1525771879,745.80000,746.33000
1525782125,725.38000,726.40000
1525803751,732.73000,732.82000
1525782130,725.40000,725.99000
1525782134,725.41000,725.99000
1525782135,725.42000,725.99000
1525782136,725.70000,726.66000
1525782139,725.70000,726.64000
1525771882,745.80000,746.32000
1525782142,725.71000,726.64000
1525782145,725.73000,726.64000
1525782147,725.71000,726.64000
1525782149,725.74000,726.64000
1525782151,725.75000,726.64000
1525782153,725.76000,726.64000
1525782155,725.77000,726.64000
1525782158,726.50000,726.64000
1525782161,726.64000,726.66000
1525782162,726.96000,726.97000
1525771886,745.20000,745.90000
1525782168,726.96000,727.00000
1525782170,726.90000,727.00000
1525782171,726.96000,727.00000
1525782173,726.96000,727.73000
1525782174,727.10000,727.73000
1525782176,727.11000,727.73000
1525782177,727.10000,727.73000
1525782178,727.60000,727.73000
1525782179,727.60000,727.73000
1525782181,727.70000,727.73000
1525782187,727.71000,727.73000
1525782188,727.71000,729.04000
1525782191,727.72000,729.04000
1525782193,727.71000,729.04000
1525782196,728.10000,729.04000
1525782201,728.11000,729.04000
1525782202,728.13000,729.04000
1525782203,728.20000,729.04000
1525782206,729.33000,729.34000
1525771894,745.20000,745.84000
1525782217,728.21000,729.34000
1525782218,728.80000,729.34000
1525771895,745.00000,745.18000
1525782224,728.80000,729.98000
1525782226,728.60000,729.98000
1525782227,728.83000,729.98000
1525782229,728.84000,729.97000
1525773203,740.00000,740.24000
1525782237,728.90000,729.97000
1525782242,728.90000,729.96000
1525782244,729.20000,729.96000
1525782246,729.20000,730.00000
1525782247,729.20000,729.96000
1525782249,729.23000,729.96000
1525782253,729.20000,729.96000
1525782256,729.26000,729.96000
1525782257,729.30000,729.96000
1525782258,729.30000,729.95000
1525771635,746.70000,747.94000
1525771902,744.60000,745.30000
1525782265,729.29000,729.95000
1525782266,729.20000,729.95000
1525782268,729.33000,730.00000
1525782270,729.33000,729.94000
1525782272,729.33000,730.00000
1525782273,729.20000,730.00000
1525782275,729.36000,730.00000
1525782277,729.36000,729.99000
1525782279,729.36000,730.00000
1525782282,729.36000,730.00000
1525782283,729.37000,730.00000
1525782286,729.40000,730.00000
1525782291,729.41000,730.00000
1525774296,743.00000,743.28000
1525782296,729.44000,730.00000
1525782299,729.45000,730.00000
1525782302,729.50000,730.00000
1525771909,744.60000,745.29000
1525782306,729.51000,730.00000
1525771910,744.44000,745.29000
1525782311,729.51000,729.75000
1525782319,729.51000,730.00000
1525771912,744.60000,745.29000
1525782324,729.80000,730.00000
1525771913,744.60000,745.27000
1525782331,729.81000,730.00000
1525804849,743.34000,744.49000
1525782334,729.99000,730.00000
1525782356,730.00000,730.81000
1525782359,730.30000,730.81000
1525782360,730.41000,730.81000
1525782363,730.50000,730.81000
1525782364,730.42000,730.81000
1525782368,730.79000,731.48000
1525782370,730.43000,731.48000
1525782371,731.27000,731.48000
1525782372,731.27000,731.40000
1525782373,730.43000,731.40000
1525782374,730.43000,731.34000
1525782375,731.16000,731.34000
1525775390,744.60000,745.17000
1525782380,730.46000,731.16000
1525782384,730.46000,731.34000
1525782385,730.46000,731.15000
1525782386,730.81000,731.15000
1525782387,730.81000,731.34000
1525782389,730.49000,731.15000
1525782390,731.01000,731.15000
1525782391,729.99000,730.81000
1525782392,731.00000,731.14000
1525782393,729.99000,730.31000
1525782394,729.99000,731.01000
1525782395,729.99000,731.01000
1525782396,728.87000,729.99000
1525782397,729.17000,729.83000
1525782398,729.18000,729.52000
1525782399,729.18000,729.26000
1525782401,728.78000,728.87000
1525782402,728.78000,729.25000
1525782403,728.01000,729.25000
1525782404,728.30000,729.25000
1525771926,743.90000,743.98000
1525782406,728.30000,729.04000
1525782407,728.30000,728.90000
1525782411,728.30000,729.04000
1525782413,727.75000,728.82000
1525782418,727.66000,728.81000
1525771929,743.90000,743.96000
1525782425,727.66000,728.78000
1525782426,727.60000,728.78000
1525782427,727.60000,728.77000
1525782438,727.60000,728.76000
1525782441,727.60000,728.77000
1525782442,727.60000,728.74000
1525782444,727.60000,728.73000
1525782446,727.10000,728.73000
1525782447,727.90000,728.72000
1525782452,727.90000,728.70000
1525782455,727.10000,728.70000
1525782456,727.10000,728.71000
1525782457,727.20000,728.70000
1525782459,727.20000,728.69000
1525782462,727.20000,728.68000
1525782465,727.10000,728.66000
1525782469,727.20000,728.65000
1525782473,727.10000,728.64000
1525782476,727.10000,728.63000
1525782478,727.10000,728.60000
1525782485,727.60000,728.59000
1525771940,743.97000,743.98000
1525782491,727.60000,728.57000
1525782493,727.10000,728.57000
1525782496,727.50000,728.57000
1525782497,727.50000,728.56000
1525782501,727.50000,728.54000
1525782504,727.11000,728.56000
1525782505,727.11000,728.55000
1525782506,727.40000,728.55000
1525782507,727.51000,728.54000
1525782509,727.51000,728.51000
1525782511,727.40000,728.51000
1525782514,727.40000,728.54000
1525782515,727.52000,728.54000
1525782517,727.52000,728.48000
1525782521,727.52000,728.47000
1525782526,727.52000,728.46000
1525782527,727.52000,728.45000
1525782529,727.11000,728.44000
1525782530,727.12000,728.44000
1525782531,727.50000,728.44000
1525782535,727.50000,728.43000
1525782538,727.50000,728.41000
1525782539,727.12000,728.41000
1525782541,727.13000,728.41000
1525782542,727.50000,728.41000
1525782543,727.50000,728.38000
1525782546,727.51000,728.38000
1525782548,727.51000,728.40000
1525771950,743.30000,743.94000
1525782553,727.51000,728.39000
1525782559,727.51000,728.38000
1525782560,727.51000,728.36000
1525771952,743.33000,743.93000
1525782562,727.51000,728.41000
1525782563,727.51000,728.35000
1525782565,727.54000,728.35000
1525782566,727.55000,728.35000
1525782568,727.55000,728.41000
1525782569,727.55000,728.43000
1525782570,727.54000,728.43000
1525782572,727.21000,728.43000
1525782574,727.21000,728.40000
1525782576,727.50000,728.40000
1525782580,727.50000,728.39000
1525782582,727.51000,728.39000
1525782583,727.53000,728.39000
1525782590,727.54000,728.39000
1525782592,727.55000,728.39000
1525782597,727.57000,728.39000
1525782600,727.56000,728.39000
1525782603,727.70000,728.39000
1525782606,727.71000,728.39000
1525799267,732.46000,732.89000
1525782613,727.80000,728.39000
1525782614,727.80000,729.00000
1525782617,727.81000,728.05000
1525782621,727.83000,728.05000
1525799269,732.46000,732.88000
1525782625,727.84000,728.05000
1525782626,728.00000,728.05000
1525771963,742.44000,743.92000
1525782630,728.01000,728.05000
1525782631,728.04000,728.05000
1525782633,728.04000,728.99000
1525782637,728.40000,728.99000
1525771965,742.44000,743.91000
1525782641,728.40000,728.55000
1525782643,728.41000,728.55000
1525771966,743.20000,743.91000
1525782648,728.42000,728.55000
1525782649,728.42000,728.99000
1525782650,729.00000,730.00000
1525782652,729.01000,730.00000
1525782653,729.02000,730.00000
1525782657,729.03000,730.00000
1525782658,729.03000,730.09000
1525782659,729.03000,730.48000
1525782661,729.04000,730.05000
1525782665,729.03000,730.05000
1525782666,729.03000,730.47000
1525782667,729.07000,730.47000
1525782671,729.08000,730.47000
1525782673,729.10000,730.47000
1525782674,729.10000,730.19000
1525782676,729.11000,730.19000
1525782679,729.11000,729.21000
1525782684,729.12000,729.21000
1525773218,738.40000,739.69000
1525782688,729.12000,730.23000
1525782690,729.13000,730.23000
1525782691,729.14000,730.23000
1525782694,729.15000,730.68000
1525782695,729.15000,730.26000
1525782700,729.17000,730.26000
1525782701,729.17000,730.26000
1525782702,729.18000,730.26000
1525782705,729.19000,730.26000
1525782713,729.19000,730.39000
1525782714,729.22000,730.39000
1525782715,729.22000,730.68000
1525782716,729.23000,730.34000
1525771978,742.90000,743.90000
1525782721,729.23000,730.33000
1525782725,729.23000,730.40000
1525782729,729.23000,730.94000
1525782730,729.23000,730.44000
1525782733,729.26000,730.44000
1525782737,729.26000,730.46000
1525782739,729.23000,730.46000
1525782743,729.23000,730.60000
1525782744,729.29000,730.46000
1525782749,729.24000,730.46000
1525782750,729.24000,730.50000
1525782751,729.23000,730.50000
1525782756,729.23000,730.52000
1525782757,729.23000,730.92000
1525782758,729.23000,730.55000
1525782759,729.26000,730.55000
1525782762,729.26000,730.54000
1525782764,729.23000,730.54000
1525771986,742.33000,743.87000
1525782767,729.29000,730.54000
1525782771,729.30000,730.54000
1525773166,739.85000,740.50000
1525782775,729.32000,730.54000
1525782777,729.19000,730.54000
1525782779,729.33000,730.53000
1525782781,729.19000,730.53000
1525782782,729.36000,730.53000
1525782784,729.36000,730.52000
1525782785,729.19000,730.52000
1525782787,729.39000,730.52000
1525782789,729.20000,730.52000
1525782792,729.23000,730.52000
1525782793,729.23000,730.53000
1525782797,729.24000,730.52000
1525782801,729.25000,730.52000
1525782806,729.28000,730.52000
1525782807,729.28000,730.50000
1525782810,729.29000,730.50000
1525782812,729.30000,730.50000
1525782815,729.31000,730.49000
1525782817,729.34000,730.49000
1525771995,742.34000,743.86000
1525782822,729.33000,730.49000
1525782829,729.34000,730.49000
1525782830,729.36000,730.49000
1525782834,729.36000,730.48000
1525782835,729.37000,730.48000
1525782837,729.39000,730.48000
1525782840,729.37000,730.48000
1525782842,729.40000,730.48000
1525782843,729.42000,730.48000
1525773812,742.43000,742.98000
1525782847,729.40000,730.48000
1525782848,729.45000,730.48000
1525772000,742.34000,743.70000
1525782851,729.40000,730.48000
1525782853,729.48000,730.48000
1525782856,729.40000,730.48000
1525782857,729.51000,730.48000
1525782860,729.36000,730.49000
1525782861,729.41000,730.49000
1525782863,729.54000,730.49000
1525782866,729.41000,729.54000
1525782867,729.41000,730.49000
1525782868,729.57000,730.49000
1525782869,729.41000,730.49000
1525782872,729.41000,730.48000
1525782873,729.41000,730.49000
1525782875,729.36000,730.47000
1525782876,729.36000,730.49000
1525782879,729.39000,730.48000
1525782881,729.39000,729.92000
1525782883,729.11000,729.92000
1525782885,729.06000,729.92000
1525782888,729.12000,729.92000
1525782890,729.12000,729.89000
1525772007,742.34000,743.33000
1525782892,729.06000,729.89000
1525766546,758.74000,759.00000
1525782895,729.06000,729.86000
1525782898,729.06000,730.00000
1525782899,729.06000,729.26000
1525782901,729.06000,729.99000
1525771413,746.28000,747.28000
1525782920,729.07000,729.99000
1525782921,729.07000,729.98000
1525782925,728.68000,729.98000
1525782926,728.68000,729.97000
1525782927,728.01000,728.67000
1525782928,728.02000,729.07000
1525782929,728.00000,729.07000
1525782930,728.00000,728.67000
1525782931,728.00000,728.67000
1525782932,726.80000,728.67000
1525782934,727.11000,728.66000
1525782935,727.11000,728.66000
1525782936,728.01000,728.20000
1525772015,741.00000,743.40000
1525782940,728.01000,728.19000
1525782942,726.82000,728.17000
1525782943,726.82000,728.00000
1525782944,726.83000,728.00000
1525772016,741.01000,743.44000
1525782947,726.83000,727.00000
1525782948,726.82000,727.00000
1525782949,726.72000,726.99000
1525782952,726.72000,726.99000
1525782953,726.51000,726.99000
1525782954,726.51000,726.90000
1525782955,726.01000,726.99000
1525782956,726.03000,726.99000
1525782957,726.04000,726.82000
1525782958,726.04000,726.99000
1525782961,726.04000,726.98000
1525782962,726.01000,726.99000
1525782963,726.01000,726.90000
1525772020,741.02000,743.29000
1525782972,725.91000,726.90000
1525782976,725.91000,726.87000
1525782978,725.91000,726.88000
1525782979,725.91000,726.87000
1525782980,725.80000,726.87000
1525782987,725.80000,726.86000
1525782989,726.00000,726.86000
1525782993,726.03000,726.88000
1525782994,726.03000,726.84000
1525782997,726.03000,726.83000
1525782998,726.00000,726.83000
1525783002,726.06000,726.83000
1525783010,726.06000,726.82000
1525790687,732.00000,732.86000
1525783015,726.06000,726.81000
1525783018,726.06000,726.80000
1525783020,726.00000,726.80000
1525783022,726.03000,726.80000
1525783023,726.00000,726.80000
1525783025,726.00000,726.78000
1525783027,726.00000,726.79000
1525783028,726.00000,726.77000
1525783032,726.00000,726.74000
1525783034,726.00000,726.77000
1525783035,726.01000,726.77000
1525783037,726.01000,726.71000
1525783041,726.01000,726.76000
1525783042,725.80000,726.76000
1525783043,725.80000,726.77000
1525783046,725.80000,726.68000
1525783047,725.81000,726.77000
1525783048,725.81000,726.74000
1525783050,725.82000,726.77000
1525783052,725.82000,726.71000
1525783055,725.82000,726.70000
1525783056,725.82000,726.68000
1525783057,725.84000,726.68000
1525772295,744.00000,745.29000
1525783065,725.84000,726.67000
1525783070,725.84000,726.68000
1525783071,725.84000,726.67000
1525783076,725.84000,726.00000
1525783079,725.82000,726.00000
1525783085,725.51000,725.78000
1525783088,725.52000,725.78000
1525783096,725.52000,726.00000
1525783102,726.00000,726.67000
1525783103,725.52000,726.67000
1525783106,725.70000,726.67000
1525783107,725.70000,726.68000
1525783110,726.30000,726.68000
1525783111,726.60000,726.68000
1525783116,726.60000,728.67000
1525783117,728.79000,728.82000
1525783120,727.81000,728.82000
1525783121,727.81000,728.80000
1525783124,727.81000,729.20000
1525783125,727.82000,729.20000
1525783126,727.82000,729.19000
1525783127,727.82000,729.10000
1525783128,727.82000,729.02000
1525783129,727.85000,729.02000
1525783131,727.85000,729.01000
1525783132,728.20000,729.01000
1525783137,728.23000,729.01000
1525783139,728.23000,729.00000
1525783141,727.82000,729.01000
1525783143,728.00000,729.01000
1525783145,728.00000,729.00000
1525783147,728.01000,729.00000
1525783148,728.26000,729.00000
1525783151,728.26000,728.99000
1525783152,728.01000,728.99000
1525783153,728.01000,729.00000
1525783155,728.10000,729.00000
1525783159,728.10000,729.15000
1525783160,728.10000,728.99000
1525772052,742.18000,742.25000
1525783162,728.04000,728.99000
1525783164,728.10000,728.99000
1525783171,728.13000,728.99000
1525783173,728.13000,729.15000
1525783174,728.13000,728.98000
1525783178,728.10000,728.98000
1525783179,728.11000,728.98000
1525783181,728.14000,728.98000
1525783189,728.14000,728.97000
1525783190,728.15000,728.97000
1525783194,728.16000,728.97000
1525783196,728.18000,728.97000
1525772058,742.29000,743.48000
1525783199,728.19000,728.97000
1525783200,728.19000,728.58000
1525783201,728.20000,728.58000
1525783208,728.19000,728.58000
1525783212,728.19000,729.09000
1525783214,728.20000,729.09000
1525783219,728.20000,728.42000
1525783220,728.19000,728.42000
1525783222,728.23000,728.42000
1525783225,728.19000,728.42000
1525783232,728.19000,729.09000
1525783237,728.20000,728.30000
1525783243,728.20000,729.09000
1525783245,728.19000,729.09000
1525783246,728.23000,729.09000
1525799373,732.49000,732.86000
1525783251,728.20000,729.09000
1525766606,758.60000,758.95000
1525783254,728.21000,729.09000
1525783255,728.22000,729.09000
1525783256,728.60000,729.09000
1525783257,728.60000,729.10000
1525783263,728.61000,729.10000
1525783265,728.61000,729.09000
1525783266,728.80000,729.09000
1525783269,729.89000,730.00000
1525783270,728.81000,730.00000
1525783271,729.00000,730.00000
1525783273,729.01000,730.00000
1525783276,729.10000,730.00000
1525772072,743.62000,743.91000
1525783282,729.13000,730.00000
1525783284,729.12000,730.00000
1525783285,729.20000,730.00000
1525772073,743.62000,743.91000
1525783289,729.21000,730.00000
1525783294,729.22000,730.00000
1525783295,729.50000,730.00000
1525783301,729.51000,730.00000
1525783302,729.52000,730.00000
1525783307,729.52000,729.99000
1525783309,729.52000,729.98000
1525783316,729.54000,729.98000
1525783324,729.52000,729.98000
1525783326,729.52000,729.97000
1525783331,729.52000,729.98000
1525772081,745.01000,745.88000
1525783337,729.52000,729.98000
1525783338,729.53000,729.98000
1525797611,733.42000,733.52000
1525772084,745.01000,745.70000
1525783370,729.53000,730.00000
1525783372,729.53000,729.97000
1525783377,729.52000,729.97000
1525772150,745.46000,746.02000
1525783382,729.52000,729.96000
1525766630,758.52000,758.61000
1525783399,729.52000,729.95000
1525783401,728.92000,729.20000
1525783402,728.83000,729.20000
1525783404,728.83000,729.19000
1525783409,728.83000,729.18000
1525783411,728.83000,729.17000
1525783415,728.84000,729.17000
1525772096,745.11000,745.68000
1525783429,728.84000,729.16000
1525783430,728.84000,729.18000
1525783432,728.49000,729.17000
1525783434,728.49000,729.16000
1525799405,732.11000,732.99000
1525783440,728.49000,729.18000
1525783441,728.52000,729.18000
1525783443,728.49000,729.18000
1525783444,728.55000,729.18000
1525783447,728.53000,729.18000
1525783452,728.58000,729.18000
1525783455,728.53000,729.18000
1525783457,728.53000,729.00000
1525783462,728.52000,729.00000
1525783464,728.54000,729.00000
1525772104,745.14000,746.09000
1525783474,728.49000,729.00000
1525783475,728.55000,729.00000
1525783485,728.49000,729.00000
1525783496,728.50000,729.00000
1525783500,728.51000,729.00000
1525783505,728.50000,729.00000
1525783511,728.50000,728.75000
1525783512,728.50000,728.75000
1525783521,728.51000,728.75000
1525783522,728.51000,729.00000
1525783525,728.40000,728.50000
1525783528,728.39000,728.42000
1525783529,728.41000,728.42000
1525783535,728.39000,728.50000
1525783537,728.39000,729.00000
1525783540,728.39000,728.41000
1525783548,728.39000,729.00000
1525772117,745.40000,746.08000
1525783552,728.39000,728.99000
1525783555,728.39000,728.98000
1525783559,728.40000,728.98000
1525783560,728.42000,728.98000
1525783562,728.40000,728.98000
1525783564,728.43000,728.99000
1525783571,728.43000,729.00000
1525783574,728.40000,729.00000
1525783575,728.40000,728.97000
1525783594,728.40000,728.99000
1525783596,728.40000,728.94000
1525783599,728.68000,728.99000
1525783601,728.80000,728.99000
1525783602,728.81000,729.00000
1525783603,730.51000,730.52000
1525783604,730.48000,730.52000
1525783605,729.42000,730.52000
1525783606,729.80000,730.52000
1525783607,729.80000,730.95000
1525783608,729.85000,730.95000
1525783609,729.85000,730.51000
1525783611,730.10000,730.51000
1525783612,730.10000,731.04000
1525783613,730.10000,731.32000
1525783615,730.10000,731.31000
1525783616,729.80000,731.00000
1525783618,730.10000,731.31000
1525783620,730.11000,731.30000
1525783622,730.10000,731.30000
1525783623,730.13000,731.29000
1525783625,730.10000,731.29000
1525783626,730.11000,731.29000
1525783627,730.40000,731.29000
1525783631,730.41000,731.29000
1525783632,730.41000,731.28000
1525783634,730.41000,731.64000
1525783635,730.44000,731.30000
1525766670,758.10000,758.51000
1525783638,730.45000,731.30000
1525783643,730.45000,731.69000
1525783646,730.48000,731.69000
1525783649,730.48000,731.88000
1525783650,730.48000,731.86000
1525783651,730.48000,731.87000
1525783652,730.51000,731.87000
1525783653,730.51000,731.19000
1525783658,730.51000,731.86000
1525783659,730.54000,731.86000
1525783661,730.54000,731.85000
1525783663,730.55000,731.85000
1525783669,730.55000,731.84000
1525783671,730.58000,731.84000
1525783673,730.56000,731.83000
1525783675,730.61000,731.84000
1525773251,740.00000,740.08000
1525783680,730.61000,731.76000
1525783684,730.61000,731.75000
1525783689,730.64000,731.74000
1525783692,731.00000,731.74000
1525783700,731.00000,731.73000
1525783701,730.63000,731.00000
1525783702,730.90000,732.60000
1525783703,731.00000,732.56000
1525783704,731.00000,732.58000
1525783705,731.00000,732.57000
1525783707,730.93000,732.40000
1525783708,730.91000,732.40000
1525783709,730.91000,732.39000
1525783710,730.92000,732.39000
1525783711,731.00000,732.39000
1525783712,731.01000,732.39000
1525783714,731.01000,732.38000
1525783715,731.01000,732.37000
1525783716,731.01000,732.37000
1525783719,731.02000,732.37000
1525783723,731.03000,732.37000
1525783725,731.04000,732.37000
1525783727,731.10000,732.37000
1525783729,731.10000,732.36000
1525783730,731.13000,732.36000
1525783731,731.30000,732.35000
1525783732,731.40000,732.35000
1525783733,731.40000,732.35000
1525783734,731.73000,731.80000
1525783737,731.80000,732.36000
1525783739,732.00000,732.36000
1525783740,732.53000,732.54000
1525783741,734.00000,734.05000
1525783742,733.40000,734.00000
1525783743,733.10000,734.04000
1525783744,734.10000,735.39000
1525783745,735.31000,736.95000
1525783746,735.31000,736.94000
1525783747,735.32000,736.94000
1525783748,735.81000,736.94000
1525783749,735.81000,736.38000
1525783752,735.90000,736.38000
1525783753,735.90000,736.93000
1525783755,735.90000,736.92000
1525783756,735.90000,736.93000
1525783757,735.90000,736.92000
1525783760,735.91000,736.91000
1525783761,735.90000,736.91000
1525783763,736.12000,736.90000
1525783768,737.66000,737.77000
1525783770,737.66000,737.76000
1525783771,736.80000,737.76000
1525783772,736.20000,737.77000
1525783773,737.70000,737.77000
1525783775,738.50000,738.70000
1525783776,737.67000,738.17000
1525783778,737.67000,738.69000
1525783779,737.67000,737.90000
1525783788,737.67000,738.40000
1525783789,737.67000,737.90000
1525783790,737.67000,738.40000
1525783792,737.67000,738.39000
1525783794,737.67000,738.10000
1525783796,737.68000,738.10000
1525783799,737.70000,738.10000
1525783802,737.70000,738.38000
1525783803,738.10000,738.52000
1525772129,745.43000,746.07000
1525783810,738.10000,738.28000
1525783835,738.11000,738.28000
1525783846,738.10000,738.28000
1525783850,738.28000,738.49000
1525783852,738.29000,738.49000
1525783854,738.30000,738.49000
1525783857,738.30000,738.97000
1525783866,738.30000,738.96000
1525783867,738.33000,738.96000
1525783870,738.34000,738.96000
1525783874,738.34000,738.95000
1525783876,738.37000,738.95000
1525783880,738.37000,738.94000
1525772172,745.46000,745.93000
1525766711,758.99000,759.00000
1525783888,738.18000,738.92000
1525783893,737.71000,738.61000
1525783895,737.71000,738.07000
1525783897,737.55000,738.06000
1525783899,737.55000,737.86000
1525783905,737.55000,737.90000
1525783906,737.55000,737.85000
1525783907,737.55000,737.60000
1525803725,732.75000,733.15000
1525783913,737.55000,737.85000
1525783914,735.43000,735.90000
1525783917,735.42000,735.90000
1525783919,735.25000,735.30000
1525783920,735.25000,735.35000
1525783921,735.15000,735.35000
1525783922,735.15000,735.70000
1525783923,735.15000,735.40000
1525783924,735.15000,735.25000
1525783926,735.01000,735.24000
1525783928,735.00000,735.23000
1525783929,734.52000,734.90000
1525783931,734.52000,734.89000
1525783934,734.52000,734.88000
1525783939,733.80000,734.88000
1525783941,734.11000,734.87000
1525783945,734.11000,734.86000
1525769464,756.25000,756.64000
1525783948,734.75000,734.86000
1525783951,734.76000,734.86000
1525783954,734.80000,734.86000
1525783955,734.99000,735.00000
1525783960,734.99000,735.49000
1525783962,735.28000,735.49000
1525772186,745.40000,745.43000
1525783967,735.28000,736.44000
1525783968,735.28000,736.13000
1525783969,735.39000,736.13000
1525783971,733.91000,736.13000
1525783972,734.45000,736.13000
1525783973,735.40000,736.13000
1525783974,735.50000,736.13000
1525783979,735.50000,737.07000
1525783981,735.50000,737.06000
1525783982,735.40000,736.86000
1525783984,735.53000,736.86000
1525783985,735.53000,736.90000
1525783986,735.40000,736.90000
1525772190,745.02000,745.41000
1525783991,735.40000,736.90000
1525783993,735.40000,736.89000
1525783994,735.56000,736.89000
1525783998,735.56000,736.88000
1525783999,735.56000,736.86000
1525772192,745.02000,745.40000
1525784004,735.40000,736.86000
1525784005,735.40000,736.85000
1525784011,735.43000,736.85000
1525784013,735.43000,736.84000
1525784014,735.43000,736.85000
1525766733,758.52000,759.00000
1525784016,735.43000,736.87000
1525784017,735.40000,736.83000
1525784018,735.40000,736.88000
1525784032,735.70000,736.88000
1525806781,747.94000,748.98000
1525784037,735.73000,736.88000
1525784041,735.73000,736.89000
1525784042,735.70000,736.89000
1525784044,735.76000,736.89000
1525784045,735.76000,737.13000
1525784046,735.76000,737.18000
1525784047,735.76000,737.26000
1525784048,735.80000,737.26000
1525784049,735.80000,737.26000
1525784050,735.81000,737.21000
1525784051,735.81000,737.18000
1525784054,735.84000,737.00000
1525784057,735.80000,736.99000
1525784065,735.83000,736.99000
1525784067,735.80000,736.99000
1525784068,735.80000,737.00000
1525784069,735.83000,737.00000
1525784071,736.40000,737.00000
1525784076,736.80000,737.00000
1525784077,736.80000,737.46000
1525784078,736.80000,737.46000
1525784079,737.20000,737.46000
1525784081,737.20000,737.26000
1525784086,737.20000,737.71000
1525784088,737.20000,737.33000
1525784089,737.27000,737.33000
1525784091,737.30000,737.33000
1525784092,738.53000,738.96000
1525784093,738.53000,739.61000
1525784095,738.54000,739.60000
1525784098,738.54000,739.07000
1525784101,738.53000,739.07000
1525784102,738.53000,739.06000
1525784104,738.57000,739.06000
1525784105,738.57000,739.05000
1525771083,751.20000,752.10000
1525784110,738.60000,739.05000
1525784111,738.60000,739.06000
1525784113,738.60000,739.00000
1525784118,738.55000,738.72000
1525784125,738.42000,738.72000
1525784126,738.42000,739.00000
1525784128,738.56000,739.00000
1525784129,738.42000,739.00000
1525784132,738.42000,738.49000
1525784134,738.42000,739.00000
1525784135,738.43000,739.00000
1525784136,738.42000,738.99000
1525784138,738.43000,738.99000
1525784141,738.46000,738.86000
1525784146,738.43000,738.98000
1525784148,738.43000,738.85000
1525784149,738.46000,738.85000
1525784151,738.46000,738.84000
1525784153,738.43000,738.84000
1525784158,738.00000,738.84000
1525784159,738.00000,738.83000
1525784160,738.00000,738.84000
1525784162,738.00000,738.83000
1525784164,738.00000,738.84000
1525784168,738.03000,738.84000
1525772220,743.62000,743.95000
1525784171,738.00000,738.84000
1525784174,738.03000,738.84000
1525784177,738.03000,738.90000
1525784179,738.03000,738.89000
1525784180,738.03000,738.83000
1525784186,738.03000,738.88000
1525784188,738.03000,738.82000
1525772224,743.63000,743.95000
1525784197,738.04000,738.82000
1525772225,743.63000,743.94000
1525784200,738.04000,738.83000
1525784201,738.03000,738.83000
1525784202,738.03000,738.82000
1525784204,738.00000,738.82000
1525784206,738.00000,738.81000
1525784209,738.00000,738.79000
1525775451,744.50000,745.14000
1525772227,743.63000,743.99000
1525784212,738.00000,738.81000
1525784214,738.00000,738.78000
1525784217,738.00000,738.80000
1525784221,738.00000,738.81000
1525784228,738.03000,738.81000
1525772230,743.63000,743.92000
1525784231,738.03000,738.76000
1525784233,738.00000,738.76000
1525784237,738.00000,738.81000
1525784238,738.00000,738.75000
1525784239,738.06000,738.54000
1525775452,744.50000,745.13000
1525784242,737.54000,738.00000
1525784243,737.54000,738.54000
1525784245,737.54000,738.70000
1525784246,737.54000,737.55000
1525784247,737.54000,738.35000
1525784248,737.54000,737.97000
1525784252,737.54000,737.96000
1525784256,737.54000,737.94000
1525784257,737.10000,737.94000
1525784258,737.10000,737.94000
1525784259,737.10000,737.93000
1525784260,737.01000,737.09000
1525784261,737.01000,737.90000
1525784262,737.01000,737.89000
1525784267,737.01000,737.50000
1525784270,737.00000,737.50000
1525784271,735.97000,737.50000
1525784273,737.00000,737.50000
1525784274,737.00000,737.53000
1525784275,737.00000,737.47000
1525784279,736.00000,737.49000
1525784280,736.00000,737.00000
1525784282,735.98000,737.00000
1525784287,735.98000,736.99000
1525784288,735.98000,736.92000
1525784292,735.98000,736.90000
1525784294,735.98000,736.89000
1525784296,735.98000,736.87000
1525784298,735.98000,736.86000
1525784299,735.98000,736.86000
1525784301,735.98000,736.85000
1525784302,736.01000,736.85000
1525766782,758.55000,759.00000
1525784312,736.01000,736.84000
1525784316,736.01000,736.85000
1525784319,736.00000,736.85000
1525784322,736.04000,736.85000
1525784325,736.04000,736.84000
1525784328,736.44000,736.84000
1525784347,736.44000,736.83000
1525784350,735.99000,736.00000
1525784355,735.68000,735.99000
1525784357,735.69000,735.99000
1525784360,735.90000,736.00000
1525784366,735.91000,736.00000
1525784369,735.68000,736.00000
1525784370,735.68000,736.00000
1525784372,735.92000,736.00000
1525802637,732.17000,733.00000
1525784381,735.68000,736.00000
1525784383,735.93000,735.99000
1525784385,735.90000,735.99000
1525784392,735.68000,735.99000
1525784394,735.69000,735.99000
1525784396,735.90000,735.99000
1525784399,735.90000,735.98000
1525784404,735.68000,735.98000
1525784405,735.68000,735.97000
1525784406,735.68000,735.98000
1525784407,735.68000,735.96000
1525784408,735.68000,736.00000
1525784410,735.80000,735.99000
1525784418,735.81000,735.98000
1525784423,735.68000,735.98000
1525784426,735.80000,735.98000
1525784427,735.80000,735.89000
1525784429,736.00000,736.72000
1525784435,736.00000,736.64000
1525803828,732.90000,734.08000
1525784440,736.03000,736.64000
1525784442,736.03000,736.71000
1525784443,736.00000,736.71000
1525784452,736.00000,736.68000
1525784457,736.00000,736.70000
1525766807,758.56000,759.00000
1525784461,736.00000,736.65000
1525784466,736.00000,736.70000
1525784469,736.00000,736.62000
1525784471,736.00000,736.61000
1525784477,736.00000,736.70000
1525784478,736.00000,736.64000
1525772272,743.66000,743.99000
1525784483,736.00000,736.58000
1525784489,735.57000,736.00000
1525784491,735.57000,736.55000
1525772187,745.40000,745.42000
1525784493,735.57000,736.54000
1525784498,735.57000,736.50000
1525784499,735.57000,736.49000
1525784502,735.57000,736.13000
1525784505,735.57000,736.48000
1525784506,735.57000,736.02000
1525766815,758.57000,759.00000
1525784511,735.57000,736.01000
1525784512,735.57000,735.90000
1525784513,735.33000,735.56000
1525784516,734.31000,735.25000
1525784517,734.32000,735.24000
1525784523,734.33000,735.24000
1525784527,734.40000,735.24000
1525784532,734.48000,735.24000
1525784533,734.48000,735.21000
1525784538,734.56000,735.21000
1525784539,734.56000,735.24000
1525784544,734.49000,735.18000
1525784546,734.60000,735.18000
1525784553,734.50000,735.18000
1525784555,734.80000,735.18000
1525784557,734.80000,735.00000
1525784562,734.61000,735.00000
1525784565,734.80000,735.00000
1525784569,734.81000,735.00000
1525784571,734.81000,734.97000
1525784576,734.81000,735.00000
1525784577,734.81000,735.24000
1525784579,734.81000,734.94000
1525784583,734.82000,734.94000
1525784584,734.82000,735.24000
1525784591,734.82000,736.41000
