time,price,volume,buy_or_sell,market_or_limit,misc
1525809154.3467,749.14000,1.00000000,s,l,
1525809156.9323,749.74000,0.24292903,b,l,
1525779857.6689,728.70000,0.05686495,b,l,
1525809160.046,749.11000,1.00000000,s,m,
1525776387.2107,744.56000,5.41366747,s,l,
1525840619.1051,719.89000,7.45240148,b,m,
1525791018.0664,733.00000,8.72219354,s,l,
1525840659.2766,719.00000,1.00000000,s,l,
1525809156.9288,749.64000,0.00000001,b,l,
1525804519.1673,745.59000,5.00000000,b,m,
1525805743.6652,746.98000,0.02300000,b,l,
1525795090.21,735.14000,0.65000000,b,l,
1525874723.755,742.00000,0.26954000,s,l,
1525885617.2338,755.11000,4.12700000,b,m,
1525890965.1396,750.66000,0.66812239,s,l,
1525874729.9149,742.10000,1.50000000,b,l,
1525768645.6038,756.71000,5.08181231,s,l,
1525875016.6315,741.94000,0.19704410,b,l,
1525802129.6734,734.93000,1.31150232,s,m,
1525835536.5892,722.49000,0.02000000,b,m,
1525809160.0492,748.90000,0.44871736,s,m,
1525809207.2082,749.70000,0.99989990,b,l,
1525874745.9168,741.08000,0.17000000,s,m,
1525809211.7177,749.99000,1.00000000,b,l,
1525874750.3174,741.20000,1.00000000,s,m,
1525896639.0683,751.00000,4.45965073,b,m,
1525778454.637,734.82000,4.00000000,b,l,
1525776395.5392,744.52000,4.22600000,s,m,
1525885509.2398,752.00000,0.11737042,b,m,
1525865065.222,744.58000,0.05300000,b,m,
1525874764.1118,742.20000,0.10000000,s,l,
1525844279.6058,718.74000,0.00000006,b,l,
1525809231.4434,749.18000,0.99989990,s,l,
1525866848.458,740.59000,0.02600000,b,m,
1525855996.0242,727.77000,0.81946867,b,l,
1525809235.073,749.13000,0.13195655,s,l,
1525809237.9408,749.12000,3.90069000,s,l,
1525874776.4691,742.20000,0.16500000,s,m,
1525809245.8312,749.00000,2.00000000,s,l,
1525809247.089,749.46000,2.08910000,b,m,
1525841936.202,721.79000,1.05877416,b,l,
1525765478.2121,759.98000,0.02400000,b,m,
1525809254.8555,748.79000,0.02200000,b,l,
1525779263.8751,732.08000,51.16111773,s,l,
1525809260.1861,748.76000,0.02300000,s,l,
1525841938.8264,721.79000,9.58700000,b,l,
1525809262.1019,749.50000,0.05946717,b,l,
1525856831.5094,729.14000,4.13900000,b,l,
1525833937.4144,733.01000,0.11188701,s,m,
1525896554.8857,750.00000,0.00000026,b,m,
1525809279.3064,749.20000,0.60000000,b,l,
1525787328.7856,730.90000,0.00051959,s,m,
1525836298.2266,723.09000,1.12427342,b,m,
1525831019.7565,744.00000,0.40000000,s,l,
1525841942.0172,721.79000,9.58700000,b,l,
1525775593.5997,743.00000,8.61654136,s,l,
1525874825.573,742.20000,0.16155726,s,l,
1525874827.3809,742.20000,0.31302000,b,l,
1525787330.9157,731.00000,4.23734894,b,l,
1525870889.3881,744.00000,1.26900000,b,l,
1525781406.6175,723.95000,5.00000000,s,l,
1525841944.5469,721.79000,0.11844778,b,l,
1525772555.8466,739.34000,0.02826243,s,m,
1525794074.7445,730.05000,0.41992672,s,l,
1525806311.1984,747.96000,0.02300000,b,m,
1525841945.9186,722.28000,0.02000000,b,l,
1525784723.1118,739.45000,0.02600000,b,m,
1525777688.3055,740.00000,0.30000000,s,m,
1525831024.5325,744.00000,0.08600000,s,l,
1525841947.9212,722.34000,0.56060000,b,l,
1525893204.8534,744.00000,0.12000000,s,m,
1525771407.8315,745.70000,4.17490000,b,l,
1525809321.1954,750.06000,6.03278030,b,m,
1525774332.3953,743.30000,0.02600000,b,m,
1525840664.9356,719.02000,0.06953046,b,l,
1525813215.5894,739.99000,0.09078386,b,m,
1525783744.325,734.04000,3.00124938,b,l,
1525887132.9046,758.39000,0.65800000,b,m,
1525838482.4003,717.44000,0.00000296,s,l,
1525812295.9404,744.29000,0.11835188,s,l,
1525870739.3149,747.01000,2.71000000,s,m,
1525885857.6213,758.00000,1.91600000,s,l,
1525833524.0145,731.00000,0.00110308,b,l,
1525831030.1928,744.01000,0.08600000,s,l,
1525852876.5281,716.94000,0.09746232,b,m,
1525858631.2588,731.84000,0.20636178,b,m,
1525874723.7592,741.09000,0.42750410,s,l,
1525835043.832,725.00000,2.19901628,s,l,
1525779562.2458,733.27000,5.00000000,s,l,
1525885850.6278,757.90000,9.10000000,b,l,
1525830870.6481,743.85000,0.02600000,b,l,
1525831035.3378,744.00000,0.66640000,s,l,
1525885649.9392,755.19000,0.75060830,b,l,
1525835360.8878,716.40000,103.23400000,s,m,
1525823855.6359,745.66000,1.00000000,s,m,
1525787347.0868,731.97000,0.02200000,b,l,
1525831038.955,744.00000,0.65603900,s,l,
1525786110.0319,733.29000,0.02200000,b,l,
1525841962.5949,722.01000,0.49243394,s,m,
1525810115.8457,748.14000,1.00000000,s,m,
1525837062.8795,723.92000,0.01000000,s,m,
1525867177.4499,742.10000,2.29379294,b,l,
1525804986.1354,746.45000,0.00006365,b,m,
1525837481.3507,725.82000,1.50000000,s,m,
1525865216.658,745.00000,1.20000000,b,l,
1525874960.3146,742.20000,0.10682228,b,m,
1525852888.6994,717.13000,0.03610225,b,l,
1525831043.8336,744.00000,0.03800000,s,l,
1525831044.2372,744.00000,0.13887800,s,l,
1525818568.7482,757.71000,4.91980000,b,m,
1525825392.0723,741.97000,0.63633939,b,l,
1525803450.7936,733.96000,0.70866883,b,m,
1525874979.9709,742.03000,1.00000000,s,l,
1525870890.0676,744.00000,2.41944086,b,l,
1525896582.0019,751.00000,3.00000000,b,l,
1525773018.4612,737.00000,7.89917400,b,l,
1525809449.2522,749.77000,0.12989740,s,l,
1525772555.8975,738.40000,13.51700000,s,m,
1525813083.4499,740.00000,0.02600000,s,l,
1525859259.3427,731.96000,0.96412138,b,m,
1525759925.4473,753.64000,0.00000008,b,l,
1525858344.5907,731.30000,1.23400000,s,l,
1525820127.688,752.40000,0.28383387,s,l,
1525809478.1692,749.74000,0.02200000,b,l,
1525809479.7641,749.98000,0.02300000,b,m,
1525875016.6392,741.96000,0.22160623,b,l,
1525804907.483,745.15000,0.02300000,b,m,
1525809207.5286,748.90000,0.02000000,s,m,
1525809487.1505,749.71000,0.86703291,b,l,
1525809490.4685,749.98000,0.04700000,b,m,
1525809493.0945,749.99000,3.69900000,b,l,
1525809494.8057,749.98000,2.19899999,b,l,
1525809495.8299,749.98000,2.01670722,b,l,
1525809496.0719,750.39000,2.38129277,b,l,
1525772800.2854,738.27000,0.15431171,s,m,
1525835544.0578,723.20000,0.11138200,b,m,
1525809500.5417,750.38000,0.02400000,b,m,
1525875586.3899,744.71000,0.08471452,b,m,
1525809211.7718,750.00000,1.53107288,b,m,
1525809509.2611,750.37000,0.02000000,b,m,
1525796577.8005,733.07000,1.96606753,s,m,
1525764617.1733,757.13000,0.02300000,b,m,
1525780918.2449,722.00000,1.38504000,s,l,
1525776445.5203,744.77000,0.16700000,b,m,
1525795966.3428,736.10000,10.00000000,b,l,
1525874750.3481,741.20000,0.50000000,s,m,
1525835125.4467,723.15000,0.38221669,s,m,
1525781298.2951,722.37000,2.06895964,s,m,
1525815898.5712,745.70000,0.24576244,s,l,
1525857508.4852,729.55000,0.61700000,b,l,
1525868718.7988,746.53000,0.83815646,s,m,
1525858129.4652,733.20000,1.97100000,b,m,
1525854742.9365,722.81000,0.06983010,s,l,
1525781750.0724,725.65000,0.10288319,s,m,
1525809538.5103,750.29000,0.02300000,b,m,
1525841985.6778,722.34000,0.59600000,b,l,
1525772522.8028,741.00000,0.07032775,s,l,
1525770839.9752,749.80000,0.49510440,b,l,
1525791742.6709,732.67000,0.02600000,b,m,
1525873073.4932,748.00000,0.02735568,b,l,
1525858606.2349,729.80000,0.37100000,s,l,
1525888721.7529,749.92000,0.02300000,b,m,
1525825396.9032,743.58000,0.07285433,b,m,
1525809563.997,750.29000,1.00000000,b,m,
1525809564.2437,750.37000,0.02000000,b,m,
1525831066.1704,744.00000,0.02300000,s,m,
1525778186.7938,736.01000,2.10460000,s,l,
1525858647.9845,732.20000,0.10123704,b,m,
1525834515.7344,726.15000,0.02700000,s,m,
1525809577.0891,750.38000,1.97700000,b,m,
1525794845.9706,735.08000,0.37388856,b,l,
1525869042.489,749.16000,0.02200000,b,l,
1525885683.1146,756.00000,0.50000000,b,l,
1525842632.1965,715.55000,0.52098541,s,m,
1525878845.7323,744.68000,3.00000000,s,m,
1525835998.7437,719.00000,16.81500000,b,l,
1525833292.9823,734.50000,0.48933453,s,l,
1525809603.1179,749.95000,3.59152809,s,l,
1525809604.3815,749.95000,3.69296709,s,l,
1525809605.1094,748.77000,1.00000000,s,m,
1525809606.4626,748.77000,1.00000000,s,m,
1525841996.1964,722.35000,4.53994601,b,l,
1525809612.4621,748.40000,4.32000000,s,l,
1525878159.0855,748.17000,0.03996372,b,m,
1525835387.0701,718.05000,21.17703000,s,m,
1525831075.815,744.00000,1.00000000,s,m,
1525776462.3079,745.00000,1.81666159,s,l,
1525809625.4659,748.40000,1.59391877,s,l,
1525841999.5779,722.36000,4.44151874,b,l,
1525859980.6207,728.79000,0.00593940,b,l,
1525885691.59,760.00000,0.86453481,b,l,
1525762113.3288,751.17000,0.04300000,s,m,
1525798311.5146,733.60000,6.96520000,s,l,
1525809645.0373,747.12000,1.00000000,s,l,
1525858316.1252,731.01000,0.59080869,s,l,
1525865654.2405,742.29000,0.08633133,b,l,
1525866862.6521,741.20000,0.02146918,b,m,
1525831611.8047,743.55000,0.02700000,b,m,
1525809657.3112,747.02000,0.06125488,s,l,
1525859321.9084,732.81000,0.02500000,b,m,
1525809237.6072,749.12000,0.10400000,s,l,
1525885555.9884,753.75000,3.64095043,b,m,
1525870884.0501,745.59000,3.00000000,s,l,
1525858471.3712,728.93000,7.70000000,s,l,
1525849143.609,722.41000,4.08630960,s,l,
1525779916.1945,728.53000,0.62202137,b,l,
1525831085.5961,744.00000,8.10100000,s,l,
1525875219.5495,741.95000,0.08014250,b,m,
1525855539.612,724.06000,0.98600000,b,l,
1525887961.3163,754.09000,5.00000000,b,m,
1525848692.2698,720.84000,0.24990342,s,l,
1525769199.0752,757.21000,0.03100000,b,l,
1525889659.8121,751.99000,0.02400000,b,m,
1525885701.9466,756.43000,5.00000000,b,m,
1525795090.2912,736.89000,0.00003948,b,l,
1525809698.8149,746.52000,0.08043428,s,l,
1525760474.2528,754.13000,0.06815925,s,l,
1525858647.9822,732.20000,0.37300000,b,m,
1525867212.3602,744.71000,2.55000000,b,m,
1525783602.9664,729.80000,0.02100000,b,l,
1525831092.1694,744.10000,0.05300000,b,l,
1525809247.2885,748.82000,0.10319736,s,l,
1525870885.1875,744.00000,12.00000000,b,l,
1525875261.1975,742.00000,2.05938500,b,l,
1525875265.4724,742.00000,0.97654970,b,l,
1525875266.0281,742.00000,0.16005204,b,l,
1525820171.9553,752.30000,0.07966985,s,m,
1525877810.6157,746.65000,5.00000000,s,m,
1525776481.0167,745.30000,0.00300000,b,l,
1525831095.3904,744.00000,1.00000000,s,m,
1525870892.844,744.00000,0.48200850,b,l,
1525799215.3361,732.00000,5.76332204,b,l,
1525767467.1314,756.80000,5.00000000,s,m,
1525897079.9324,755.03000,0.86623000,s,l,
1525821471.7916,754.00000,1.00000000,b,m,
1525774197.0605,743.49000,3.24905949,b,l,
1525772101.0198,746.40000,0.02600000,b,l,
1525809754.3024,746.61000,0.27887247,s,l,
1525885711.3644,756.90000,4.57530000,b,l,
1525879959.1589,747.95000,0.18648754,b,m,
1525863866.8959,739.97000,6.82300000,s,l,
1525809758.5877,746.61000,0.00000630,s,m,
1525863867.6236,739.97000,1.00000000,s,l,
1525809254.8666,749.40000,0.62867276,b,l,
1525875306.8284,742.00000,0.13257844,b,m,
1525835285.7994,720.00000,1.66053743,s,m,
1525791022.2278,730.00000,2.50068926,s,m,
1525890871.5333,752.11000,8.45300000,s,m,
1525856831.6372,729.14000,0.39800000,b,l,
1525809781.4591,746.62000,0.08441477,b,l,
1525797034.8794,734.92000,4.52100000,b,l,
1525776256.3301,743.00000,1.32328331,b,m,
1525896639.0823,751.44000,0.02000000,b,m,
1525862502.191,733.54000,0.54621996,b,l,
1525855585.565,725.97000,0.02400000,b,m,
1525809795.5113,746.62000,0.21000000,b,m,
1525787414.8681,730.91000,1.75687981,s,m,
1525783941.814,733.80000,0.14071400,s,m,
1525813367.5579,743.29000,0.79800000,b,l,
1525840680.7173,720.50000,0.20000000,b,m,
1525789559.0213,735.00000,0.49920777,b,m,
1525776358.1265,745.29000,0.95200000,b,m,
1525839192.6763,712.91000,7.84200000,s,m,
1525833937.4297,733.01000,0.86000000,s,m,
1525842033.2002,723.01000,1.49954970,s,m,
1525870887.0201,744.00000,0.32067380,b,l,
1525852956.2711,716.81000,0.00000172,s,l,
1525803243.818,731.10000,0.03372174,s,m,
1525855957.8067,727.01000,0.60632880,b,m,
1525770849.2454,749.99000,0.32485746,b,l,
1525834135.9252,732.50000,2.34448479,b,m,
1525807948.8514,746.34000,0.02000000,b,l,
1525809868.2405,746.62000,3.22284758,b,l,
1525771407.1941,745.00000,0.94700000,b,l,
1525838500.6583,717.13000,0.00167919,s,m,
1525848183.7035,720.99000,10.75313725,s,l,
1525842041.6798,723.01000,2.47847230,s,m,
1525809882.3731,746.66000,1.00000000,b,l,
1525875419.9292,742.00000,0.69257844,b,l,
1525841999.6315,723.79000,2.57403644,b,m,
1525885733.3368,756.97000,0.72000000,b,m,
1525809890.1426,746.80000,10.82000000,b,l,
1525775215.1941,748.39000,0.36549379,b,m,
1525885734.3367,756.10000,2.59845808,b,m,
1525870893.0647,744.00000,9.58700000,b,l,
1525896657.0679,752.28000,0.02000000,b,l,
1525809897.2975,746.80000,7.77593001,b,l,
1525781762.9676,724.84000,0.02865915,s,m,
1525763963.1485,755.98000,0.17358236,b,m,
1525863890.6557,738.45000,0.12330439,s,l,
1525842045.0328,723.02000,5.00000000,s,l,
1525885736.8982,757.19000,2.50000000,b,l,
1525875443.7073,743.00000,8.04864243,b,l,
1525824738.219,744.22000,0.03387387,b,l,
1525817173.6838,749.50000,0.11600000,b,m,
1525809918.0022,746.90000,20.00000000,b,l,
1525809919.9309,746.99000,0.10320263,b,l,
1525875456.0994,742.80000,0.10384688,b,l,
1525809921.8829,747.10000,0.03000000,b,l,
1525831720.065,745.70000,3.00000000,b,m,
1525807950.2486,746.45000,2.41903090,b,m,
1525809925.3079,747.10000,3.39410000,b,l,
1525794636.6387,733.33000,0.00000428,b,l,
1525809927.6393,747.10000,0.66329214,b,l,
1525809928.7685,747.10000,32.44900135,b,l,
1525809929.3545,747.30000,0.03000000,b,l,
1525809931.3018,747.10000,0.09700000,s,l,
1525809932.0871,747.30000,15.75619309,b,l,
1525809933.896,747.30000,1.52931477,b,l,
1525809934.713,747.48000,0.02600000,b,l,
1525804502.2535,746.00000,13.17256062,s,l,
1525887063.2346,757.06000,0.49458798,b,m,
1525857457.4256,729.14000,1.24900000,b,l,
1525811933.1005,743.90000,1.00000000,s,m,
1525772015.3649,741.70000,0.02000000,s,m,
1525835361.1899,712.00000,0.07692300,s,m,
1525832245.8484,743.51000,0.10560933,s,l,
1525835541.9477,722.61000,0.99700000,b,l,
1525809951.0234,748.00000,0.24330330,b,l,
1525885744.6858,757.65000,4.28000000,b,m,
1525807951.4343,747.00000,5.66910151,b,l,
1525829535.3035,742.60000,1.86628839,b,l,
1525835361.6353,710.62000,1.65306950,s,m,
1525863900.5651,738.44000,1.99546443,s,m,
1525809962.6064,748.00000,0.02000000,b,l,
1525783741.0329,733.10000,0.15749300,b,l,
1525852978.9904,717.30000,0.59774438,s,l,
1525875504.4782,741.84000,0.96000000,s,m,
1525868007.9742,750.08000,0.71000000,b,m,
1525875518.5314,742.71000,1.00000000,b,l,
1525875519.6371,742.96000,0.02200000,b,m,
1525809986.482,748.00000,1.00000000,b,m,
1525836018.6903,722.20000,14.71526004,b,l,
1525809994.3947,748.00000,0.15500789,b,l,
1525858231.1323,731.30000,0.74519548,s,l,
1525794859.9169,734.60000,7.21677867,b,m,
1525896675.8303,752.98000,0.13489848,b,l,
1525885733.7085,757.10000,0.81071770,b,m,
1525810011.7678,748.00000,0.58168881,b,l,
1525807953.3265,747.51000,5.00000000,b,l,
1525810020.9967,747.97000,0.05133599,s,l,
1525875557.4795,743.80000,1.00000000,b,m,
1525770855.3464,749.97000,0.47000000,b,l,
1525818520.0178,754.99000,0.29645495,b,m,
1525776530.5982,745.80000,0.00775000,b,l,
1525870021.716,749.41000,5.00000000,s,m,
1525885757.7532,758.09000,12.25763809,b,m,
1525810034.7031,747.93000,0.13555409,b,l,
1525875572.2805,743.20000,0.23876100,s,l,
1525769571.7559,757.49000,0.02400000,b,m,
1525807954.0889,747.78000,0.04300000,b,l,
1525875586.3821,744.00000,0.00003350,b,m,
1525886714.6867,755.75000,42.65120955,s,l,
1525772693.733,738.32000,0.30000000,b,m,
1525858297.2041,731.00000,1.23800000,s,l,
1525794861.9345,733.35000,1.00000000,s,m,
1525786132.2873,734.49000,0.04401679,b,l,
1525831149.5161,744.00000,12.55606235,s,l,
1525768674.1117,755.42000,0.07297721,s,l,
1525810071.9568,748.22000,0.02600000,b,l,
1525810074.2182,748.50000,5.00000000,b,m,
1525831151.1463,744.00000,36.90823765,s,l,
1525795198.1954,736.50000,60.13966158,b,l,
1525818506.4452,754.50000,0.24900000,b,m,
1525772555.9607,736.77000,0.01000000,s,m,
1525779240.5628,733.80000,5.00000000,b,l,
1525759946.8193,755.65000,0.27422856,b,m,
1525792680.9137,732.79000,0.17777498,b,m,
1525835542.4585,722.97000,0.02400000,b,l,
1525882786.8036,749.25000,0.02300000,b,m,
1525817401.3365,749.87000,0.43529785,s,m,
1525875641.2528,744.99000,0.02300000,b,m,
1525840690.0857,721.89000,23.10014460,b,m,
1525781769.9329,724.00000,5.00000000,s,m,
1525810115.8504,748.11000,0.40910000,s,m,
1525875259.7438,742.00000,1.89044736,b,l,
1525842081.5538,723.20000,0.99838092,b,l,
1525803592.4933,733.77000,0.14712845,s,m,
1525853005.6263,717.38000,0.03096032,b,l,
1525828559.7949,741.01000,0.50000000,s,l,
1525875667.4884,744.30000,0.16680000,s,l,
1525825415.672,744.03000,1.66100000,b,l,
1525773393.9073,739.68000,0.21597345,b,m,
1525825396.7953,742.90000,0.13460000,b,m,
1525810146.0947,748.49000,3.00000000,b,m,
1525842086.1589,723.77000,0.05000000,b,m,
1525803593.088,732.04000,0.49632331,s,m,
1525838091.3061,717.59000,5.00000000,b,m,
1525885734.331,756.10000,1.00000000,b,m,
1525783116.2843,726.88000,0.45858742,b,l,
1525843321.7491,720.67000,1.00000000,b,m,
1525776552.4578,746.58000,0.02600000,b,m,
1525759072.9118,750.10000,0.75000000,s,l,
1525839522.1671,716.29000,2.31700000,b,l,
1525809321.1698,749.29000,0.02300000,b,m,
1525835503.3866,719.71000,1.00000000,b,m,
1525831168.0644,742.90000,0.01933089,s,l,
1525896705.8376,753.27000,5.00000000,b,l,
1525805864.0215,746.20000,0.36563404,b,l,
1525810187.7354,748.50000,0.50000000,b,l,
1525875728.2617,744.82000,0.04000000,b,l,
1525810193.8345,748.49000,0.05870000,s,m,
1525870895.1112,744.00000,2.57357665,b,l,
1525875734.6264,744.20000,0.00000781,s,l,
1525885785.0005,759.40000,11.00000000,b,l,
1525875738.7293,744.23000,0.03053056,s,m,
1525875740.6206,744.86000,0.02300000,b,m,
1525885786.0911,760.00000,0.00196657,s,l,
1525896709.4786,753.98000,2.99396255,b,l,
1525867893.1033,747.74000,4.73502021,s,m,
1525886521.6674,758.21000,3.06863826,b,l,
1525889284.8649,751.68000,0.02000000,b,m,
1525783955.7568,734.86000,0.00006427,b,l,
1525838616.9596,714.27000,0.38490465,s,m,
1525820254.5089,751.51000,1.41200000,s,m,
1525788320.4917,734.60000,0.14540500,b,m,
1525778295.0575,730.00000,3.11751416,b,l,
1525831179.8228,742.90000,1.75218000,s,l,
1525869064.5486,749.18000,0.04700000,b,m,
1525839054.8399,713.41000,4.52260508,b,m,
1525786962.7242,735.19000,5.00000000,b,m,
1525797861.1901,733.30000,38.75600000,s,m,
1525885795.3473,756.49000,0.00019628,s,m,
1525795054.6748,734.42000,5.00000000,s,m,
1525879520.2367,745.00000,1.00000000,s,l,
1525856831.8191,729.14000,0.39900000,b,l,
1525888721.8689,750.00000,0.50000000,b,m,
1525885797.8119,756.57000,0.02000000,b,m,
1525885556.0401,755.00000,0.00008092,b,m,
1525842878.0877,720.01000,0.02941114,s,l,
1525810282.9409,748.50000,0.62461824,b,l,
1525896722.4543,753.99000,0.02400000,b,m,
1525885555.9336,753.00000,0.29313136,b,l,
1525781775.4991,724.97000,0.04797879,b,l,
1525760474.2686,754.12000,0.06668780,s,l,
1525765651.4272,759.58000,0.06600000,s,l,
1525834515.7073,726.30000,0.00800669,s,l,
1525765653.8623,759.57000,0.06582672,s,l,
1525869066.1382,749.19000,8.46835937,b,m,
1525885803.9161,759.09000,204.94000000,b,l,
1525792687.8331,731.91000,0.06831441,s,l,
1525875847.1892,744.26000,0.99246944,s,l,
1525885804.9195,760.00000,1.02000000,s,l,
1525779697.2173,732.01000,1.00596451,s,l,
1525820269.4787,752.95000,0.01135838,b,m,
1525867297.8733,747.99000,0.02360000,b,l,
1525864636.0465,741.80000,0.90000000,s,l,
1525764334.7334,758.68000,0.02000000,b,l,
1525770865.1701,749.65000,0.46587976,b,l,
1525784920.7777,739.52000,0.02300000,s,m,
1525857366.6592,727.94000,1.66843925,b,m,
1525886525.3989,758.21000,0.80243647,b,l,
1525885808.5456,756.58000,4.97228228,s,l,
1525864004.4356,738.02000,1.63400000,s,l,
1525896731.0752,754.00000,0.50035784,b,l,
1525810341.0825,748.10000,0.73891877,s,l,
1525893204.8572,743.93000,22.50000000,s,m,
1525810343.2673,747.56000,0.04081023,b,l,
1525870896.1108,744.00000,4.00000000,b,l,
1525896732.7179,754.45000,5.11088400,s,l,
1525787506.1252,729.70000,0.08068380,s,m,
1525810350.7721,747.56000,10.00000000,b,l,
1525769571.7967,757.69000,0.04810788,b,m,
1525875890.7583,744.41000,0.02294036,s,m,
1525863213.2049,735.44000,0.99870030,b,m,
1525765662.5462,758.35000,2.99635748,s,m,
1525810358.9384,747.56000,1.58000000,b,l,
1525810359.726,747.56000,0.03473903,b,l,
1525810360.3944,747.56000,0.05000000,b,m,
1525835360.9181,715.00000,5.00000000,s,m,
1525810364.2718,747.56000,10.00000000,b,l,
1525789194.8122,731.83000,0.03458423,b,m,
1525875905.4094,744.73000,0.17300000,b,m,
1525772555.8279,740.00000,0.50000000,s,m,
1525795090.2707,736.66000,2.99000000,b,l,
1525848183.685,721.27000,5.00000000,s,l,
1525810384.1077,747.56000,10.00000000,b,l,
1525853048.3327,717.50000,0.97000000,b,l,
1525858264.8864,731.05000,2.53000000,s,m,
1525810389.4388,747.56000,3.85000000,b,l,
1525810392.9611,747.56000,2.18000000,b,l,
1525810395.9087,747.90000,1.14448504,b,l,
1525878717.9855,745.88000,0.02762791,s,m,
1525805569.5895,747.40000,0.00059715,b,l,
1525810399.945,747.90000,0.77000000,b,l,
1525842882.4768,718.84000,1.67172601,s,l,
1525810406.6289,747.90000,2.20000000,b,l,
1525781358.6673,722.10000,0.02078603,s,m,
1525840345.5058,717.10000,0.25000000,s,l,
1525896743.4995,754.45000,2.99396255,s,l,
1525835360.8804,716.42000,31.93014397,s,m,
1525795966.354,736.30000,0.17682558,b,l,
1525855539.6376,724.06000,0.86982280,b,l,
1525786144.9708,733.31000,5.00000000,s,l,
1525768331.8605,756.75000,0.03200000,b,l,
1525875968.5597,744.61000,0.03161763,b,l,
1525885824.8343,756.58000,0.13289281,s,m,
1525794518.2467,732.71000,0.13103378,b,m,
1525896747.8931,754.45000,0.83416500,s,l,
1525820289.4385,752.89000,0.85315352,b,m,
1525875977.7778,744.01000,0.00430676,s,m,
1525885736.9073,757.51000,0.29808228,b,l,
1525810456.7522,748.00000,0.00213371,b,l,
1525885828.3966,756.59000,0.00004902,b,m,
1525818478.1639,754.28000,1.27963069,b,m,
1525794022.4328,729.99000,0.23700000,b,l,
1525810467.9865,748.10000,0.10000000,b,m,
1525783607.4929,731.05000,2.56654953,b,l,
1525861518.5149,730.99000,0.02200000,b,l,
1525837062.8961,723.92000,0.14267408,s,m,
1525825052.6253,744.15000,4.75538308,s,m,
1525885691.3801,758.04000,0.04906756,b,l,
1525876017.3684,744.55000,0.79538237,b,l,
1525810482.5325,748.10000,0.07990000,b,m,
1525876019.3472,744.55000,0.02000000,s,m,
1525876020.6196,744.73000,1.22666666,b,l,
1525869251.7304,750.00000,4.00000000,s,l,
1525854146.6387,719.37000,0.09730464,b,m,
1525870897.4312,744.00000,7.93747435,b,l,
1525867177.46,742.10000,7.50000000,b,l,
1525810502.3983,748.98000,0.25000000,b,m,
1525771932.4591,743.44000,0.06725492,s,l,
1525876044.8261,744.98000,0.02000000,b,m,
1525760039.7344,755.18000,0.98000000,b,m,
1525891952.6573,749.23000,0.03945839,b,l,
1525764840.7993,757.72000,0.02000000,b,l,
1525893078.782,746.79000,2.55000000,s,m,
1525885929.3782,757.47000,0.14161263,b,l,
1525896762.4104,754.50000,0.02400000,b,l,
1525799756.6011,735.00000,0.27292790,b,l,
1525837481.3595,725.81000,4.50117843,s,m,
1525896763.2599,754.52000,2.36828885,s,l,
1525764247.2972,758.20000,0.14431300,b,m,
1525770872.3801,749.20000,1.25000000,s,m,
1525810542.4723,748.99000,0.05000000,b,m,
1525796701.2389,734.91000,0.39780791,b,l,
1525848902.6784,721.90000,3.35548450,b,l,
1525792695.1916,731.92000,8.41710842,s,m,
1525876086.4581,744.98000,0.00300000,b,l,
1525784044.9685,736.89000,0.70900000,b,l,
1525844274.596,718.44000,0.48859388,s,l,
1525868008.0323,750.08000,12.75986050,b,m,
1525840346.4513,716.78000,2.49967726,b,l,
1525846709.6104,723.50000,0.07000000,b,m,
1525810561.7654,748.98000,0.00007469,s,m,
1525885846.0388,756.57000,0.23352388,b,l,
1525876106.0529,744.99000,0.02200000,b,l,
1525876112.7871,745.00000,14.22569980,b,l,
1525876115.3066,745.00000,10.00000000,b,l,
1525888792.0247,751.19000,0.40870549,b,m,
1525815412.5335,746.55000,0.02600000,b,m,
1525876118.2954,745.00000,1.70000000,b,m,
1525864004.5333,738.02000,0.05500000,s,l,
1525823288.7837,753.67000,3.87807734,b,m,
1525876123.6195,745.00000,2.13071975,b,l,
1525781785.5419,725.00000,28.28865596,b,l,
1525885850.6248,757.72000,7.70000000,b,l,
1525885851.0611,758.00000,1.69418000,s,l,
1525864006.2535,737.41000,1.64500000,s,l,
1525774460.3536,746.14000,0.02600000,b,m,
1525810602.7932,748.00000,1.65000000,s,l,
1525876140.1237,745.00000,4.29780139,b,l,
1525810607.1842,748.00000,0.08000000,s,l,
1525778807.0523,730.99000,0.06840039,s,m,
1525864009.6852,737.59000,0.87092485,b,l,
1525885855.9791,758.00000,9.66149881,s,l,
1525773849.0673,743.66000,0.30323604,b,m,
1525810624.9127,747.50000,15.28268000,s,l,
1525885856.8927,758.00000,20.00000000,s,l,
1525810626.8543,748.03000,1.00000000,s,l,
1525810627.5275,747.40000,1.00000000,s,l,
1525885857.8758,758.00000,9.65100000,s,l,
1525793210.7518,729.83000,1.00000000,s,l,
1525885858.6592,758.00000,9.00000000,s,l,
1525885859.8695,758.00000,0.17543780,s,l,
1525810646.6476,747.12000,2.71597654,s,l,
1525787556.1101,730.29000,0.22000000,b,m,
1525836087.2358,723.46000,0.50000000,b,m,
1525792629.5966,731.80000,4.21527966,s,l,
1525794083.0393,729.51000,0.10000000,s,m,
1525816878.8783,747.95000,1.84000000,b,l,
1525876199.3125,745.61000,0.02300000,b,m,
1525898737.6057,748.38000,6.94664100,s,l,
1525885784.987,758.50000,14.70000000,b,l,
1525842197.1561,722.48000,0.66100000,s,l,
1525810675.0769,747.62000,0.19334693,b,l,
1525776552.4418,746.05000,0.02300000,b,m,
1525885865.1197,757.64000,0.00019647,s,m,
1525876217.1716,745.73000,0.02469098,b,m,
1525835753.3765,719.10000,0.16748904,s,l,
1525810683.2275,748.79000,0.05202220,b,l,
1525832289.2346,738.95000,0.25000000,s,m,
1525781356.0348,722.57000,7.70000000,s,m,
1525876223.7518,745.75000,0.08438682,b,l,
1525838880.0969,711.00000,0.07032349,s,m,
1525783971.6194,734.81000,5.00000000,s,l,
1525842195.605,722.52000,2.42596356,s,m,
1525804097.1192,737.00000,1.17671376,b,l,
1525813367.594,744.00000,0.10752000,b,l,
1525816883.6713,748.36000,7.78240747,b,l,
1525864025.7195,738.32000,0.65600000,b,l,
1525778993.7401,732.46000,0.00027579,b,l,
1525857805.7833,730.92000,15.24828077,s,l,
1525876253.6139,745.72000,0.02300000,b,m,
1525810719.04,747.42000,0.06068649,s,l,
1525810722.4836,747.13000,1.50090000,s,l,
1525864027.0416,738.33000,0.97798926,b,l,
1525885691.3702,757.99000,262.64100000,b,l,
1525896796.7237,754.50000,0.02000000,b,l,
1525810730.8494,747.53000,0.87000000,s,l,
1525876267.7442,745.72000,0.00700000,b,m,
1525797463.1915,735.04000,0.04503370,b,m,
1525849704.7643,720.56000,2.83089815,s,l,
1525810738.0429,747.53000,0.68000000,s,l,
1525781863.1791,724.96000,0.08467330,b,m,
1525810742.2414,747.53000,0.77000000,s,l,
1525888721.7583,749.95000,0.02300000,b,m,
1525857490.9135,729.58000,0.32163089,b,l,
1525834237.6695,730.00000,0.30000000,s,l,
1525868008.0855,750.08000,0.00008800,b,m,
1525877810.6124,746.66000,0.30904645,s,m,
1525851623.9286,720.61000,0.17111600,s,l,
1525876299.9782,745.72000,0.04700000,b,m,
1525810765.5459,747.55000,0.03119515,s,l,
1525818533.7432,753.60000,12.59616709,s,l,
1525804995.4982,746.43000,2.75400000,b,m,
1525896803.3948,754.90000,2.61560000,s,l,
1525885617.2368,755.41000,1.64300000,b,m,
1525864037.4321,738.49000,0.24221540,b,m,
1525841848.2571,721.65000,1.06285115,b,l,
1525874960.3237,742.56000,2.73136753,b,m,
1525885556.0187,754.95000,0.79872205,b,m,
1525798502.7575,733.66000,0.02600000,b,m,
1525778511.4398,736.62000,0.59414323,s,l,
1525876328.063,745.66000,0.00842000,b,m,
1525810793.1959,747.58000,1.20000000,s,l,
1525864039.5813,738.49000,0.53961300,b,l,
1525857425.4417,728.50000,0.99625258,b,l,
1525842194.0687,723.12000,0.03658991,s,l,
1525864040.4241,738.84000,0.00054772,b,l,
1525856831.6923,729.14000,0.39300000,b,l,
1525842195.5998,722.71000,1.38000000,s,m,
1525788215.5375,731.72000,3.00000000,b,m,
1525867544.1345,752.00000,1.29000000,s,l,
1525864041.5796,738.84000,0.25890160,b,l,
1525810808.1522,748.00000,0.13156941,b,l,
1525836349.7094,723.07000,0.50000000,b,l,
1525842197.8674,722.48000,0.65600000,s,l,
1525810816.033,747.97000,1.00000000,b,l,
1525810817.755,747.53000,1.30772362,s,l,
1525842198.9174,722.22000,0.66400000,s,l,
1525816709.9068,745.69000,0.01000000,b,m,
1525842199.4447,722.22000,0.66600000,s,l,
1525776664.8786,746.02000,0.02200000,b,l,
1525810838.3584,747.54000,4.68000000,s,l,
1525876376.979,745.99000,0.02600000,b,l,
1525889460.4683,750.24000,1.00000000,s,m,
1525864048.557,738.98000,0.15220160,b,l,
1525775247.0899,747.80000,4.11174802,b,m,
1525864049.6946,739.16000,0.14320160,b,l,
1525821759.1084,751.81000,2.42821069,s,m,
1525855917.9145,726.98000,0.02100000,b,m,
1525885895.5378,757.16000,0.43354950,b,m,
1525810865.9462,748.00000,0.12598318,b,l,
1525896819.6844,754.98000,2.49151169,b,m,
1525876404.3314,744.30000,8.45852728,s,m,
1525834598.1729,730.20000,9.14446858,b,m,
1525871314.9196,745.96000,0.06430792,b,m,
1525842207.9924,721.86000,0.66300000,s,l,
1525864053.5517,739.33000,0.14320160,b,l,
1525893090.1951,746.47000,0.02374383,s,m,
1525867408.0183,746.99000,0.02600000,b,l,
1525836087.2328,723.46000,4.00000000,b,m,
1525842209.1165,721.53000,0.66100000,s,l,
1525876424.656,744.73000,0.00005949,s,m,
1525810890.1359,748.00000,0.00228371,b,l,
1525864055.3146,739.83000,1.66300000,b,l,
1525810892.6723,748.17000,0.03500000,b,l,
1525842210.0505,721.58000,0.65500000,b,l,
1525810895.5132,748.49000,0.04355506,b,l,
1525780850.9093,726.00000,14.00000000,s,l,
1525810898.4251,748.30000,0.05993393,b,l,
1525874979.9754,742.00000,1.00028000,s,l,
1525810902.247,747.90000,0.35005005,b,l,
1525810905.5037,747.90000,3.15735736,b,l,
1525842899.344,720.39000,3.98227536,b,l,
1525830870.6659,744.19000,0.10000000,b,m,
1525810913.0156,748.10000,0.06000000,b,l,
1525797463.245,735.77000,0.02200000,b,m,
1525853137.7328,718.56000,0.00006588,b,m,
1525810922.3209,748.09000,0.03563837,b,l,
1525770953.084,750.98000,0.72277857,b,m,
1525876464.1546,744.76000,0.40000000,s,m,
1525842216.2077,721.82000,1.82557339,s,m,
1525794890.8047,733.35000,1.42624149,s,l,
1525853023.1188,717.52000,3.39451710,b,l,
1525886545.1941,757.93000,0.82737437,s,m,
1525827624.7995,740.06000,0.00006404,b,m,
1525876472.1935,745.58000,0.40000000,b,m,
1525810937.697,747.81000,0.15201578,b,l,
1525759272.7103,752.69000,4.40620000,b,m,
1525856831.9845,729.14000,1.00000000,b,l,
1525783979.7001,737.07000,1.33180811,b,m,
1525853442.4405,718.44000,0.50000000,b,m,
1525810943.0307,747.61000,0.15285217,s,m,
1525870900.795,744.00000,2.35800000,b,l,
1525810948.9,748.00000,1.74375640,b,l,
1525810953.4392,748.00000,2.62962963,b,l,
1525870515.7443,748.70000,1.50000000,s,l,
1525862541.1415,733.82000,0.36414798,b,l,
1525885912.9518,757.18000,0.08060150,b,l,
1525896835.1535,754.99000,0.02000000,b,m,
1525858346.1603,731.01000,1.06803547,s,l,
1525816878.8551,747.36000,0.02300000,b,l,
1525810969.9681,747.98000,0.17717718,b,l,
1525810972.7933,747.98000,0.29389389,b,l,
1525810973.1589,747.53000,0.00000491,s,l,
1525836349.72,723.20000,0.95020190,b,l,
1525810978.1655,747.99000,0.02646679,b,l,
1525778373.7104,732.90000,0.01248801,b,l,
1525835361.5029,711.00000,0.02700000,s,m,
1525855995.9872,727.33000,0.02100000,b,l,
1525832454.2958,738.14000,10.59555319,s,l,
1525827620.614,740.05000,1.14000000,s,l,
1525810989.6065,748.09000,0.02200000,b,l,
1525862542.6302,733.86000,1.00000000,b,m,
1525796577.7971,733.07000,0.08869136,s,m,
1525864074.0793,740.79000,0.02300000,b,m,
1525839524.253,716.00000,0.81800000,b,l,
1525798539.84,732.73000,0.62689824,s,l,
1525811012.0677,748.00000,0.80000000,s,m,
1525855996.0038,727.54000,4.28000000,b,l,
1525784920.7941,738.70000,1.25000000,s,m,
1525779916.1911,728.27000,0.00000004,b,l,
1525871337.5406,744.52000,6.98602794,s,l,
1525787620.7933,728.20000,1.25000000,s,m,
1525811037.4105,748.02000,5.00000000,s,l,
1525872210.0039,746.00000,1.00000000,b,m,
1525795966.3589,736.90000,1.25000000,b,l,
1525811044.5421,747.99000,0.02600000,b,l,
1525807277.6274,746.87000,1.00000000,b,m,
1525896849.8596,754.99000,0.12128620,b,m,
1525811049.6246,748.00000,0.59270979,b,l,
1525879601.1834,745.98000,1.86900000,b,m,
1525896850.4053,755.00000,1.00000000,b,m,
1525811056.1552,747.99000,5.00000000,b,l,
1525783983.6193,735.40000,0.00555997,s,m,
1525885929.3717,757.17000,0.02400000,b,l,
1525842632.2397,713.93000,1.25671161,s,m,
1525877565.0195,747.81000,0.04600000,b,l,
1525885931.7391,758.00000,0.18928230,b,l,
1525888732.004,750.00000,0.65260668,b,m,
1525824489.2933,743.90000,0.02500000,s,m,
1525827629.1977,740.05000,15.75654522,s,l,
1525811091.046,747.97000,0.66124923,b,l,
1525823375.304,750.00000,11.52814249,s,m,
1525870896.1182,744.00000,1.49786819,b,l,
1525857490.9302,729.59000,0.03400000,b,l,
1525759170.0823,750.00000,0.44800609,b,m,
1525819400.3902,755.98000,0.02300000,b,m,
1525890871.5401,751.93000,28.31017546,s,m,
1525885936.5784,758.00000,44.22999510,b,l,
1525783116.2806,726.87000,0.62400000,b,l,
1525809478.1722,749.75000,0.13296709,b,l,
1525809479.7554,749.78000,0.02300000,b,m,
1525875016.6358,741.94000,0.80295590,b,l,
1525759796.0383,752.53000,0.25000000,b,m,
1525820403.6296,752.29000,0.83531808,b,l,
1525821146.2156,754.30000,0.02000000,b,l,
1525876661.4714,745.61000,0.02600000,b,l,
1525840724.7614,719.36000,0.03000000,s,l,
1525838542.0697,716.09000,0.57977996,b,l,
1525834645.3433,729.44000,0.01476784,b,l,
1525798633.3785,731.21000,0.02200000,s,l,
1525836039.3006,719.81000,5.00000000,s,m,
1525875641.2574,745.00000,17.18977906,b,m,
1525864099.4199,741.30000,0.28900000,s,m,
1525857490.5404,729.56000,0.16500000,b,l,
1525864730.0632,742.55000,0.07811082,b,m,
1525876700.9063,745.63000,0.03400000,b,m,
1525788351.2798,732.60000,4.01774848,s,l,
1525859321.9228,732.91000,0.02500000,b,m,
1525858259.1056,731.33000,0.25800000,s,l,
1525842258.2317,721.44000,0.95900000,s,m,
1525775258.3391,747.60000,1.50000000,b,m,
1525876719.57,744.81000,0.08300000,s,m,
1525876722.8177,745.53000,0.02600000,b,l,
1525876726.6239,745.51000,0.04300000,b,l,
1525829815.8881,742.00000,5.74600000,s,l,
1525809493.1028,749.99000,1.30100000,b,l,
1525811205.0313,747.97000,2.97400000,b,m,
1525778738.926,731.00000,9.49200000,b,l,
1525831340.6293,742.14000,0.00033519,s,m,
1525809495.5904,749.98000,0.78429279,b,l,
1525835778.5522,718.40000,0.00584059,s,m,
1525888078.3954,754.50000,0.97600000,b,m,
1525839041.5942,713.01000,0.70876216,b,l,
1525809496.0491,750.00000,1.31770723,b,l,
1525867095.5481,740.12000,0.45841519,b,l,
1525779263.9068,732.00000,0.40000000,s,l,
1525867387.7832,746.84000,1.17914999,b,m,
1525807576.3263,746.91000,0.50000000,b,m,
1525771407.8689,746.18000,1.12815205,b,m,
1525805536.5745,746.05000,0.07954026,b,m,
1525811235.8979,747.53000,0.00911511,s,l,
1525787654.097,729.00000,0.05900000,s,m,
1525870902.724,744.00000,1.07427800,b,l,
1525877565.0285,748.00000,0.00494145,b,l,
1525874483.6286,742.90000,1.40300000,s,m,
1525811249.5564,747.71000,0.10978455,s,l,
1525773078.9872,739.99000,0.02300000,b,l,
1525896883.2538,754.98000,5.47700000,b,l,
1525811252.1231,747.95000,0.02200000,b,l,
1525797083.779,735.00000,0.16083900,s,l,
1525896530.0104,749.58000,0.04300000,b,l,
1525841660.2344,721.70000,24.22035817,s,l,
1525818173.3698,753.57000,0.02700000,b,m,
1525886091.3953,758.96000,0.02300000,b,l,
1525859259.4383,732.49000,1.03587862,b,m,
1525798581.0541,732.34000,0.18379843,s,l,
1525871552.764,746.57000,0.02300000,b,m,
1525798236.8565,733.60000,2.19207267,s,l,
1525884587.4454,749.70000,0.02400000,s,m,
1525876808.4462,745.49000,0.02300000,b,l,
1525811278.1035,747.06000,0.18630000,b,l,
1525772918.4017,735.79000,0.02000000,s,l,
1525786935.5636,736.49000,2.47800000,b,m,
1525877449.4589,746.98000,0.02300000,b,m,
1525811291.2655,746.97000,1.11600000,s,l,
1525891342.5838,750.99000,5.00000000,b,l,
1525876832.0023,745.78000,0.02300000,b,m,
1525851641.1868,720.61000,7.23925328,s,l,
1525834183.237,731.01000,0.39828002,s,m,
1525811303.4795,746.95000,0.02378354,s,l,
1525811304.6896,747.03000,0.02000000,s,l,
1525840958.0461,719.37000,0.12670997,b,l,
1525856831.4899,729.12000,4.28000000,b,l,
1525797579.2473,735.00000,14.83056863,s,l,
1525887414.8313,754.82000,0.04917109,s,l,
1525869100.5879,749.03000,1.00000000,s,l,
1525778354.6966,732.81000,8.12500000,s,l,
1525760230.7863,754.32000,0.00378700,s,m,
1525794524.4028,733.89000,0.05899999,b,l,
1525876872.0484,745.56000,0.04462774,b,l,
1525811339.6269,747.65000,1.68589000,b,l,
1525876876.8376,744.99000,0.03154589,s,m,
1525896898.2475,754.94000,5.00000000,b,l,
1525803633.1928,732.41000,1.08763592,s,m,
1525811590.5152,746.10000,13.90000000,s,l,
1525840613.6825,719.66000,0.02234042,b,m,
1525896902.8161,754.98000,28.07805862,b,l,
1525838951.9993,708.00000,0.06000000,s,m,
1525886359.2119,758.25000,1.01552878,s,l,
1525834691.8472,728.22000,0.99100000,s,m,
1525772555.801,740.00000,0.30000000,s,l,
1525777688.2956,740.00000,0.40000000,s,m,
1525801452.3586,737.03000,0.41382475,s,l,
1525842408.4073,719.73000,4.54040226,s,m,
1525887132.8886,757.55000,10.00000000,b,m,
1525811395.6871,746.85000,0.02291231,s,l,
1525869066.1446,749.99000,8.49440226,b,m,
1525790541.6191,732.01000,0.02495016,s,m,
1525847677.0379,723.03000,0.02500000,b,m,
1525857436.248,728.56000,0.73974742,b,l,
1525885986.3341,757.98000,0.02000000,b,m,
1525876943.043,744.68000,8.47300000,s,l,
1525811408.9939,746.85000,0.09181860,s,l,
1525876945.6932,744.68000,0.06826787,b,l,
1525848183.6299,723.09000,20.00000000,s,l,
1525803853.8903,736.00000,0.40214176,b,m,
1525811417.2812,746.32000,5.76561750,s,l,
1525792724.046,732.02000,0.08412374,s,l,
1525842198.1411,722.22000,0.66300000,s,l,
1525864144.5993,741.97000,1.50000000,b,m,
1525829877.4308,742.31000,0.02300000,b,l,
1525890926.9426,751.08000,0.10000000,s,m,
1525778376.9998,732.50000,0.00125634,s,l,
1525811431.9939,746.57000,0.82806142,s,l,
1525811432.0101,746.57000,3.17424231,s,l,
1525842300.8416,720.00000,0.00521134,s,m,
1525811435.9139,746.28000,1.32000000,s,l,
1525811437.0355,746.00000,0.29890000,b,l,
1525811439.9047,746.00000,2.48218189,b,l,
1525876977.6382,744.68000,0.66983177,b,l,
1525876983.3851,744.68000,0.85322411,b,l,
1525851646.9058,720.30000,41.85723573,b,l,
1525835551.7683,723.60000,0.81735658,b,l,
1525781471.9278,728.89000,0.43260489,b,l,
1525885683.0961,755.55000,0.02000000,b,l,
1525771393.8253,744.85000,0.00006323,b,l,
1525811461.5007,745.98000,0.20082077,b,l,
1525876998.7213,744.72000,1.00000000,s,m,
1525788361.7738,733.19000,0.02200000,b,m,
1525888745.4841,750.00000,0.00234784,b,m,
1525809538.5198,750.30000,0.47700000,b,m,
1525787693.1541,728.98000,1.00000000,s,m,
1525772266.4224,743.64000,0.77870016,s,l,
1525842307.9603,720.00000,0.31818000,s,l,
1525811479.7513,745.93000,1.77390000,b,l,
1525842918.9024,720.26000,3.15738337,b,m,
1525840201.7416,714.01000,1.50000000,s,m,
1525827386.6228,740.65000,2.55244500,b,l,
1525856012.9307,727.73000,0.22200000,b,m,
1525811496.442,745.83000,0.33000000,s,l,
1525877035.8588,745.29000,0.10066666,b,l,
1525794909.4712,734.59000,0.23883795,b,l,
1525786180.7537,731.19000,1.03653179,s,m,
1525868007.8782,749.20000,4.46442847,b,m,
1525811509.9065,745.99000,0.12740656,b,l,
1525851648.9886,720.18000,0.99660818,s,m,
1525799274.9566,733.70000,0.92255581,b,m,
1525853237.9954,718.05000,4.28000000,b,l,
1525773087.3695,739.71000,0.18374892,s,m,
1525877060.6174,744.80000,0.20000000,s,m,
1525853238.0056,718.08000,13.93500000,b,l,
1525864161.6275,741.97000,100.00000000,b,l,
1525877065.371,745.39000,0.02600000,b,m,
1525788320.4739,733.89000,0.02200000,b,m,
1525811536.3151,745.32000,0.00234623,s,l,
1525853240.4653,716.76000,0.00504193,s,m,
1525811538.1014,745.99000,0.02208162,b,l,
1525839638.0651,717.08000,7.70000000,s,m,
1525811543.291,746.00000,4.80003791,b,l,
1525858274.3157,731.34000,0.86295022,s,l,
1525804743.1796,745.62000,5.00000000,s,l,
1525787706.8583,728.39000,0.08100000,s,m,
1525774332.4665,746.10000,0.13804700,b,m,
1525784968.3701,739.93000,9.63337873,b,l,
1525811555.7345,746.78000,20.67976340,s,l,
1525811556.6178,745.93000,1.13064660,b,l,
1525777691.4255,739.12000,0.06764801,s,m,
1525877095.5032,745.49000,0.10425593,b,l,
1525811560.6549,747.34000,0.12702257,b,l,
1525768351.8839,757.92000,9.00800000,b,l,
1525842322.1018,718.46000,1.01200000,s,m,
1525811567.2644,747.50000,0.36403549,b,l,
1525810187.7046,748.44000,1.00000000,b,l,
1525798633.3715,731.21000,3.00000000,s,l,
1525778291.5977,733.99000,0.94656448,b,l,
1525778377.0028,732.50000,0.00000251,s,l,
1525877565.0671,748.00000,1.06500000,b,l,
1525820480.5565,752.99000,0.47865837,b,m,
1525804564.3413,746.79000,0.40079540,b,m,
1525811590.519,746.04000,7.70000000,s,l,
1525868871.1388,748.03000,0.05457777,b,m,
1525896941.4698,755.00000,0.02033721,b,m,
1525877142.915,745.95000,0.00300000,b,m,
1525786935.5807,736.61000,8.73330053,b,m,
1525776794.0518,745.85000,0.47017747,b,l,
1525840353.6224,718.87000,0.15964069,b,l,
1525886021.383,757.52000,0.31677475,s,m,
1525778186.8527,735.60000,0.00000029,s,l,
1525809564.2491,750.38000,0.02300000,b,m,
1525849955.4422,721.53000,0.05884485,b,l,
1525811634.2849,747.70000,1.69529717,b,m,
1525836088.0861,724.49000,1.63700000,b,m,
1525849470.7519,720.61000,0.62300000,s,l,
1525886359.2159,758.25000,0.80510138,s,l,
1525896948.2933,755.74000,0.10000000,b,l,
1525877178.1465,745.62000,0.00000889,s,m,
1525811648.4693,747.64000,0.09500000,b,l,
1525811651.6222,747.68000,0.02400780,b,l,
1525811653.3506,747.69000,0.03955889,b,l,
1525898737.6098,748.32000,13.33300000,s,l,
1525877196.9945,745.94000,0.13062774,b,l,
1525877197.0426,745.94000,0.86937226,b,l,
1525883661.9558,748.16000,2.67599620,s,l,
1525864186.8214,742.00000,1.00000000,b,l,
1525807419.6354,747.00000,0.75000000,b,l,
1525877221.8507,745.98000,0.02600000,b,l,
1525896219.2651,748.40000,11.72600000,s,m,
1525811688.2647,747.03000,0.03500000,s,l,
1525811690.3131,746.50000,3.56884702,s,l,
1525811691.3405,746.50000,9.81215298,s,l,
1525811693.3496,746.50000,0.04500000,b,l,
1525831092.1772,744.20000,9.49843437,b,l,
1525811696.3278,746.50000,0.14269702,b,l,
1525867679.9999,749.60000,0.82680970,s,l,
1525811699.5605,747.61000,0.02300000,b,l,
1525858248.2704,731.72000,0.11999089,s,l,
1525809577.0809,750.29000,0.02300000,b,m,
1525811711.5031,747.20000,0.10519429,b,l,
1525896960.3446,754.98000,0.45498653,s,l,
1525763104.9202,757.79000,1.21556557,b,m,
1525851655.107,721.73000,0.08185728,b,l,
1525798658.055,731.22000,4.43200000,s,l,
1525888754.8014,751.10000,0.13336168,b,m,
1525811741.446,747.10000,1.06230000,b,l,
1525877279.825,746.98000,0.02200000,b,m,
1525811747.2586,747.30000,0.16535124,b,l,
1525859321.9172,732.88000,0.02200000,b,m,
1525790648.5292,731.82000,5.00000000,s,m,
1525842355.858,718.94000,0.92300000,s,l,
1525840354.7519,719.30000,0.02802027,b,l,
1525767467.143,755.99000,5.64800000,s,m,
1525856022.8541,727.72000,1.10948940,b,l,
1525831433.2321,742.58000,0.02200000,b,l,
1525877305.0975,746.98000,0.02600000,b,m,
1525871314.9331,746.41000,7.70000000,b,m,
1525857490.9061,729.58000,0.97600000,b,l,
1525842358.3631,718.94000,0.08061711,b,l,
1525877318.8076,746.99000,0.03400000,b,m,
1525811787.2847,746.34000,0.34000000,s,l,
1525886050.3718,758.56000,4.00000000,s,l,
1525773987.5522,742.08000,1.01295358,b,m,
1525823288.7886,753.69000,2.50559774,b,m,
1525811792.5097,745.72000,0.99666666,s,l,
1525811794.6999,745.73000,0.87000000,s,l,
1525818506.4358,754.26000,0.00000005,b,m,
1525779643.5105,732.98000,0.00070714,b,m,
1525811802.7195,745.04000,0.86000000,s,l,
1525877341.9196,746.04000,0.13062774,s,m,
1525781125.8698,723.87000,0.16573300,b,l,
1525840659.2704,719.01000,2.42268943,s,l,
1525877356.1822,746.89000,0.02600000,b,l,
1525770359.5784,753.95000,0.03459328,b,l,
1525877370.541,746.90000,0.86583671,b,l,
1525835990.2358,719.00000,0.20882417,b,l,
1525788320.4542,733.50000,1.88000000,b,m,
1525811840.062,745.10000,0.00056269,s,m,
1525877382.8142,746.99000,0.10000000,b,m,
1525767904.7759,756.66000,2.93954853,s,l,
1525858249.5124,731.72000,0.16360869,s,l,
1525866343.902,743.20000,11.00000000,b,m,
1525833523.9211,731.00000,0.15317119,b,l,
1525842632.2329,714.19000,2.58974850,s,m,
1525781183.4179,724.89000,4.00000000,b,l,
1525809603.1225,749.95000,1.94847191,s,l,
1525811861.1709,745.06000,0.05934060,s,l,
1525809604.9768,748.77000,2.40708641,s,m,
1525774887.1044,748.95000,0.02600000,b,l,
1525877405.9161,746.95000,5.00000000,b,m,
1525809605.3304,748.77000,2.59291359,s,m,
1525759797.3711,751.12000,3.75228099,s,l,
1525877412.1658,747.63000,0.86419484,b,m,
1525872652.441,747.29000,0.01800000,b,m,
1525808874.7891,747.00000,0.59015768,b,l,
1525799970.0932,738.50000,0.80000000,b,m,
1525834681.9093,730.26000,13.72300000,b,m,
1525765917.0511,759.47000,0.02000000,b,m,
1525877424.2358,746.99000,0.02300000,b,m,
1525811893.896,745.00000,14.32016542,s,l,
1525877431.0496,747.00000,0.10000000,b,m,
1525848211.1285,717.82000,0.00000488,s,m,
1525811900.8569,745.00000,4.41000000,s,l,
1525839542.9447,717.08000,0.02000000,b,m,
1525811905.4706,745.00000,13.77000000,s,l,
1525811906.8745,745.00000,0.02947050,s,l,
1525858208.0606,732.00000,1.98500000,s,l,
1525787766.1299,727.76000,0.11400000,s,l,
1525811911.5432,745.02000,0.02250000,s,l,
1525816878.8495,746.77000,0.68686200,b,l,
1525877449.4555,746.89000,0.02600000,b,m,
1525803555.6204,733.77000,0.07711654,b,l,
1525811923.4019,745.03000,0.20000000,s,l,
1525811930.6577,745.00000,10.06996351,s,l,
1525811933.08,744.17000,0.10037802,s,l,
1525877471.3421,747.09000,0.02300000,b,m,
1525811936.9776,744.00000,0.02840000,b,l,
1525811937.5113,744.00000,0.12368574,b,l,
1525811939.7075,743.55000,21.04040000,s,l,
1525811941.2712,744.00000,1.71463881,b,l,
1525811943.8062,744.00000,20.00000000,b,l,
1525798695.3035,731.50000,1.00000000,b,l,
1525811948.8777,744.00000,2.78100000,b,l,
1525811951.0242,744.00000,2.54820000,b,l,
1525811952.7667,744.00000,2.54820000,b,l,
1525811954.5528,744.00000,2.54820000,b,l,
1525811956.6531,744.00000,2.54820000,b,l,
1525811957.6317,744.00000,18.54980435,b,l,
1525798697.8466,731.73000,0.25101918,b,l,
1525802831.9309,733.67000,0.03793032,b,m,
1525770803.5879,750.01000,1.00000000,s,l,
1525836263.3902,723.23000,0.48000000,s,l,
1525839046.2849,713.31000,0.02340134,b,m,
1525835118.3017,724.50000,0.01275224,s,m,
1525794636.6752,735.30000,5.88705116,b,l,
1525882691.2915,748.24000,4.00000000,s,m,
1525818533.741,753.60000,0.80000000,s,l,
1525857457.7345,729.89000,0.03300000,b,m,
1525870900.4763,744.00000,1.97500000,b,l,
1525809625.4608,748.40000,0.01012000,s,l,
1525870907.5616,744.00000,1.92365591,b,l,
1525811995.4101,745.97000,0.02200000,b,l,
1525857662.8032,731.53000,0.02100000,b,m,
1525841999.6338,723.79000,2.42596356,b,m,
1525890945.0668,752.48000,0.14623049,b,m,
1525790327.1953,732.20000,2.88941482,s,l,
1525838571.4836,715.49000,0.28696825,b,l,
1525779650.0301,732.78000,0.60000000,s,l,
1525812009.7108,746.33000,0.03670640,b,l,
1525886581.077,756.56000,4.76304598,s,m,
1525855539.6985,724.06000,0.99800000,b,l,
1525885931.6952,757.68000,0.26562726,b,l,
1525877560.7867,746.66000,0.09550440,s,l,
1525873503.0447,747.00000,10.33542355,s,m,
1525877564.9964,747.67000,0.04200000,b,l,
1525877565.0913,748.27000,15.00000000,b,l,
1525879908.9378,746.73000,10.21400000,b,l,
1525886091.4055,759.00000,50.00000000,b,l,
1525804567.7592,746.89000,0.02200000,b,m,
1525886092.1758,760.00000,7.70000000,s,l,
1525877579.695,747.39000,0.90449560,s,l,
1525836390.3097,719.90000,1.25000000,s,m,
1525886093.749,760.00000,0.30790668,s,l,
1525760011.0945,754.98000,0.07908668,b,m,
1525787790.8621,729.80000,0.79700000,b,m,
1525886095.8264,760.00000,1.01700000,s,l,
1525866640.0193,739.12000,2.50453557,s,l,
1525867583.3337,751.66000,0.03900000,b,m,
1525886096.7063,760.00000,0.55590000,s,l,
1525827699.4529,741.24000,0.08008597,b,l,
1525885733.351,757.10000,0.03000000,b,m,
1525880036.3928,747.95000,0.00000092,s,l,
1525871307.5018,744.42000,0.17097205,s,m,
1525886097.9676,760.01000,0.15856766,b,m,
1525892730.5367,748.00000,1.70000000,b,l,
1525842408.4367,718.90000,0.05486731,s,m,
1525893130.1568,746.72000,1.16961434,s,l,
1525812087.4661,747.65000,0.03800000,b,l,
1525803258.721,730.00000,0.50000000,s,m,
1525812089.7027,748.00000,0.44455500,s,l,
1525824644.2783,747.34000,2.00000000,s,l,
1525812094.2253,748.00000,7.70000000,s,l,
1525812097.349,748.00000,0.39260700,s,l,
1525829845.0871,742.00000,8.00000000,s,l,
1525859560.2911,733.50000,0.01000000,s,l,
1525818478.1052,753.82000,0.04000000,b,m,
1525867095.5642,740.87000,1.21900000,b,l,
1525792531.2014,732.99000,0.92729279,b,l,
1525836273.3399,723.23000,29.14397000,s,m,
1525802129.5761,736.00000,0.10000000,s,m,
1525809645.0417,747.12000,5.00000000,s,l,
1525784018.127,736.83000,0.00000005,b,m,
1525812113.0233,748.00000,0.51948000,s,l,
1525812114.8811,748.00000,1.95193660,s,l,
1525812115.6196,747.99000,0.00133443,b,l,
1525812118.428,747.80000,1.50000000,b,m,
1525886106.4377,760.01000,5.00044376,b,l,
1525812126.9338,747.97000,0.23714946,b,m,
1525886107.3578,760.00000,1.49611621,s,m,
1525812137.3254,747.95000,5.00000000,b,l,
1525877675.7125,747.45000,0.02200000,b,l,
1525779263.869,732.10000,13.64600000,s,l,
1525812695.134,740.51000,2.56018806,s,m,
1525836088.0829,724.48000,0.56369078,b,m,
1525885691.7051,760.00000,0.04665021,b,m,
1525877682.9838,747.41000,0.52427740,b,m,
1525877683.0275,747.45000,0.47572260,b,m,
1525849487.4707,720.73000,0.02455952,b,l,
1525818520.0854,756.20000,1.40000000,b,m,
1525877692.9871,747.52000,0.08298420,b,l,
1525812159.3199,748.00000,23.84800000,s,l,
1525839542.9938,719.40000,14.00000000,b,m,
1525818478.0971,753.75000,0.24800000,b,m,
1525811417.2777,746.33000,1.29000000,s,l,
1525812169.1418,747.97000,0.23715601,b,m,
1525804867.5272,743.22000,2.99000000,s,m,
1525840619.145,720.60000,0.02100000,b,m,
1525877711.4023,747.48000,0.02600000,b,m,
1525779015.0626,731.00000,0.45296924,b,l,
1525849488.1327,720.73000,0.00000003,b,m,
1525812183.6045,746.42000,0.40000000,s,l,
1525781358.6639,722.10000,3.23800000,s,m,
1525838577.1015,715.48000,1.94300000,b,l,
1525761796.8257,753.90000,0.15163200,s,l,
1525881236.8227,749.30000,0.03800000,b,m,
1525835714.9526,717.11000,10.00000000,s,m,
1525812199.5121,747.00000,0.04000000,s,l,
1525787815.3253,729.82000,0.07239510,b,m,
1525812204.2224,747.94000,0.02200000,b,l,
1525812206.8379,746.15000,0.34114405,s,l,
1525858218.9522,731.31000,0.09700000,s,l,
1525812208.2959,746.02000,5.01000000,s,l,
1525864053.5599,739.50000,1.66200000,b,l,
1525812215.0917,747.00000,0.06000000,b,m,
1525778292.2439,730.00000,100.00000000,s,l,
1525885931.709,758.00000,0.00000429,b,l,
1525812218.6694,745.68000,0.96422096,s,l,
1525771407.78,745.67000,6.87184795,b,m,
1525812221.2556,745.66000,4.49822096,s,l,
1525812222.6284,745.66000,10.00000000,s,l,
1525812225.0678,747.90000,0.28045559,b,l,
1525885803.9076,758.80000,21.00000000,b,l,
1525834214.8716,730.56000,7.70000000,s,l,
1525816756.9966,745.53000,0.00030335,s,m,
1525858219.269,731.31000,1.63240664,s,l,
1525843683.9558,721.06000,6.04440226,b,l,
1525812246.1915,746.74000,0.02200000,b,l,
1525832283.088,739.31000,0.02662488,s,l,
1525859561.303,733.31000,2.98000000,s,l,
1525812392.9757,741.50000,1.00000000,s,m,
1525856629.5849,728.60000,0.12379649,b,l,
1525876832.0143,745.89000,0.03800000,b,m,
1525842438.8906,720.61000,0.19271999,b,m,
1525834237.6648,730.00000,1.09000000,s,l,
1525812266.3646,745.43000,0.43842265,s,m,
1525886130.7961,760.01000,5.00000000,s,l,
1525812270.3698,745.43000,4.31557735,s,l,
1525864285.8921,741.61000,0.50000000,s,m,
1525877808.504,747.45000,2.00000000,b,l,
1525812273.6133,744.84000,9.71000000,s,m,
1525877810.5952,747.00000,0.40160000,s,m,
1525812275.6077,744.80000,0.20735088,s,m,
1525812276.7841,745.41000,10.87118008,b,m,
1525871314.9222,746.00000,0.06208093,b,m,
1525818568.7256,756.20000,6.80346484,b,m,
1525812283.9836,745.33000,7.70000000,b,l,
1525771835.9719,745.00000,0.00234745,s,m,
1525877971.6934,747.89000,0.02300000,b,l,
1525812295.8968,744.32000,1.00000000,s,l,
1525858252.4071,731.31000,0.22461780,s,l,
1525812304.9453,743.99000,0.06129249,s,l,
1525812305.763,742.68000,2.82671391,s,m,
1525812319.9759,742.40000,1.50000000,s,m,
1525803400.5226,731.03000,0.31101279,s,l,
1525812332.557,742.22000,0.36732108,s,m,
1525804907.4861,745.16000,0.02200000,b,m,
1525812337.3436,742.22000,0.18575432,s,l,
1525875219.5577,741.96000,0.02300000,b,m,
1525870541.5521,746.92000,13.50000000,s,m,
1525812346.8527,742.21000,0.07000000,s,m,
1525877886.4909,747.19000,0.81245488,b,l,
1525798763.978,731.68000,0.04300435,b,l,
1525883130.5968,750.92000,0.02400000,b,m,
1525834515.5389,727.00000,0.57478461,s,l,
1525877897.0875,746.97000,0.30000000,b,l,
1525877898.6045,746.97000,0.25063554,b,l,
1525812364.8882,742.20000,0.79340580,s,l,
1525877901.6549,747.00000,0.03206798,b,l,
1525798765.5284,732.50000,0.02200000,b,l,
1525812375.0229,742.20000,0.10000000,s,m,
1525781001.2182,720.15000,4.55187040,s,l,
1525857662.7117,730.73000,0.02500000,b,m,
1525807188.0339,745.36000,0.03126870,s,m,
1525858224.6712,731.30000,0.08740664,s,l,
1525791062.8998,728.83000,0.22985256,s,m,
1525877928.9653,747.00000,0.96793202,b,l,
1525812393.1511,741.01000,0.61500000,s,m,
1525812399.4334,740.41000,0.08521180,s,m,
1525838924.7804,709.10000,0.00506631,s,m,
1525833945.8948,733.97000,0.02200000,b,m,
1525817943.147,752.70000,0.02400000,b,m,
1525812406.2545,740.40000,0.20000000,s,m,
1525834248.2759,729.02000,5.24400000,s,l,
1525798633.4001,731.20000,1.00000000,s,l,
1525869164.5037,749.35000,0.02300000,b,m,
1525858225.2414,731.30000,1.33147296,s,l,
1525812426.5816,741.31000,0.05081958,b,l,
1525897079.9463,754.14000,4.06638190,s,l,
1525780918.2292,722.64000,3.39519926,s,l,
1525787853.7358,728.91000,1.13300000,s,m,
1525812432.5325,740.87000,1.00000000,b,l,
1525877971.6858,747.54000,0.02300000,b,l,
1525857508.7702,729.57000,3.08900000,b,l,
1525885757.7396,757.66000,2.40264482,b,m,
1525812444.7666,741.61000,1.50509340,b,l,
1525812445.1175,741.97000,0.87000000,b,l,
1525880872.9904,749.00000,0.25762748,b,m,
1525788461.0496,730.51000,2.47800000,s,m,
1525858253.9805,731.30000,0.00100000,s,m,
1525812455.229,742.35000,0.08001408,b,l,
1525877992.3841,748.00000,0.00537261,b,l,
1525795966.3616,737.29000,213.46600000,b,l,
1525836039.3765,716.90000,5.09570000,s,m,
1525812426.565,740.93000,5.00000000,b,l,
1525835125.4164,723.89000,0.05000000,s,m,
1525873503.0342,747.01000,0.02067976,s,m,
1525812484.4407,742.97000,0.02300000,b,m,
1525878023.1349,748.74000,8.49440226,b,l,
1525878024.6348,749.28000,9.00000000,s,l,
1525878025.5681,749.28000,2.72222094,s,l,
1525878026.3298,749.28000,3.93884344,s,l,
1525886597.1098,758.08000,0.00035368,b,l,
1525787864.5737,730.02000,1.00000000,b,m,
1525809030.2161,747.76000,0.02200000,b,m,
1525798787.0014,733.39000,0.02100000,b,l,
1525812500.9952,742.99000,4.39088424,b,l,
1525812501.047,742.99000,18.47147557,b,l,
1525878039.7972,747.78000,0.02600000,b,m,
1525878043.1116,747.79000,3.43974819,b,l,
1525812510.8057,743.84000,0.03870598,b,m,
1525839192.6981,711.40000,0.38597369,s,m,
1525878053.3137,747.78000,0.28012591,b,l,
1525812520.2523,743.84000,0.12045665,b,l,
1525886321.0897,758.00000,1.00000000,b,m,
1525812523.9994,743.84000,0.93906000,b,m,
1525812524.009,743.84000,0.79060000,b,m,
1525759073.1586,750.00000,0.26666666,s,l,
1525878065.8816,748.77000,0.02300000,b,l,
1525759536.9269,746.94000,5.00000000,s,m,
1525878717.9325,746.58000,1.02497088,s,m,
1525766574.6011,759.00000,0.20433597,b,l,
1525776267.9916,743.40000,3.00124938,s,l,
1525878076.2148,748.77000,0.02200000,b,l,
1525841328.351,721.56000,0.04900000,b,m,
1525878078.294,747.40000,0.29191334,s,m,
1525878079.7866,748.79000,1.32816852,b,m,
1525878088.9871,748.77000,0.02300000,b,l,
1525831564.9256,743.26000,0.02200000,b,l,
1525825178.5989,741.00000,0.02700000,s,m,
1525804134.938,739.88000,0.02815740,b,m,
1525834225.5164,730.04000,0.29000000,s,l,
1525884417.2706,749.99000,0.01546214,b,l,
1525858230.9038,731.32000,0.24800000,s,l,
1525812571.2408,743.81000,0.52852440,b,m,
1525878108.3741,747.47000,0.66667555,b,l,
1525886181.0253,760.28000,0.00166168,b,l,
1525875259.7708,742.00000,0.00077916,b,l,
1525768758.1591,755.10000,2.99625813,b,l,
1525875261.559,742.00000,0.49700371,b,l,
1525858231.6626,731.30000,0.37360376,s,l,
1525820649.3732,754.00000,3.53041339,b,l,
1525812600.1313,743.22000,0.00238853,s,m,
1525781439.5028,724.00000,0.00076736,b,l,
1525878143.803,747.48000,0.02300000,b,m,
1525791742.6734,732.71000,0.02600000,b,m,
1525778186.8117,735.60000,0.12786831,s,l,
1525878154.5474,747.00000,1.00000000,s,l,
1525878159.0661,747.38000,0.33332445,b,m,
1525812625.7587,743.79000,0.02934712,b,m,
1525892915.8185,746.77000,0.52106356,s,m,
1525842499.5681,719.21000,2.20300000,s,l,
1525830573.4919,742.37000,0.02200000,b,l,
1525855539.6087,724.06000,0.20000000,b,l,
1525784970.0775,740.45000,0.02200000,b,m,
1525812636.785,743.80000,1.20000000,b,m,
1525897114.9409,754.01000,4.76600000,s,l,
1525858606.2454,729.80000,0.37000000,s,l,
1525888721.7609,749.97000,0.02300000,b,m,
1525795325.4541,734.75000,0.00263496,b,l,
1525878188.2624,748.42000,0.02545573,b,m,
1525885556.0153,754.85000,1.50000000,b,m,
1525775329.9512,745.45000,0.86257304,s,l,
1525816398.6206,747.00000,0.00000250,b,m,
1525885691.36,757.50000,19.00000000,b,l,
1525812659.1689,743.10000,5.00000000,s,l,
1525842505.8198,718.33000,16.55857723,s,m,
1525817726.3397,752.98000,0.70000000,b,m,
1525878203.416,748.43000,0.52380668,b,l,
1525776970.8151,746.13000,0.03900000,b,l,
1525832504.6264,736.93000,0.60881610,s,m,
1525886198.0534,760.41000,0.02500000,b,m,
1525768346.6998,757.75000,0.02000000,b,l,
1525776972.3104,746.58000,0.02300000,b,l,
1525878220.0491,748.42000,0.03431733,b,m,
1525803262.212,730.10000,10.00000000,s,l,
1525760671.9062,755.36000,0.02000000,b,l,
1525868718.8093,746.50000,5.00000000,s,m,
1525812695.1464,740.24000,1.27395322,s,m,
1525798820.4719,733.56000,0.26145841,b,m,
1525835528.3311,721.53000,1.48484642,b,l,
1525778740.2216,731.00000,2.63209070,b,l,
1525878245.8171,748.80000,0.06252885,b,m,
1525840345.4909,717.21000,5.00000000,s,l,
1525869696.3927,748.83000,3.36909386,b,l,
1525812717.3525,741.41000,0.02000000,s,l,
1525812722.5404,742.41000,0.02693385,b,l,
1525812723.7989,741.41000,0.00534370,s,m,
1525878263.2075,748.80000,0.00200000,b,m,
1525878265.3855,748.84000,0.02600000,b,m,
1525770945.2966,750.96000,0.34820585,b,m,
1525787903.139,729.00000,6.48120958,b,l,
1525812733.3706,740.61000,3.00000000,s,m,
1525835996.6761,719.00000,1.35889674,b,l,
1525867542.791,752.00000,2.58327260,s,l,
1525886208.6462,760.43000,2.13959085,b,m,
1525818955.7438,753.81000,0.50000000,s,m,
1525858264.864,731.30000,0.25896397,s,m,
1525855539.5989,724.06000,0.82100000,b,l,
1525853441.0273,718.44000,0.50000000,b,l,
1525878282.9135,747.86000,0.02545573,s,m,
1525878285.8982,747.89000,0.05385913,s,m,
1525864365.2503,741.00000,0.58869172,b,l,
1525880520.4019,748.97000,0.02600000,b,l,
1525866984.5325,740.76000,0.02200000,b,m,
1525886211.5773,760.29000,2.65850936,s,l,
1525775349.5641,745.26000,0.01617103,s,l,
1525818740.2188,753.64000,0.87685220,s,l,
1525781440.0987,725.38000,6.78559774,b,l,
1525811555.7426,746.10000,7.70000000,s,l,
1525845143.8415,719.57000,0.11743505,s,l,
1525768764.2331,755.09000,0.09397294,s,l,
1525878304.1246,748.72000,0.02200000,b,m,
1525848236.926,719.75000,2.71371760,b,l,
1525760927.1697,757.49000,0.00100000,b,m,
1525846482.7199,723.46000,0.67000000,b,l,
1525832454.6689,738.14000,1.15043464,s,l,
1525809758.5837,746.61000,1.30746578,s,m,
1525812791.1393,742.33000,1.00000000,b,m,
1525853450.7087,718.54000,8.79456821,b,l,
1525857508.753,729.55000,0.43900000,b,l,
1525772979.192,735.70000,4.99972421,b,l,
1525856946.5991,727.26000,0.10000000,s,m,
1525878339.0169,748.68000,0.02300000,b,m,
1525776993.2728,746.12000,1.00000000,s,l,
1525795225.0504,734.74000,6.00000000,s,l,
1525886221.9951,760.41000,0.02000000,b,l,
1525897144.6678,754.00000,0.97600000,b,l,
1525879205.0744,745.79000,0.06022046,b,l,
1525896663.7959,752.65000,0.35367120,b,l,
1525836039.3597,717.63000,79.14800000,s,m,
1525792629.5922,731.90000,0.06831534,s,l,
1525835998.9843,718.98000,0.50000000,s,l,
1525878368.3953,748.64000,0.04210000,b,m,
1525831611.8021,743.53000,0.02600000,b,m,
1525760322.8098,754.89000,0.77700000,b,l,
1525803263.7437,728.40000,0.15468200,s,m,
1525820689.3444,753.75000,0.14000000,b,m,
1525773900.5894,741.20000,0.73714715,b,l,
1525884417.268,749.99000,1.29600000,b,l,
1525778454.94,735.24000,0.46828231,b,m,
1525812856.3364,742.35000,0.49445160,b,m,
1525875306.8371,742.00000,0.30742156,b,m,
1525856510.7893,726.50000,1.50000000,s,m,
1525888792.0423,751.22000,0.02000000,b,m,
1525864387.1037,740.96000,13.46200000,s,m,
1525760039.7377,755.18000,2.00000000,b,m,
1525812891.9824,742.35000,1.80000000,b,l,
1525835285.834,720.00000,19.80000000,s,m,
1525784044.9846,737.24000,2.99000000,b,l,
1525888420.6701,749.20000,1.48700000,s,m,
1525773133.0906,740.60000,1.50000000,b,m,
1525836390.3248,719.41000,53.23831445,s,m,
1525761662.3877,754.97000,5.00000000,b,m,
1525853469.5422,718.20000,0.96749052,s,m,
1525871786.8791,743.92000,0.51943401,s,m,
1525891102.5023,750.12000,4.53900000,s,l,
1525825178.5812,741.01000,10.06900000,s,m,
1525777012.9133,745.91000,0.18572555,s,l,
1525834237.6843,730.00000,10.00000000,s,l,
1525864394.6189,741.40000,0.00000008,s,m,
1525878463.327,748.57000,1.63608997,b,l,
1525781863.1869,724.96000,0.02400000,b,m,
1525882247.0643,747.48000,0.34749375,b,l,
1525878471.1568,747.33000,0.50000000,s,m,
1525866418.8689,740.93000,4.85780296,s,m,
1525812948.7592,741.03000,1.00000000,s,m,
1525864398.5547,741.44000,0.00367515,s,m,
1525836349.702,723.06000,0.16106835,b,l,
1525864399.6,742.37000,0.08584176,b,m,
1525812959.9977,741.57000,1.00000000,b,l,
1525885439.1236,751.00000,0.25845697,b,m,
1525812963.3447,740.18000,0.15858721,s,l,
1525812964.2348,740.02000,0.02000000,s,m,
1525853478.2478,718.20000,0.16193790,s,l,
1525788411.5389,732.66000,2.00000000,s,l,
1525812969.9501,740.00000,2.99000000,s,l,
1525839542.6735,716.68000,7.49700000,b,l,
1525871337.545,744.52000,0.00002783,s,l,
1525812973.5158,740.11000,0.16000000,s,l,
1525869155.6289,749.05000,2.94172386,s,l,
1525836039.328,719.23000,5.00000000,s,m,
1525781001.2143,720.16000,0.47812960,s,l,
1525833523.8872,731.00000,0.02600000,b,l,
1525812984.9497,740.13000,0.47000000,s,l,
1525808052.6378,748.55000,0.02600000,b,m,
1525812989.1311,740.00000,0.42963795,s,l,
1525841328.3846,722.32000,0.68642119,b,m,
1525842560.9587,718.94000,0.08245598,b,l,
1525853483.8125,718.54000,37.44461000,b,l,
1525824188.0362,750.84000,0.11994762,b,m,
1525821146.2475,755.00000,0.23839647,b,m,
1525783701.0949,731.00000,1.25000000,s,l,
1525842562.4636,718.61000,0.05064061,s,l,
1525874499.4115,742.07000,0.00000322,s,l,
1525851710.8465,720.42000,0.25075803,s,l,
1525772892.3337,737.49000,5.00000000,b,m,
1525813014.3777,740.14000,0.06892713,s,m,
1525836088.1236,724.84000,4.93020000,b,m,
1525835125.4368,723.15000,1.77988322,s,m,
1525813022.5673,740.01000,4.56892713,s,l,
1525818568.6999,755.68000,0.41452587,b,m,
1525799799.877,735.80000,0.58790000,b,m,
1525787952.6111,728.28000,5.00000000,s,m,
1525803450.7966,733.96000,1.14733117,b,m,
1525813029.0111,740.03000,1.80000000,s,m,
1525840613.6591,719.44000,13.91500000,b,m,
1525813032.6132,740.00000,0.00600000,s,m,
1525813033.3112,740.00000,0.10000000,s,m,
1525809030.219,747.95000,0.47800000,b,m,
1525835998.9794,718.99000,8.42700000,s,l,
1525878573.5252,747.70000,0.83145878,s,l,
1525778282.3935,733.90000,1.00000000,s,m,
1525813040.0063,740.00000,0.07000000,s,m,
1525813042.8513,741.00000,2.42799311,b,m,
1525764224.7304,757.96000,0.84000000,b,m,
1525759183.6297,751.80000,0.75000000,b,m,
1525878583.716,747.05000,0.40229147,s,m,
1525799325.9154,733.00000,1.50000000,b,l,
1525858257.9723,731.74000,0.99300000,s,l,
1525831720.0092,745.24000,0.77300000,b,l,
1525813058.5728,740.00000,14.90454554,s,l,
1525779685.7652,731.91000,0.37700000,s,l,
1525894168.8471,745.12000,1.00000000,s,l,
1525777036.5005,745.55000,3.38819749,s,l,
1525886263.0944,760.41000,0.03200000,b,m,
1525831650.7201,743.75000,2.57614110,s,l,
1525791805.1266,734.25000,0.00005862,b,m,
1525837489.6961,726.86000,0.03200000,b,m,
1525818575.8376,756.57000,0.00000030,b,l,
1525892868.23,746.00000,20.00000000,b,l,
1525813083.461,740.00000,3.07165009,s,l,
1525774332.433,744.84000,0.02200000,b,m,
1525778358.2605,730.00000,1.98178940,b,l,
1525813096.3056,740.00000,2.00000000,s,l,
1525885858.9361,758.00000,20.00000000,s,l,
1525887063.2415,757.07000,0.04126200,b,m,
1525813104.0245,740.00000,0.09974067,s,l,
1525878641.9033,747.52000,1.00000000,s,l,
1525858248.8118,731.72000,0.98400000,s,l,
1525886270.3531,760.27000,0.47977900,s,l,
1525813115.5689,739.50000,0.00830368,s,m,
1525813116.5138,739.40000,0.13831200,s,m,
1525795280.2812,735.19000,4.79764086,b,l,
1525836088.1204,724.81000,0.11151275,b,m,
1525793663.8047,731.44000,0.25000000,s,l,
1525863346.6853,737.00000,1.23200000,b,m,
1525784694.0421,737.93000,0.05200000,b,m,
1525759620.37,749.50000,0.04530679,b,l,
1525839028.988,711.90000,0.00000006,b,m,
1525872839.4911,747.70000,0.40600164,s,l,
1525858249.9072,731.71000,0.28461780,s,l,
1525839979.2319,717.20000,0.04745034,b,l,
1525879520.2393,744.49000,5.00000000,s,l,
1525831663.8851,743.76000,0.02600000,b,l,
1525813149.5415,739.42000,0.12319522,s,l,
1525813151.4463,738.88000,0.10000000,s,l,
1525771932.3976,743.90000,1.00000000,s,m,
1525845156.4633,719.81000,0.02100000,b,l,
1525878692.701,748.26000,0.78114387,b,l,
1525798897.0214,732.49000,0.14988597,s,l,
1525868911.668,747.98000,0.02300000,b,m,
1525842588.9836,718.14000,1.38000000,s,l,
1525877565.0971,748.36000,4.55157648,b,l,
1525839054.846,713.51000,7.47700000,b,m,
1525813167.4791,738.79000,10.66672129,s,m,
1525858250.343,731.71000,0.98700000,s,l,
1525885691.3115,756.12000,0.11055170,b,l,
1525813170.9247,738.79000,5.88250000,s,l,
1525842590.3078,717.24000,0.33096155,s,l,
1525813177.102,738.80000,0.17300000,s,m,
1525779697.2117,732.28000,0.42420418,s,l,
1525878717.854,747.43000,0.23002479,s,m,
1525878718.0009,745.40000,20.00000000,s,m,
1525833648.1077,732.53000,1.09458260,b,m,
1525863501.4115,739.00000,0.63507315,b,l,
1525827699.4667,741.25000,0.24584350,b,l,
1525878023.1173,747.99000,0.04226131,b,l,
1525813196.4901,739.80000,0.06736737,b,l,
1525842594.9416,716.80000,0.04000000,s,l,
1525849522.1059,720.60000,0.10000000,s,l,
1525878738.2761,747.76000,0.50000000,b,m,
1525813203.5096,739.01000,5.46200000,s,l,
1525813204.2772,739.80000,0.05000000,b,l,
1525813206.4475,739.01000,0.95000000,s,l,
1525858257.7703,731.74000,0.99400000,s,l,
1525761796.8236,753.90000,0.14489300,s,l,
1525813215.5673,739.80000,0.50000000,b,m,
1525886288.1736,760.40000,0.02300000,b,m,
1525813219.5432,739.02000,1.99999994,s,m,
1525885147.9775,749.24000,4.75077030,s,l,
1525813222.7046,739.01000,0.20000000,s,m,
1525787985.9035,728.18000,0.75700000,s,m,
1525839979.2446,717.49000,7.88777024,b,l,
1525858252.7166,731.31000,0.60038220,s,l,
1525878768.1542,746.52000,0.13263767,s,m,
1525886291.5902,760.29000,0.04892869,s,l,
1525774460.3649,746.70000,0.13996300,b,m,
1525878781.5644,747.30000,0.29000000,b,l,
1525813247.5415,739.50000,0.29782670,s,l,
1525869164.5184,749.59000,0.03900000,b,m,
1525837908.0353,718.03000,1.99743729,s,m,
1525834248.3122,729.00000,2.80866785,s,m,
1525858253.2635,731.30000,0.98000000,s,l,
1525840795.5999,720.81000,0.74000000,b,m,
1525780134.1138,732.33000,0.18403370,b,l,
1525788421.9873,732.09000,6.34899088,b,m,
1525779692.7617,732.01000,1.25471088,s,l,
1525795967.7874,738.00000,0.00439712,s,m,
1525812426.5678,741.00000,15.09776081,b,l,
1525878809.5929,746.52000,0.13310105,s,m,
1525813276.7789,739.50000,0.00122324,s,l,
1525790648.5202,732.07000,5.00000000,s,m,
1525864453.6914,742.03000,0.42184305,s,m,
1525878816.4937,746.77000,0.08416644,b,l,
1525813281.5097,739.05000,0.10000000,s,l,
1525834249.7358,729.00000,5.00000000,s,m,
1525864454.8775,742.24000,0.08005775,b,l,
1525813291.3445,739.50000,0.50000000,b,m,
1525803266.6816,728.35000,9.00000000,s,l,
1525813295.2553,739.47000,1.00000000,b,m,
1525803243.4138,732.00000,0.06500000,s,m,
1525760667.465,754.96000,0.01000000,b,l,
1525878845.7217,744.82000,13.41200000,s,m,
1525813315.2586,739.50000,3.97721880,b,l,
1525813317.2623,739.50000,0.95020190,b,l,
1525856831.6185,729.14000,3.00000000,b,l,
1525813324.549,740.00000,15.01182528,b,l,
1525813326.457,740.00000,12.25763809,b,l,
1525838934.7698,709.70000,0.62592981,b,l,
1525813331.617,740.00000,0.08000000,b,l,
1525813332.0565,741.00000,0.00112770,b,m,
1525813336.3791,741.80000,0.00000005,b,l,
1525885409.5808,750.00000,0.59321674,b,m,
1525813339.0345,742.19000,0.30000000,b,m,
1525836000.5467,719.00000,1.23417942,b,l,
1525778317.743,732.98000,0.05417804,b,l,
1525813345.8595,742.10000,1.00000000,b,m,
1525789300.734,732.60000,0.00018861,s,l,
1525858259.4925,731.33000,0.98600000,s,l,
1525870739.7375,746.65000,2.00000000,s,m,
1525816398.6429,747.00000,0.04842451,b,m,
1525838616.9562,714.46000,0.11509536,s,m,
1525856831.6626,729.14000,0.39700000,b,l,
1525813367.5339,743.18000,4.95933388,b,l,
1525878904.3838,745.87000,0.61500000,b,m,
1525813369.8446,743.26000,1.00000000,b,m,
1525804539.0821,746.80000,14.61243973,b,m,
1525851710.8544,720.24000,1.61100000,s,l,
1525888420.6671,749.48000,0.38621466,s,m,
1525835285.6247,720.60000,2.00000000,s,m,
1525858257.444,731.74000,0.98900000,s,l,
1525886315.4685,758.83000,9.44600000,s,l,
1525813385.1922,744.31000,3.69400000,b,m,
1525779696.2972,732.10000,1.50000000,b,l,
1525833523.9277,731.00000,0.02300000,b,l,
1525886317.0761,758.00000,12.00000000,b,l,
1525886318.8572,758.00000,20.10559774,b,l,
1525835360.848,717.48000,13.50000000,s,m,
1525809030.186,747.00000,0.20100000,b,l,
1525886319.2822,757.83000,0.20000000,s,m,
1525878943.9511,745.85000,0.09784328,b,l,
1525886320.1397,758.00000,18.74000000,b,l,
1525886321.2216,758.00000,5.00000000,b,m,
1525857823.9616,730.11000,4.49900000,s,l,
1525878845.71,745.00000,4.00000000,s,m,
1525779697.2198,732.01000,1.65433478,s,l,
1525886322.8418,758.00000,0.09845808,b,m,
1525813423.4215,742.81000,0.02000000,s,m,
1525842632.2423,713.82000,17.80726275,s,m,
1525886323.0445,758.00000,0.90154192,b,m,
1525768351.3278,757.90000,0.76800000,b,l,
1525838897.449,710.00000,0.04598803,s,l,
1525842899.3221,719.19000,0.03908088,b,l,
1525810892.6637,748.11000,0.02200000,b,l,
1525858259.0453,731.74000,0.99600000,s,l,
1525878975.9517,745.39000,0.98916644,s,l,
1525765749.153,759.49000,0.02000000,b,m,
1525838619.7993,715.26000,0.53232150,b,l,
1525898413.3877,750.99000,3.49000000,b,l,
1525813455.2211,742.32000,0.34197544,s,m,
1525878994.8164,745.23000,0.40000000,s,l,
1525813460.1325,742.33000,3.69400000,s,l,
1525867508.8853,750.00000,7.50000000,b,l,
1525779857.6479,728.70000,0.02000000,b,l,
1525870888.5579,744.00000,13.05040000,b,l,
1525824489.2593,743.90000,0.00959038,s,m,
1525879015.216,745.23000,0.29000000,s,l,
1525831719.9937,744.09000,0.13104699,b,l,
1525879022.5971,745.66000,0.31182850,b,l,
1525879023.199,745.98000,0.21777231,b,l,
1525835360.9095,715.02000,7.25134614,s,m,
1525831720.0233,745.48000,212.19000000,b,l,
1525836001.8903,719.00000,3.12100000,b,l,
1525879027.8192,745.98000,0.68780900,b,l,
1525804504.0667,746.00000,9.49200000,s,l,
1525879029.4279,745.98000,0.57033923,b,l,
1525831721.4397,743.79000,8.81100000,b,l,
1525879034.9272,745.97000,0.96297431,b,l,
1525879036.7585,745.97000,0.70302569,b,m,
1525879038.9777,745.96000,1.04067658,b,l,
1525773153.5535,740.59000,0.02300000,b,m,
1525766187.2217,758.62000,0.00007760,s,l,
1525813508.4319,741.93000,0.16886887,b,l,
1525794636.6417,733.74000,5.00000000,b,l,
1525835043.9101,724.98000,0.24132151,s,m,
1525862626.1418,734.12000,1.37500000,b,l,
1525879050.8452,745.98000,0.14787473,b,m,
1525858602.2916,730.07000,0.00003883,b,l,
1525877810.6085,746.68000,0.80000000,s,m,
1525780927.9863,723.40000,2.57828335,s,l,
1525842649.142,716.18000,1.81913206,b,l,
1525886340.5949,758.00000,0.82410000,b,l,
1525879910.1104,747.21000,0.02300000,b,l,
1525862028.8962,731.79000,0.23733334,b,l,
1525809882.3855,746.69000,0.31012541,b,l,
1525817234.4137,749.23000,2.00000000,s,m,
1525886341.765,758.00000,9.29400000,b,l,
1525778568.459,734.96000,0.90900000,b,l,
1525777115.4087,745.00000,0.94465701,b,m,
1525886342.6837,758.00000,2.52000000,b,l,
1525812435.5807,741.29000,3.00124938,b,l,
1525813543.7853,741.80000,0.00287137,s,l,
1525779263.8367,732.60000,5.00000000,s,l,
1525785637.5715,737.21000,0.95200000,s,l,
1525879085.9281,745.93000,0.10879724,b,l,
1525886344.7002,758.00000,0.04670000,b,l,
1525842654.8933,717.57000,5.00000000,b,l,
1525858263.906,731.34000,0.98700000,s,l,
1525771407.8266,745.67000,5.48860000,b,l,
1525879102.5437,745.23000,0.34624968,s,m,
1525879103.3896,745.92000,0.57497144,b,l,
1525879104.1386,745.92000,0.66775200,b,l,
1525879106.0664,745.93000,1.54400000,b,l,
1525853579.7566,718.98000,0.02400000,b,l,
1525862628.1617,734.34000,0.00500000,b,l,
1525879110.2493,745.98000,0.43504300,b,l,
1525879112.5201,745.98000,1.85192100,b,l,
1525879114.7589,745.99000,0.82752500,b,l,
1525879115.7126,745.99000,5.26969000,b,l,
1525818568.7508,757.76000,12.81515493,b,m,
1525879117.9185,745.99000,0.66774400,b,l,
1525879123.1411,745.99000,0.66767900,b,l,
1525858264.8609,731.30000,3.09100000,s,m,
1525788046.2363,728.64000,0.00111273,b,l,
1525875443.6874,742.52000,0.02300000,b,l,
1525780220.2847,731.99000,0.00000005,b,m,
1525841328.376,722.29000,1.36700000,b,m,
1525885757.7657,758.09000,19.43289048,b,m,
1525811933.1213,743.53000,0.16194691,s,m,
1525774197.0542,743.48000,0.08758458,b,l,
1525881576.9214,746.66000,0.12659140,s,l,
1525831741.9966,745.69000,11.32764479,b,m,
1525787556.0908,728.70000,4.05651001,s,m,
1525868007.8549,748.49000,7.42082742,b,m,
1525840807.8437,719.39000,0.68435944,s,m,
1525809897.3048,747.00000,10.93747529,b,l,
1525797162.9023,735.00000,0.00143062,s,l,
1525857508.4628,729.28000,1.23100000,b,l,
1525888817.611,751.09000,0.73491928,b,m,
1525818478.0941,753.73000,0.02000000,b,m,
1525784694.0272,737.34000,0.02200000,b,m,
1525879176.2728,745.20000,0.03836160,s,l,
1525869891.4124,749.49000,0.08176633,b,m,
1525886359.2402,758.03000,1.23800000,s,l,
1525857662.8837,731.57000,1.00000000,b,m,
1525886360.6836,756.48000,8.02592797,s,l,
1525897283.6246,753.95000,0.00871515,b,m,
1525838952.1053,706.06000,5.05892615,s,m,
1525834598.1584,729.80000,0.02200000,b,m,
1525897284.9013,753.06000,0.10192744,s,l,
1525830846.327,743.57000,0.02600000,b,l,
1525818109.4142,752.13000,0.23918624,s,m,
1525803710.5883,733.97000,0.02500000,b,l,
1525880520.4157,748.99000,0.02600000,b,l,
1525879205.0677,745.78000,2.16433333,b,l,
1525772631.4322,738.73000,1.77000000,s,l,
1525833472.4657,730.76000,0.11485142,s,l,
1525842674.184,719.00000,2.05310300,s,l,
1525858267.6292,731.71000,0.98900000,s,l,
1525879218.7518,745.72000,1.04481885,b,l,
1525875443.6849,742.51000,0.04500000,b,l,
1525836039.2662,720.60000,1.50000000,s,m,
1525831753.744,743.99000,0.31327815,s,l,
1525842676.5859,719.25000,4.72399844,b,l,
1525813691.0724,740.94000,5.16000000,s,l,
1525879228.099,745.71000,0.02200000,b,m,
1525878339.0203,748.69000,0.02200000,b,m,
1525833648.0863,732.32000,0.02600000,b,m,
1525825534.7004,744.17000,4.61238210,s,m,
1525858268.2199,731.71000,0.98600000,s,l,
1525775012.0373,751.17000,0.52949325,b,m,
1525897293.6481,753.01000,4.58140302,s,l,
1525879257.247,745.62000,0.02200000,b,m,
1525887132.9019,758.37000,2.55000000,b,m,
1525768353.7858,757.92000,0.26870931,b,l,
1525842684.7846,719.25000,0.49801965,s,m,
1525838952.0845,706.63000,2.64927883,s,m,
1525886360.6384,757.83000,5.00000000,s,l,
1525813741.3465,741.00000,0.10010010,b,l,
1525759073.1355,750.01000,1.00000000,s,l,
1525809918.9852,746.90000,1.00000000,b,l,
1525813751.7011,740.91000,0.00000647,s,m,
1525809919.9256,746.90000,2.01000000,b,l,
1525800019.266,737.20000,0.30238271,s,l,
1525797259.2529,735.38000,0.03000000,b,m,
1525788075.599,728.64000,0.00049384,b,m,
1525879300.0337,745.57000,0.31589284,b,l,
1525886380.0807,759.40000,0.02300000,b,l,
1525821759.0805,753.03000,2.80866785,s,m,
1525781891.1129,723.69000,0.11000000,s,m,
1525813774.4674,740.90000,3.00000000,s,m,
1525799000.7473,731.96000,0.02951604,s,l,
1525779709.2148,730.50000,1.11367330,s,l,
1525837017.5216,725.44000,1.48998877,s,l,
1525778916.2229,730.02000,0.15853680,s,m,
1525879323.5358,745.53000,0.98931832,b,l,
1525879324.8587,745.60000,0.02300000,b,l,
1525879326.4579,745.68000,0.00002962,b,l,
1525857489.8567,729.39000,0.04389760,b,l,
1525833123.6604,734.82000,0.17029972,b,l,
1525804539.0595,745.94000,3.00124938,b,m,
1525834237.6602,730.00000,0.91200749,s,l,
1525875463.6578,741.68000,0.04000000,s,m,
1525845605.8764,721.68000,0.02100000,b,l,
1525813811.7301,740.91000,0.11350000,b,l,
1525879348.0717,745.65000,0.12812813,b,l,
1525799007.8476,731.83000,0.32468468,b,l,
1525888203.2556,752.92000,0.39432331,s,m,
1525842698.1822,719.50000,0.00000003,b,l,
1525882933.5524,750.18000,0.02300000,b,m,
1525778454.9451,735.40000,0.58858118,b,m,
1525812435.5838,741.29000,0.40622228,b,l,
1525813829.1982,740.91000,0.14521922,b,l,
1525818506.4702,754.96000,0.03891877,b,m,
1525882277.5557,747.13000,1.00000000,s,m,
1525794636.6611,734.97000,2.55000000,b,l,
1525772556.0048,736.61000,9.97800000,s,m,
1525809934.7181,747.56000,0.02200000,b,l,
1525813848.142,740.99000,0.14496503,b,l,
1525831780.5059,744.99000,11.13861353,b,l,
1525825925.4018,745.94000,0.02200000,b,m,
1525779789.0336,729.80000,0.30000000,s,l,
1525842704.4724,719.01000,5.00000000,s,l,
1525803881.8905,735.88000,0.02031768,b,m,
1525886395.2109,758.70000,0.57832110,s,l,
1525813860.5872,740.92000,0.06000000,s,l,
1525864820.1949,741.52000,0.10123022,s,m,
1525831783.6244,745.00000,0.99828918,s,l,
1525838633.8363,715.19000,0.00000006,b,l,
1525888203.2484,753.54000,1.00000000,s,m,
1525813876.4337,740.90000,0.08000000,s,l,
1525886398.6403,758.44000,3.34742927,s,l,
1525831785.1068,744.00000,1.70636278,s,l,
1525813887.3555,740.99000,0.08256827,b,l,
1525858274.7377,731.30000,0.98800000,s,l,
1525813890.1728,741.00000,0.03770629,b,l,
1525897323.2398,752.94000,0.10192744,b,m,
1525893615.3024,747.56000,0.05271091,b,l,
1525893615.5199,746.50000,6.98684574,s,m,
1525868545.3235,747.43000,0.02000000,s,l,
1525897324.8722,752.70000,10.00000000,s,m,
1525772555.8363,739.74000,0.06759132,s,m,
1525838304.6488,718.81000,6.01300000,s,l,
1525806311.2164,748.23000,0.02300000,b,m,
1525813911.9214,740.99000,0.30995996,b,l,
1525886404.663,758.47000,0.11208000,s,m,
1525775349.5691,745.25000,0.02002670,s,l,
1525879453.078,745.67000,0.92065004,b,l,
1525858275.9053,731.01000,0.98800000,s,l,
1525779857.7089,728.81000,7.70000000,b,l,
1525823359.6272,750.00000,0.09989493,s,m,
1525797034.862,734.87000,0.02919865,b,l,
1525805901.9704,746.41000,0.16485802,s,l,
1525879463.4955,745.67000,2.88331299,b,l,
1525813929.5664,740.93000,5.83000000,s,l,
1525817423.9261,750.14000,0.24994750,s,m,
1525813934.3712,740.94000,6.25000000,s,l,
1525813939.6109,740.90000,1.14000000,s,l,
1525879476.8287,745.64000,0.29313136,b,l,
1525875734.6218,744.20000,3.99440821,s,l,
1525858263.6192,731.34000,0.98500000,s,l,
1525813953.2429,740.90000,0.22000000,s,l,
1525823360.5909,750.00000,2.16652937,s,m,
1525794105.0549,730.86000,0.02100000,b,m,
1525764688.4912,757.29000,0.81152952,b,l,
1525776552.4767,747.50000,1.47671969,b,m,
1525858264.8962,731.00000,0.04133626,s,m,
1525813966.6197,741.00000,8.07172450,b,m,
1525806375.0272,746.12000,12.05791285,s,m,
1525879506.2043,745.63000,0.19542090,b,l,
1525813974.0648,740.91000,0.09000000,s,l,
1525879512.9086,745.90000,9.29122119,s,l,
1525879519.8645,745.96000,0.19542090,b,m,
1525879520.2418,744.37000,4.94400000,s,l,
1525879521.064,744.00000,1.71498074,b,l,
1525879522.0236,744.00000,20.00000000,b,l,
1525879523.9986,744.00000,1.85293321,b,l,
1525879524.3251,744.00000,2.32700000,b,l,
1525879525.7729,743.99000,0.76564872,b,l,
1525762258.0442,752.93000,0.03602205,b,l,
1525813993.3924,740.99000,0.05000000,b,l,
1525794992.6282,734.37000,0.02600000,b,l,
1525870887.7847,744.00000,20.00000000,b,l,
1525813999.5639,740.90000,1.04544774,s,l,
1525879536.8636,745.94000,0.19534278,b,m,
1525814001.8238,741.00000,2.03415237,b,l,
1525824681.5196,744.21000,0.00594152,s,m,
1525814005.0298,741.00000,2.20000000,b,l,
1525814008.793,741.00000,2.19000000,b,l,
1525858278.2335,731.57000,0.99600000,s,l,
1525814011.3686,740.90000,3.55000000,s,l,
1525879521.973,744.00000,0.97400000,b,l,
1525879552.1175,745.59000,0.02300000,b,m,
1525848183.7997,715.00000,0.09846210,s,l,
1525794740.6246,733.70000,0.02900000,b,m,
1525879571.3,745.57000,0.00006370,b,l,
1525858279.3469,731.57000,0.99400000,s,l,
1525849550.3779,721.49000,0.24236041,b,m,
1525864580.5547,742.06000,3.14606965,b,l,
1525879579.5365,745.79000,0.02300000,b,l,
1525863501.4294,739.00000,1.30000000,b,l,
1525875504.506,741.82000,5.00000000,s,m,
1525788123.9981,729.95000,0.00000005,b,l,
1525853660.9944,719.02000,5.00000000,s,l,
1525879595.8252,745.79000,0.07968870,b,m,
1525863040.8729,735.69000,0.02200000,b,m,
1525886429.2925,758.83000,0.04398917,b,l,
1525893196.2703,746.71000,5.88821301,s,m,
1525879601.1757,745.80000,1.50000000,b,m,
1525799359.9965,732.95000,1.84191848,b,l,
1525835132.3455,724.50000,0.18378384,b,m,
1525853664.456,718.50000,0.00003247,b,l,
1525760159.3264,757.00000,80.61347227,s,l,
1525862645.0566,733.91000,0.32827431,s,m,
1525885410.2312,750.00000,2.40708641,b,m,
1525864588.2508,742.14000,15.00000000,s,l,
1525832504.6308,736.93000,1.00000000,s,m,
1525825547.403,745.55000,4.34400000,b,m,
1525831564.9085,743.20000,0.02200000,b,l,
1525858264.2873,731.32000,0.95200000,s,l,
1525897358.2531,753.00000,4.72250814,s,l,
1525780927.5631,723.39000,0.46618997,b,l,
1525879646.6742,746.07000,0.32400000,b,l,
1525781449.9816,725.94000,5.00000000,b,l,
1525814112.5611,741.00000,3.16535604,b,l,
1525766289.5983,758.72000,2.42635027,b,l,
1525813116.5061,739.50000,0.58132521,s,m,
1525777212.6108,744.50000,5.62402926,s,l,
1525886439.0436,758.83000,0.02000000,b,l,
1525814124.4149,741.00000,1.00000000,b,l,
1525858282.3971,731.34000,0.81000000,s,l,
1525773393.9045,739.67000,0.21347017,b,m,
1525883688.7203,749.79000,0.37281146,b,m,
1525795852.7382,734.67000,0.02200000,b,m,
1525875519.6426,742.98000,0.02600000,b,m,
1525835393.0819,719.34000,0.08242194,b,m,
1525792815.5714,731.98000,0.27385938,s,l,
1525784086.4174,737.69000,0.02100000,b,m,
1525858283.2711,731.02000,0.84700000,s,l,
1525838897.8946,709.00000,0.10757415,s,m,
1525879700.0334,746.03000,1.40466726,b,l,
1525879703.3663,746.03000,0.00033274,b,l,
1525879705.7097,746.27000,0.02200000,b,l,
1525879708.0629,746.29000,0.27302670,b,l,
1525862648.5827,734.89000,0.24015960,b,m,
1525781013.4272,720.98000,4.93690006,b,l,
1525832279.2689,740.00000,2.16918564,s,m,
1525833387.7773,732.52000,1.08248000,s,l,
1525794105.0687,731.48000,0.02200000,b,m,
1525797034.8732,734.90000,5.00000000,b,l,
1525864606.1619,742.80000,2.00000000,b,m,
1525879734.7733,746.26000,2.72190000,b,l,
1525879735.4516,746.26000,0.00032094,b,l,
1525879736.3389,746.26000,1.57584906,s,l,
1525821186.7847,755.58000,0.02300000,b,l,
1525879740.8104,746.24000,0.27460050,b,l,
1525879741.0823,746.24000,1.52891259,b,l,
1525820917.9447,753.90000,1.50000000,s,l,
1525783607.4706,730.66000,0.03900000,b,l,
1525879749.2143,746.23000,1.30200000,b,l,
1525879750.6843,746.23000,0.26222094,b,l,
1525879751.0316,746.23000,1.03977906,s,l,
1525879752.4881,746.22000,1.42100000,b,l,
1525879753.558,746.25000,0.68595762,b,l,
1525879758.2001,746.25000,0.17160603,b,l,
1525805911.3186,745.40000,4.40451454,s,l,
1525838645.6053,714.25000,0.26326985,s,l,
1525770995.2933,750.79000,0.02000000,b,l,
1525814237.5267,741.00000,0.22795392,b,l,
1525827734.7801,741.82000,0.00690000,b,l,
1525842768.8202,719.52000,2.74029469,s,l,
1525835714.9154,718.00000,23.00000000,s,m,
1525857490.6323,729.56000,0.15929510,b,l,
1525838680.3788,714.00000,2.05625353,b,l,
1525814247.6665,741.00000,0.30300678,b,l,
1525840807.8313,719.39000,3.33640395,s,m,
1525831847.6929,743.94000,0.10900810,s,l,
1525811435.8991,746.31000,0.14450739,s,l,
1525874499.4026,742.52000,0.99666666,s,l,
1525838897.7799,709.49000,7.70000000,s,m,
1525814260.3723,741.76000,0.02000000,b,m,
1525770996.9953,751.02000,0.87184795,b,m,
1525831849.0309,743.95000,0.02600000,b,l,
1525879802.7738,746.72000,0.02200000,b,m,
1525872668.4413,747.68000,0.02200000,b,l,
1525881397.5017,749.28000,0.02600000,b,m,
1525886198.0232,760.41000,0.04000000,b,m,
1525770997.0554,751.02000,2.07815205,b,m,
1525894526.3839,745.61000,7.17170937,s,l,
1525835285.762,720.00000,0.03500000,s,m,
1525877928.9705,747.00000,2.16233017,b,l,
1525869378.692,749.03000,0.05104956,s,m,
1525893204.8306,744.40000,4.45309845,s,m,
1525759323.861,746.90000,0.83842453,s,l,
1525810011.7764,748.00000,9.41831119,b,l,
1525879846.6873,745.78000,0.00735886,s,m,
1525799089.5289,731.99000,0.18879304,b,l,
1525773237.2496,739.68000,0.07527071,b,l,
1525764451.9891,757.32000,0.29451886,s,l,
1525864835.5321,741.52000,7.99760541,s,l,
1525831720.0281,745.50000,79.14800000,b,l,
1525805802.5816,745.69000,0.10272498,s,m,
1525772370.0543,744.02000,5.00000000,s,l,
1525788170.948,730.03000,0.17742571,b,l,
1525784092.3166,737.84000,0.02600000,b,l,
1525898413.3982,750.99000,0.43047000,b,l,
1525788172.7679,730.20000,0.00043399,b,l,
1525838189.2114,720.00000,0.01007999,b,l,
1525870901.4751,744.00000,1.37300000,b,l,
1525879892.7714,746.69000,0.79814545,b,l,
1525879894.1514,746.73000,2.00000000,b,l,
1525810020.9899,747.99000,0.88053335,s,l,
1525784093.4299,738.96000,0.05200000,b,l,
1525879901.4015,746.73000,1.09256358,b,l,
1525788176.7211,730.20000,0.03970137,b,l,
1525831168.0706,742.90000,1.31128093,s,l,
1525879908.9357,746.73000,25.00000000,b,l,
1525879909.9887,746.73000,1.01448929,b,l,
1525879910.1154,747.32000,0.02300000,b,l,
1525879911.8843,747.94000,4.39700000,b,m,
1525864636.0565,741.72000,0.02278980,s,l,
1525879914.0647,748.00000,15.21290075,b,l,
1525879915.8366,748.00000,28.00000000,b,m,
1525879917.7781,747.99000,1.01495020,b,l,
1525807972.6225,747.10000,12.30825952,s,l,
1525856831.6664,729.14000,0.39500000,b,l,
1525879925.3507,748.00000,0.82195020,b,l,
1525879926.6916,748.00000,5.00000000,b,m,
1525777257.2981,744.49000,3.85483498,s,l,
1525879928.4365,747.50000,0.33895354,s,m,
1525834286.1694,729.00000,0.85387000,s,l,
1525788181.2613,730.20000,5.84671800,b,l,
1525879936.5111,748.45000,0.14073549,b,m,
1525823375.3173,749.22000,13.31800000,s,m,
1525788182.5494,730.20000,1.20101616,b,l,
1525814411.7392,741.00000,0.15950000,s,l,
1525886319.7053,758.00000,7.70000000,b,l,
1525879949.5337,748.00000,10.00000000,b,l,
1525833523.9716,731.00000,0.07600000,b,l,
1525812087.4475,747.00000,10.00000000,b,l,
1525879952.9217,747.95000,0.05000000,b,m,
1525846482.75,723.47000,10.41186059,b,l,
1525803710.5853,733.96000,0.05200000,b,l,
1525879959.1634,747.99000,0.02200000,b,m,
1525834287.0987,728.00000,0.50000000,s,l,
1525879962.6266,748.00000,26.13149409,b,l,
1525894055.6296,745.47000,0.00000098,b,m,
1525788186.5337,730.20000,1.78321379,b,l,
1525792144.9051,735.06000,0.17224069,s,m,
1525879967.4665,748.00000,3.00000000,b,m,
1525788187.259,730.20000,6.49989000,b,l,
1525882631.6116,748.94000,0.02200000,b,m,
1525831879.4945,744.16000,4.47800000,b,l,
1525810034.7091,747.97000,1.22593928,b,l,
1525788189.9492,731.00000,1.26539761,s,l,
1525772555.7788,740.71000,0.01000000,s,l,
1525886494.7857,757.91000,0.09300000,s,m,
1525775341.2941,745.30000,0.06049504,s,m,
1525804655.3844,743.56000,3.87579315,s,m,
1525799372.3336,732.77000,0.77642669,s,m,
1525840835.7475,719.33000,0.11288427,s,l,
1525780750.3024,728.63000,0.00000003,b,l,
1525857805.0468,731.37000,0.45870742,s,l,
1525788461.0516,730.51000,0.00000071,s,m,
1525788193.2673,731.03000,2.48590416,s,l,
1525886498.7832,757.91000,7.96200000,s,l,
1525891870.3461,749.02000,7.92844604,s,m,
1525792826.9263,732.74000,0.05410999,b,l,
1525880020.7415,747.81000,0.02067930,s,l,
1525880022.3931,747.95000,0.02600000,b,l,
1525788197.2864,731.90000,0.15355100,b,l,
1525856529.7053,727.91000,0.02100000,b,m,
1525880036.3902,747.95000,0.00066032,s,l,
1525829925.1342,742.37000,0.02600000,b,m,
1525898420.3024,750.98000,5.41641535,b,l,
1525834645.3365,729.40000,0.95561042,b,l,
1525835360.7948,718.51000,100.00000000,s,m,
1525804504.0858,746.00000,2.87349196,s,l,
1525880053.2756,747.98000,0.02600000,b,l,
1525864660.3015,742.80000,1.35200000,b,m,
1525783634.0623,731.29000,0.28755358,b,m,
1525880066.3142,747.98000,1.00000000,s,m,
1525887063.2475,757.10000,1.63656623,b,m,
1525866123.2299,742.00000,0.22487632,b,l,
1525875586.3799,744.00000,0.02096645,b,m,
1525820973.4722,753.86000,0.18799251,b,l,
1525788825.6697,731.69000,0.02200000,b,l,
1525858296.8329,731.00000,1.24900000,s,l,
1525781121.5722,721.55000,0.79433870,b,m,
1525772015.352,742.20000,0.19245200,s,m,
1525771006.4456,751.44000,1.63240663,b,l,
1525803450.7743,732.69000,0.02600000,b,m,
1525766363.3364,758.71000,0.00549751,s,l,
1525835361.171,712.00000,0.00049453,s,m,
1525880103.4562,748.00000,14.92135795,b,l,
1525880105.5373,748.00000,10.48920575,b,l,
1525855689.2485,725.55000,2.00300000,b,m,
1525880113.6305,748.00000,1.28000000,b,l,
1525760939.2845,757.67000,0.04100000,b,l,
1525853747.9174,720.53000,0.02700000,b,l,
1525839028.9733,711.61000,0.10392141,b,m,
1525880117.1189,748.00000,18.72000000,b,l,
1525838627.9793,712.74000,6.71100000,s,m,
1525836602.3414,722.69000,0.02100000,b,m,
1525880125.814,748.00000,0.67000000,b,l,
1525816756.9862,745.54000,2.96100000,s,m,
1525880127.6893,748.00000,0.04700000,b,l,
1525831904.2516,744.08000,0.23537772,s,l,
1525886518.7641,758.17000,1.00000000,b,l,
1525819245.5301,755.44000,0.02000000,b,m,
1525880135.8257,748.83000,0.05100000,b,l,
1525788215.1424,731.72000,0.49320109,b,l,
1525824489.2381,744.85000,7.70000000,s,m,
1525839717.3759,713.80000,9.11234283,s,m,
1525790648.5356,731.50000,10.05500000,s,m,
1525886521.6648,758.17000,0.50209204,b,l,
1525838658.648,714.41000,2.00000000,b,l,
1525774332.393,743.29000,2.00000000,b,m,
1525772287.4305,745.37000,0.02300000,b,l,
1525896675.8252,752.97000,0.04895100,b,l,
1525795013.6619,734.54000,0.18270426,b,l,
1525886359.2077,758.25000,0.85231670,s,l,
1525880165.871,748.88000,0.30000000,b,l,
1525896530.0513,749.87000,3.69892744,b,m,
1525889801.1506,752.96000,0.02000000,b,m,
1525880174.8683,748.88000,4.00000000,b,m,
1525886525.3959,758.20000,0.66600000,b,l,
1525863501.4138,739.00000,1.75500000,b,l,
1525823383.3856,749.82000,0.07882120,b,l,
1525857478.5263,729.24000,1.22600000,b,l,
1525778568.2574,735.81000,0.51363957,s,l,
1525781298.3209,721.00000,1.98000000,s,m,
1525786285.3157,730.75000,0.00016653,s,m,
1525831915.9027,744.08000,0.04970000,s,l,
1525831916.4744,744.09000,0.23780000,b,l,
1525810071.954,748.20000,0.02200000,b,l,
1525867177.4534,742.10000,1.44435000,b,l,
1525880210.0203,748.88000,1.00000000,b,m,
1525779343.4608,732.68000,2.77234147,s,l,
1525831918.0515,744.13000,3.28687495,b,l,
1525797197.0707,735.00000,0.38046642,s,l,
1525853936.2477,718.20000,0.98467995,s,m,
1525796116.2262,734.95000,0.02200000,b,l,
1525818506.5145,755.00000,0.26490000,b,m,
1525836009.0601,722.00000,13.00000000,b,m,
1525854009.6277,718.15000,7.70000000,s,m,
1525795054.6621,734.46000,1.00000000,s,m,
1525858301.5885,732.81000,0.15665814,b,m,
1525799380.325,733.08000,0.02200000,b,l,
1525785185.326,742.29000,0.00003932,b,m,
1525885691.4991,759.89000,1.15016673,b,l,
1525814706.7955,741.30000,1.00000000,b,l,
1525814709.8467,741.76000,0.05055862,b,l,
1525814712.2252,741.76000,0.56021814,b,l,
1525814713.2878,741.77000,0.18354233,b,l,
1525862028.9834,731.90000,2.91950000,b,l,
1525814715.9684,741.80000,0.02600000,b,m,
1525880254.289,748.80000,8.94000000,s,l,
1525880257.586,748.80000,91.06000000,s,l,
1525821003.8802,754.00000,0.38000000,b,l,
1525825098.4078,743.81000,0.10000000,s,l,
1525880264.8434,747.71000,0.01980677,s,l,
1525831927.891,744.01000,0.06274600,s,l,
1525814735.8886,742.00000,13.19511425,b,l,
1525814737.3586,742.00000,2.00000000,b,l,
1525788470.025,731.90000,0.17656601,b,m,
1525897465.5974,753.68000,0.03136860,b,l,
1525777559.6741,743.10000,0.13542500,s,m,
1525779271.3464,732.00000,0.55000000,b,l,
1525839501.773,716.28000,7.32060000,b,l,
1525860485.8795,729.73000,0.20514700,b,m,
1525834298.613,727.76000,0.38433334,s,m,
1525814756.366,742.99000,0.02200000,b,m,
1525885691.3626,757.76000,13.50000000,b,l,
1525886545.1982,757.93000,0.40000000,s,m,
1525879520.2563,744.27000,13.50000000,s,l,
1525835361.4665,711.00000,1.00000000,s,m,
1525781536.4651,728.34000,3.85114228,b,l,
1525814773.5973,743.00000,0.96108123,b,m,
1525814774.4367,743.00000,3.98936352,b,m,
1525793674.5146,731.51000,1.50000000,s,l,
1525886548.8565,758.13000,1.69405751,b,l,
1525862541.7345,733.85000,1.00000000,b,m,
1525788247.7037,732.66000,0.02600000,b,l,
1525805930.0754,746.78000,1.00000000,b,m,
1525858601.7709,729.27000,0.37000000,s,l,
1525880127.6864,748.00000,25.11948859,b,l,
1525856012.9035,727.40000,0.33300000,b,m,
1525779263.8473,732.13000,4.43100000,s,l,
1525840958.1213,720.81000,5.00000000,b,l,
1525857509.8118,729.80000,0.25896397,b,l,
1525857489.7024,729.23000,3.64525015,b,l,
1525794466.2669,730.50000,0.25674788,s,m,
1525847794.5784,723.51000,3.41360212,b,m,
1525880357.8717,748.00000,1.81341384,s,l,
1525814828.3912,743.00000,2.00000000,b,l,
1525814831.5087,743.69000,0.02300000,b,m,
1525867508.9338,750.92000,3.02000000,b,m,
1525781717.7394,727.00000,10.00000000,s,m,
1525869217.1922,750.05000,0.02300000,b,m,
1525870897.4943,744.00000,1.96000000,b,l,
1525857490.5714,729.56000,0.24600000,b,l,
1525814859.7695,743.90000,2.22650000,s,l,
1525880396.9612,748.29000,0.02300000,b,l,
1525803750.7808,732.71000,1.88000000,s,l,
1525875641.2448,744.94000,0.03900000,b,m,
1525874960.2944,741.98000,0.13156519,b,m,
1525835597.825,722.80000,1.50000000,b,m,
1525773199.3712,739.83000,5.00000000,b,l,
1525880872.9439,748.58000,0.03100000,b,m,
1525814892.9696,744.98000,0.02600000,b,m,
1525799186.5212,731.56000,0.02009064,s,m,
1525814894.5979,745.29000,0.02300000,b,m,
1525786293.024,730.27000,2.59610000,s,l,
1525856831.7653,729.14000,0.39600000,b,l,
1525842878.0999,719.52000,0.10996786,s,l,
1525870888.0691,744.00000,0.49700000,b,l,
1525870290.0867,751.00000,0.78200000,s,l,
1525858602.2891,730.07000,0.02776895,b,l,
1525778358.2417,730.00000,1.10400000,b,l,
1525837489.7044,726.89000,0.03900000,b,m,
1525805934.0755,745.96000,1.00000000,s,m,
1525858264.8836,731.30000,28.59400000,s,m,
1525842882.4641,719.03000,5.00000000,s,l,
1525800767.557,737.02000,0.44082630,s,m,
1525785988.9629,732.40000,19.42018080,b,m,
1525810115.8538,748.11000,0.00000196,s,m,
1525783485.5917,728.49000,0.00000226,s,m,
1525808117.75,748.53000,10.00000000,s,l,
1525864730.0555,742.54000,0.21400817,b,m,
1525880478.7,748.34000,0.05776255,b,l,
1525880482.1306,748.35000,0.07515137,b,m,
1525898221.4522,753.22000,0.00911575,b,m,
1525793663.3467,732.18000,0.02600000,b,m,
1525880486.0149,748.73000,0.02600000,b,l,
1525880487.4593,748.86000,8.49440226,b,l,
1525868308.1413,746.96000,0.10643753,b,l,
1525831964.8199,743.77000,0.15560933,s,l,
1525842887.2289,718.84000,10.00000000,b,l,
1525856791.5707,729.13000,5.00000000,b,m,
1525778511.4885,734.30000,16.70000000,s,l,
1525814970.5031,745.59000,0.02300000,b,m,
1525886581.0695,756.57000,0.35267352,s,m,
1525880513.2336,748.87000,0.02200000,b,m,
1525779709.1963,731.20000,0.13124545,s,l,
1525886582.1827,756.56000,0.23695402,s,m,
1525771020.2417,751.91000,0.07000000,s,l,
1525814983.8431,745.38000,0.08350000,s,l,
1525880520.4494,749.00000,0.01950000,b,l,
1525804743.1825,745.62000,0.07000000,s,l,
1525856012.9258,727.73000,0.22200000,b,m,
1525839243.9031,712.41000,0.57024523,s,m,
1525848183.673,721.62000,1.64100000,s,l,
1525858311.0088,731.42000,1.24500000,s,l,
1525794083.0145,730.05000,0.00203258,s,m,
1525841068.2827,721.26000,0.02000000,b,l,
1525896835.1406,754.94000,0.07860295,b,m,
1525832607.9856,737.08000,0.11281615,b,m,
1525812484.4371,742.96000,1.44806349,b,m,
1525762158.7764,751.45000,0.06653803,s,m,
1525772556.0552,736.61000,0.09000000,s,m,
1525858526.2905,728.06000,0.43847818,b,l,
1525897923.3834,751.93000,0.29243416,s,m,
1525842899.3296,719.20000,18.23864376,b,l,
1525836039.2908,720.01000,5.00000000,s,m,
1525858312.551,731.40000,0.53700000,s,l,
1525832607.9466,735.02000,0.16129330,s,l,
1525898860.6498,748.00000,0.47100153,b,l,
1525880577.354,748.85000,0.02300000,b,m,
1525880135.8293,748.84000,0.02200000,b,l,
1525891347.7424,750.23000,1.00000000,s,l,
1525779005.1908,731.23000,5.00000000,s,l,
1525779273.4186,732.00000,1.65400000,b,l,
1525766445.1438,758.72000,5.55338003,b,m,
1525879015.2096,745.23000,0.29000000,s,l,
1525858313.6826,732.78000,0.13268639,b,m,
1525880600.0913,748.91000,0.02200000,b,m,
1525799215.9032,732.62000,0.05045650,b,m,
1525759946.8147,755.44000,0.00003977,b,m,
1525797604.3418,733.57000,9.10107567,b,l,
1525886597.0995,758.08000,0.88454199,b,l,
1525878023.1504,749.00000,0.00000104,b,l,
1525880612.6359,748.88000,0.02200000,b,m,
1525832520.0979,737.80000,1.50000000,b,m,
1525819863.4236,753.20000,6.69426137,s,m,
1525880618.2539,748.99000,0.04600000,b,m,
1525886848.5279,755.25000,0.62912444,s,m,
1525857430.0422,728.56000,1.22700000,b,l,
1525766659.0342,758.52000,0.87970431,b,l,
1525880625.9801,749.00000,0.52482842,b,m,
1525880626.0047,749.00000,0.04200000,b,m,
1525868007.8812,749.35000,2.55000000,b,m,
1525891048.6361,750.09000,7.83800000,s,l,
1525788297.4696,733.52000,0.02600000,b,l,
1525775077.6609,751.37000,0.04400000,b,m,
1525886714.6565,756.20000,7.82591072,s,l,
1525795852.7536,734.96000,0.02200000,b,m,
1525855834.6103,726.50000,0.39768400,b,m,
1525857662.9438,732.23000,5.15800000,b,m,
1525880653.6429,748.99000,0.02000000,b,m,
1525815122.7141,745.81000,0.01000000,s,l,
1525773207.6152,738.67000,0.14498065,s,m,
1525864762.9393,742.50000,0.35115209,b,l,
1525896554.9057,751.00000,0.01207256,b,m,
1525759310.1538,748.32000,0.79260237,b,m,
1525842918.8841,719.47000,0.34775540,b,m,
1525809140.7204,749.11000,0.02100000,s,l,
1525858316.1708,731.04000,1.23400000,s,l,
1525815153.8615,745.73000,0.08350000,s,l,
1525835285.771,720.00000,0.02200000,s,m,
1525815166.9452,745.73000,0.02000000,s,l,
1525812444.7731,741.62000,0.02600000,b,l,
1525894060.2163,745.30000,1.50000000,s,l,
1525858317.0453,731.01000,1.22700000,s,l,
1525880717.3044,749.00000,1.41913936,b,l,
1525891051.1618,749.82000,2.36930000,s,m,
1525880720.0756,749.00000,1.03488000,b,l,
1525884364.0467,749.53000,0.02200000,b,l,
1525871770.4958,744.97000,0.02600000,b,l,
1525869064.5457,749.17000,0.02600000,b,m,
1525880736.7523,749.00000,0.96528712,b,l,
1525766663.031,758.53000,0.40000000,s,m,
1525772923.9464,735.01000,0.07648000,s,m,
1525838679.7004,714.00000,6.22730000,b,l,
1525885691.5691,759.99000,0.10000000,b,l,
1525815220.226,746.45000,0.61321321,b,l,
1525880757.2839,749.00000,1.31638668,b,l,
1525880758.9146,748.53000,0.00000978,s,m,
1525886623.2578,758.06000,0.10365056,b,l,
1525897546.6379,753.69000,0.06020277,b,m,
1525788320.4832,734.36000,0.61500000,b,m,
1525848183.7778,717.19000,0.05000000,s,l,
1525880775.6145,748.55000,0.15374134,s,l,
1525858319.6317,731.30000,1.24200000,s,l,
1525875703.8972,744.14000,0.04000000,s,m,
1525880781.5784,748.98000,0.02600000,b,m,
1525867779.8658,749.27000,0.08750273,s,m,
1525838679.92,714.00000,2.75400000,b,l,
1525859489.3499,734.04000,7.70000000,b,l,
1525795034.0286,735.59000,1.50349500,b,m,
1525824005.0464,747.21000,0.23495713,s,m,
1525880797.9086,749.00000,1.00000000,b,m,
1525821093.4607,754.00000,9.18000000,b,l,
1525792852.4132,731.76000,1.24177636,s,l,
1525794309.0518,730.01000,0.30102124,s,m,
1525880806.1598,749.00000,1.03380000,b,l,
1525834183.243,731.00000,0.22000000,s,m,
1525880811.0416,748.99000,0.05100000,b,l,
1525897283.6178,753.95000,0.28085410,b,m,
1525838680.3834,714.00000,0.21338034,b,l,
1525766483.1786,758.72000,0.26425662,b,l,
1525885931.7493,758.00000,0.81071770,b,l,
1525780584.4285,731.07000,1.08100000,s,l,
1525819318.7247,755.96000,2.58000000,b,l,
1525849543.9862,720.38000,0.00000377,s,m,
1525864432.7147,743.07000,0.02300000,b,m,
1525781013.433,721.00000,1.12398418,b,l,
1525778307.5898,733.00000,8.24719065,b,l,
1525847410.5982,721.41000,0.00064096,s,m,
1525835220.4195,722.06000,1.00000000,s,m,
1525813367.5719,743.29000,1.58000000,b,l,
1525855995.9935,727.38000,0.02500000,b,l,
1525795566.1802,732.40000,0.04786170,b,m,
1525880861.1263,748.69000,0.02200000,b,l,
1525851641.1948,720.32000,13.85400000,s,l,
1525842560.9694,718.95000,0.03485695,b,l,
1525880872.971,748.98000,2.99000000,b,m,
1525848183.7387,720.01000,0.63290734,s,l,
1525837926.9581,718.00000,1.50000000,s,m,
1525815340.3665,745.84000,0.10000000,s,m,
1525804589.2307,747.20000,0.95954393,b,m,
1525825269.7218,741.42000,0.00001272,s,l,
1525882277.5589,747.10000,0.95614101,s,m,
1525839176.9035,713.98000,1.09900000,s,l,
1525788340.221,732.66000,1.00000000,s,m,
1525832542.7091,737.75000,2.26552896,b,m,
1525882786.7949,749.00000,1.50000000,b,m,
1525858323.2572,731.01000,1.24600000,s,l,
1525897568.8991,753.63000,0.31470000,b,l,
1525810187.732,748.50000,0.00290000,b,l,
1525880901.0489,748.99000,0.09130824,b,l,
1525815384.9362,745.85000,0.28848048,b,l,
1525766500.8489,758.71000,0.00000001,s,m,
1525864074.0859,740.97000,0.02200000,b,m,
1525815389.6314,745.31000,0.50000000,s,m,
1525875728.2686,744.89000,0.08789333,b,l,
1525812009.7047,746.00000,0.00000299,b,l,
1525810193.3889,748.50000,1.09222709,b,l,
1525880941.1335,749.00000,0.30000000,b,m,
1525805367.608,746.51000,0.02200000,b,m,
