time,bid,ask
1525809154,749.11000,749.64000
1525940227,761.85000,762.56000
1525809156,749.11000,749.74000
1525940229,761.85000,762.56000
1525940230,761.87000,762.56000
1525809160,748.90000,749.74000
1525809161,748.90000,749.61000
1525809162,749.11000,749.61000
1525940226,761.83000,762.56000
1525809167,749.11000,749.73000
1525809170,748.60000,749.73000
1525809171,748.61000,749.73000
1525809172,749.11000,749.73000
1525809174,748.80000,749.73000
1525809176,748.81000,749.74000
1525940228,761.90000,762.56000
1525809180,748.81000,749.70000
1525940256,762.21000,762.56000
1525765467,759.00000,759.98000
1525809188,748.82000,749.70000
1525940269,761.87000,762.56000
1525809200,748.90000,749.70000
1525809207,749.12000,749.70000
1525940281,761.90000,762.56000
1525809210,749.12000,749.74000
1525809211,749.12000,750.50000
1525809212,749.15000,750.50000
1525809213,749.15000,750.40000
1525940286,761.91000,762.56000
1525809216,749.15000,750.40000
1525809220,749.13000,750.40000
1525940293,761.94000,762.56000
1525809222,749.13000,750.30000
1525809224,749.12000,750.30000
1525940297,761.98000,762.56000
1525809226,749.18000,750.20000
1525970399,761.52000,762.00000
1525809231,749.13000,749.18000
1525809232,749.13000,750.00000
1525983928,733.66000,734.79000
1525940306,762.01000,762.56000
1525809235,749.12000,749.13000
1525809236,749.12000,749.80000
1525809238,748.82000,749.13000
1525809239,748.82000,749.80000
1525809240,748.82000,749.47000
1525809242,749.00000,749.46000
1525809245,748.82000,749.46000
1525809247,748.55000,748.80000
1525809248,748.55000,749.44000
1525809249,748.55000,748.79000
1525940324,761.99000,762.56000
1525940325,762.06000,762.56000
1525809254,748.55000,749.40000
1525809255,748.55000,748.76000
1525940328,762.07000,762.56000
1525809259,748.76000,749.50000
1525809261,748.56000,749.50000
1525809262,748.56000,749.20000
1525940338,762.08000,762.56000
1525940340,762.88000,763.00000
1525809270,748.56000,749.49000
1525940344,762.09000,763.00000
1525809273,748.56000,749.20000
1525983935,733.62000,734.85000
1525940349,762.88000,763.00000
1525809280,748.56000,749.17000
1525809282,748.57000,749.17000
1525809286,748.57000,749.56000
1525983937,733.69000,734.78000
1525809290,748.57000,749.14000
1525787330,730.91000,731.00000
1525809295,748.57000,749.30000
1525809297,748.57000,749.11000
1525787331,731.00000,731.72000
1525765486,759.24000,759.96000
1525809303,748.57000,749.56000
1525809305,748.58000,749.08000
1525809308,749.00000,749.08000
1525809309,749.00000,749.30000
1525809313,749.00000,749.29000
1525809314,749.00000,749.27000
1525940387,762.90000,763.00000
1525809321,749.00000,749.83000
1525809323,749.00000,749.27000
1525809324,749.00000,749.30000
1525809325,749.01000,749.30000
1525809329,749.01000,749.24000
1525809333,749.01000,749.82000
1525809334,749.01000,749.81000
1525940408,762.13000,763.00000
1525809337,749.01000,749.30000
1525809338,749.01000,749.21000
1525940413,762.14000,763.00000
1525940415,762.15000,763.00000
1525809345,749.01000,749.81000
1525940418,762.16000,763.00000
1525940419,762.17000,763.00000
1525809348,749.01000,749.81000
1525809349,749.01000,749.30000
1525809350,749.01000,749.15000
1525940423,762.17000,763.00000
1525940424,762.18000,763.00000
1525940426,762.59000,763.00000
1525809356,749.01000,749.81000
1525809360,749.01000,749.30000
1525940434,762.60000,763.00000
1525940437,762.68000,763.00000
1525809366,749.00000,749.30000
1525809367,749.02000,749.78000
1525809368,749.02000,749.81000
1525809370,749.02000,749.27000
1525809372,749.03000,749.27000
1525809374,749.03000,749.40000
1525809377,749.03000,749.24000
1525896571,750.01000,751.00000
1525809380,749.00000,749.24000
1525809381,749.04000,749.24000
1525940454,762.79000,763.00000
1525940455,762.80000,763.00000
1525940457,762.81000,763.00000
1525809386,749.05000,749.70000
1525809388,749.05000,749.21000
1525809393,749.04000,749.21000
1525940467,762.78000,763.00000
1525809396,749.05000,749.21000
1525809397,749.50000,749.81000
1525809402,749.50000,749.70000
1525940475,762.79000,763.00000
1525940480,762.68000,763.00000
1525809410,749.50000,749.67000
1525809416,749.50000,749.81000
1525809419,749.00000,749.81000
1525809421,749.01000,749.64000
1525940494,762.43000,763.00000
1525809425,749.01000,749.81000
1525940499,762.44000,763.00000
1525809428,749.77000,749.78000
1525940502,762.46000,763.00000
1525940508,762.73000,763.00000
1525940521,762.44000,763.00000
1525809452,749.04000,749.78000
1525809454,749.00000,749.78000
1525809455,749.04000,749.78000
1525809460,749.04000,749.75000
1525940536,762.93000,762.99000
1525940537,762.15000,762.99000
1525940538,762.88000,762.99000
1525809468,749.00000,749.75000
1525809469,749.05000,749.75000
1525809473,749.05000,749.74000
1525809478,749.05000,749.78000
1525809479,749.05000,750.00000
1525940553,762.15000,762.99000
1525809482,749.05000,749.99000
1525809484,749.06000,749.71000
1525940557,762.17000,762.99000
1525809487,749.95000,749.98000
1525809490,749.95000,749.99000
1525940564,762.20000,762.99000
1525809493,749.95000,750.39000
1525809494,749.95000,749.98000
1525809495,749.95000,750.00000
1525940568,762.40000,762.99000
1525809499,749.95000,750.38000
1525809500,749.95000,750.20000
1525940573,762.23000,762.99000
1525940574,762.43000,762.99000
1525940576,762.30000,762.99000
1525940577,762.30000,763.00000
1525809508,749.95000,750.37000
1525809509,749.95000,750.37000
1525809510,749.95000,750.20000
1525940586,762.34000,763.00000
1525809515,749.96000,750.20000
1525940589,762.40000,763.00000
1525809518,749.96000,750.36000
1525809519,749.96000,750.39000
1525940593,762.43000,763.00000
1525809522,749.96000,750.30000
1525940601,762.44000,763.00000
1525940602,762.45000,763.00000
1525809532,749.97000,750.30000
1525940605,762.47000,763.00000
1525940607,762.45000,763.00000
1525809536,749.97000,750.29000
1525809538,749.97000,750.30000
1525809540,749.97000,750.30000
1525940614,762.47000,763.00000
1525940617,762.47000,764.05000
1525911044,751.70000,751.78000
1525940619,762.48000,763.90000
1525809548,749.98000,750.38000
1525809550,749.98000,750.30000
1525940629,762.51000,763.90000
1525809558,749.98000,750.29000
1525940632,762.49000,763.90000
1525940633,762.52000,763.90000
1525809564,749.95000,750.39000
1525809566,749.95000,750.30000
1525940640,762.49000,763.90000
1525940642,762.50000,763.90000
1525940643,762.50000,764.05000
1525940645,762.50000,763.90000
1525809575,749.96000,750.29000
1525809577,749.96000,750.38000
1525809578,749.96000,750.39000
1525940651,762.60000,763.94000
1525940652,762.60000,763.94000
1525809581,749.96000,750.30000
1525940654,762.60000,764.04000
1525940656,762.53000,764.04000
1525940296,761.95000,762.56000
1525809586,749.96000,750.29000
1525940660,762.63000,764.00000
1525940661,762.63000,763.99000
1525940662,762.54000,763.99000
1525940663,762.54000,763.90000
1525809592,749.96000,749.97000
1525940666,762.66000,763.90000
1525809596,749.95000,749.97000
1525940670,762.60000,764.05000
1525940671,762.69000,764.05000
1525940673,762.54000,764.05000
1525940674,762.55000,764.05000
1525940675,762.63000,763.90000
1525809604,748.77000,749.93000
1525983990,734.00000,734.73000
1525809606,748.40000,749.97000
1525940679,762.64000,763.90000
1525809608,748.80000,749.92000
1525940681,762.66000,764.05000
1525940682,762.65000,764.00000
1525983991,734.00000,734.85000
1525809612,748.40000,749.92000
1525809613,748.40000,749.70000
1525940686,763.00000,764.00000
1525809615,748.40000,748.81000
1525940688,763.00000,764.02000
1525940690,763.00000,764.02000
1525940691,763.00000,764.00000
1525809620,748.41000,748.81000
1525940695,763.03000,763.99000
1525809624,748.41000,748.80000
1525809625,747.96000,748.24000
1525940699,763.03000,763.98000
1525809629,747.96000,748.21000
1525809630,747.61000,748.21000
1525809632,747.00000,748.21000
1525940705,763.03000,763.97000
1525809635,747.29000,748.21000
1525809637,747.29000,747.62000
1525913465,752.00000,752.93000
1525809639,747.01000,747.62000
1525809640,747.01000,747.60000
1525809642,747.12000,747.60000
1525809645,747.00000,747.60000
1525940718,763.03000,764.00000
1525918461,751.41000,752.19000
1525809649,747.01000,747.60000
1525809650,747.12000,747.57000
1525809651,747.41000,747.57000
1525809656,747.02000,747.57000
1525809658,747.02000,747.56000
1525940732,763.03000,763.97000
1525809662,747.31000,747.56000
1525809663,747.31000,747.53000
1525809664,747.02000,747.53000
1525940740,763.04000,763.97000
1525940741,763.10000,763.97000
1525809670,747.00000,747.53000
1525940744,763.11000,763.97000
1525809674,747.29000,747.53000
1525809676,747.01000,747.53000
1525809677,746.47000,747.53000
1525792666,731.92000,732.78000
1525940751,763.14000,763.97000
1525809681,746.50000,747.53000
1525940756,763.15000,763.97000
1525940757,763.20000,763.97000
1525809688,746.51000,747.53000
1525940761,763.21000,763.97000
1525809690,746.51000,747.52000
1525940763,763.23000,763.97000
1525940765,763.22000,763.97000
1525940766,763.24000,763.97000
1525984005,734.03000,734.86000
1525809697,746.52000,747.52000
1525940774,763.30000,763.97000
1525809703,746.81000,747.49000
1525809706,746.52000,747.48000
1525940779,763.31000,763.97000
1525809708,746.53000,747.48000
1525896626,750.85000,751.00000
1525809710,746.53000,747.47000
1525940783,763.33000,763.97000
1525809714,746.54000,747.00000
1525940789,763.34000,763.97000
1525809718,746.55000,747.00000
1525809720,746.55000,746.97000
1525809721,746.56000,746.97000
1525809724,746.56000,747.00000
1525809726,746.56000,746.94000
1525940799,763.41000,763.97000
1525809729,746.57000,746.94000
1525809732,746.57000,746.66000
1525940805,763.37000,763.97000
1525940806,763.31000,763.97000
1525809735,746.57000,746.65000
1525809736,746.58000,746.65000
1525787404,731.40000,731.57000
1525809738,746.59000,746.63000
1525940812,763.41000,763.97000
1525809742,746.60000,746.63000
1525809743,746.60000,746.62000
1525809744,746.61000,746.62000
1525940818,763.40000,763.97000
1525940825,763.41000,763.97000
1525940827,763.43000,763.97000
1525940829,763.69000,763.97000
1525809758,746.57000,746.62000
1525809759,746.61000,746.62000
1525809764,746.57000,746.62000
1525809766,746.61000,746.62000
1525809767,746.61000,746.62000
1525809769,746.58000,746.62000
1525940845,763.50000,763.97000
1525940846,763.80000,763.97000
1525940854,763.51000,763.97000
1525940855,763.31000,763.97000
1525809784,746.59000,746.62000
1525940857,763.50000,763.97000
1525940861,763.91000,763.97000
1525809790,746.60000,746.62000
1525940863,763.91000,764.00000
1525809798,746.61000,746.62000
1525940872,763.31000,764.00000
1525940875,763.32000,764.00000
1525809804,746.58000,746.62000
1525984024,734.21000,734.86000
1525940885,763.40000,764.00000
1525940889,763.41000,764.00000
1525940896,763.40000,764.00000
1525940899,763.43000,764.00000
1525940903,763.43000,763.99000
1525940905,763.44000,763.99000
1525940906,763.44000,764.00000
1525940908,763.46000,764.00000
1525940910,763.50000,764.00000
1525809846,746.59000,746.62000
1525940919,763.50000,764.00000
1525940926,763.50000,764.00000
1525809860,746.58000,746.62000
1525940342,762.08000,763.00000
1525809863,746.60000,746.62000
1525809868,746.65000,746.69000
1525809871,746.65000,746.66000
1525940946,763.50000,764.00000
1525984035,734.26000,734.97000
1525765582,759.41000,759.85000
1525809882,746.65000,746.80000
1525809884,746.70000,746.80000
1525809888,746.71000,746.80000
1525896657,752.41000,752.42000
1525809897,746.72000,747.00000
1525984039,734.26000,735.00000
1525809900,746.80000,747.00000
1525809901,746.81000,747.00000
1525940975,763.50000,763.97000
1525940978,763.50000,764.28000
1525809908,746.82000,747.00000
1525940981,763.50000,764.29000
1525940984,763.50000,763.97000
1525940986,763.32000,763.97000
1525809915,746.83000,746.90000
1525940988,763.51000,763.97000
1525787434,730.96000,731.44000
1525940991,763.52000,764.28000
1525809920,746.90000,747.10000
1525809922,746.84000,747.10000
1525852971,717.30000,717.49000
1525809924,746.91000,747.10000
1525940997,763.52000,764.29000
1525809927,746.92000,747.10000
1525809928,747.10000,747.30000
1525941002,763.52000,764.25000
1525765591,759.44000,760.68000
1525809932,746.96000,747.30000
1525809933,747.10000,747.30000
1525809934,747.93000,748.20000
1525809936,747.94000,748.20000
1525941009,763.55000,764.24000
1525941010,763.55000,764.21000
1525941011,763.52000,764.21000
1525809940,747.96000,748.00000
1525941013,763.52000,764.29000
1525809943,747.97000,748.00000
1525941017,763.53000,764.29000
1525941019,763.55000,764.29000
1525809949,747.98000,748.00000
1525941022,763.53000,764.29000
1525941023,763.56000,764.29000
1525941027,763.54000,764.29000
1525941028,763.53000,764.29000
1525941029,763.59000,764.29000
1525809964,747.97000,748.00000
1525809965,747.99000,748.00000
1525941045,763.13000,764.29000
1525941046,763.59000,764.29000
1525941049,763.62000,764.29000
1525809979,747.97000,748.00000
1525809995,747.98000,748.00000
1525810010,747.99000,748.00000
1525984059,734.23000,734.95000
1525810020,747.52000,747.97000
1525810021,747.50000,747.97000
1525810024,747.90000,747.97000
1525810027,747.90000,747.96000
1525810028,747.90000,747.97000
1525810029,747.90000,747.93000
1525810031,747.51000,747.93000
1525810033,747.80000,747.93000
1525810034,747.80000,747.97000
1525941111,763.63000,764.29000
1525810041,747.52000,747.97000
1525810042,747.81000,747.97000
1525810044,747.82000,747.97000
1525941117,763.66000,764.29000
1525941121,763.59000,764.29000
1525941122,763.69000,764.29000
1525941124,763.59000,764.29000
1525941125,763.59000,763.99000
1525941126,763.59000,764.29000
1525810060,747.90000,747.97000
1525941135,763.62000,764.29000
1525810068,747.83000,747.97000
1525810069,747.90000,747.97000
1525810070,747.91000,747.97000
1525810071,747.91000,748.50000
1525941144,763.29000,764.29000
1525941145,763.62000,764.29000
1525810075,747.93000,748.50000
1525810079,747.97000,748.50000
1525810080,748.10000,748.50000
1525896688,753.00000,753.29000
1525941154,763.62000,764.29000
1525941160,763.65000,764.29000
1525940380,762.89000,763.00000
1525810090,748.10000,748.50000
1525941164,763.66000,764.29000
1525941165,763.65000,764.29000
1525941166,763.66000,764.29000
1525810098,748.10000,749.12000
1525941171,763.69000,764.28000
1525810100,748.11000,749.12000
1525787465,730.91000,731.05000
1525810107,748.11000,749.11000
1525810108,748.14000,749.11000
1525941183,763.69000,764.29000
1525810114,748.14000,749.10000
1525810115,748.11000,749.10000
1525810117,748.00000,749.10000
1525810119,748.00000,749.08000
1525810121,747.97000,749.10000
1525810122,747.99000,749.10000
1525810124,748.00000,749.07000
1525810129,748.00000,748.50000
1525941202,763.73000,764.29000
1525810132,748.00000,748.49000
1525810133,748.01000,748.49000
1525810134,748.20000,748.49000
1525941207,763.74000,764.29000
1525941209,763.76000,764.29000
1525810138,748.20000,748.47000
1525941212,763.77000,764.29000
1525810143,748.20000,748.49000
1525941217,763.77000,765.00000
1525941219,763.79000,765.00000
1525941223,763.77000,765.00000
1525941224,763.82000,765.00000
1525941228,763.82000,764.99000
1525941232,763.85000,764.99000
1525918548,751.23000,752.22000
1525941243,763.86000,764.99000
1525941249,763.89000,764.99000
1525818870,753.78000,754.47000
1525810187,748.20000,748.50000
1525941260,763.90000,764.99000
1525810189,748.49000,748.50000
1525941262,763.92000,764.99000
1525941264,763.90000,764.99000
1525941268,763.95000,764.99000
1525941270,763.90000,764.99000
1525941272,763.98000,764.99000
1525765636,759.56000,759.92000
1525941274,763.90000,764.99000
1525810204,748.49000,748.70000
1525810205,748.49000,748.50000
1525941279,763.93000,764.99000
1525810209,748.49000,748.70000
1525941287,763.82000,764.99000
1525810216,748.49000,748.70000
1525810217,748.49000,748.69000
1525896711,753.01000,754.00000
1525941294,763.82000,764.99000
1525941296,763.99000,764.99000
1525941300,763.82000,764.99000
1525941303,764.02000,764.99000
1525941306,763.83000,764.99000
1525941308,763.85000,764.99000
1525941309,763.83000,764.99000
1525810238,748.49000,748.50000
1525941311,764.05000,764.99000
1525941314,763.83000,764.99000
1525940406,762.12000,763.00000
1525941319,764.08000,764.99000
1525941322,763.83000,764.99000
1525941323,764.11000,764.99000
1525941324,764.11000,764.98000
1525941326,763.83000,764.98000
1525941330,764.14000,764.98000
1525984099,734.94000,735.74000
1525941334,763.83000,764.98000
1525940409,762.13000,762.99000
1525941336,764.17000,764.98000
1525984100,734.94000,735.14000
1525941340,763.83000,764.98000
1525940410,762.13000,763.00000
1525941342,764.20000,764.98000
1525941347,763.83000,764.98000
1525984102,735.04000,735.14000
1525941350,764.23000,764.98000
1525941351,764.23000,764.97000
1525941353,764.17000,764.97000
1525941355,764.26000,764.97000
1525941359,764.17000,764.97000
1525941361,764.17000,764.98000
1525941362,764.29000,764.98000
1525896723,753.24000,753.99000
1525941364,764.17000,764.98000
1525941368,764.32000,764.98000
1525765652,759.57000,759.91000
1525809343,749.01000,749.30000
1525941372,764.17000,765.00000
1525810302,748.10000,748.50000
1525941375,763.83000,764.17000
1525941376,763.83000,764.99000
1525941377,764.26000,764.99000
1525941384,764.29000,764.99000
1525809346,749.01000,749.18000
1525941390,763.83000,764.99000
1525941391,764.32000,764.99000
1525941394,763.83000,764.99000
1525810326,748.10000,748.49000
1525810328,748.10000,748.50000
1525810329,748.49000,748.50000
1525941402,764.38000,764.99000
1525765658,759.14000,759.90000
1525941407,763.83000,764.99000
1525941408,764.41000,764.99000
1525941413,764.41000,764.98000
1525941414,763.83000,764.98000
1525941415,764.44000,764.99000
1525810345,747.50000,747.56000
1525810346,747.40000,747.56000
1525810347,747.50000,747.56000
1525810348,747.41000,747.56000
1525810349,747.50000,747.56000
1525810350,747.51000,747.56000
1525941423,763.83000,764.99000
1525810354,747.51000,747.56000
1525810355,747.53000,747.56000
1525941429,763.83000,764.99000
1525810358,747.54000,747.56000
1525941431,763.89000,764.99000
1525941436,763.83000,764.99000
1525941437,764.44000,764.99000
1525918581,751.23000,752.20000
1525810369,747.55000,747.56000
1525810375,747.54000,747.56000
1525941450,764.71000,764.99000
1525918583,751.23000,752.17000
1525810384,747.55000,747.56000
1525787512,729.51000,729.70000
1525941459,763.83000,764.99000
1525810389,747.54000,747.56000
1525941462,764.96000,764.99000
1525941465,764.96000,764.98000
1525810395,747.54000,747.90000
1525941468,763.83000,764.98000
1525810397,747.80000,747.90000
1525810403,747.81000,747.90000
1525941478,763.86000,764.98000
1525941479,763.86000,764.97000
1525810409,747.82000,747.90000
1525810410,747.80000,747.90000
1525810412,747.82000,747.90000
1525941485,763.86000,764.96000
1525810414,747.80000,747.90000
1525810416,747.80000,747.90000
1525941491,763.86000,764.90000
1525810421,747.80000,748.00000
1525810425,747.81000,748.00000
1525810427,747.90000,748.00000
1525810429,747.91000,748.00000
1525810430,747.93000,748.00000
1525810431,747.94000,748.00000
1525941516,763.87000,764.89000
1525810445,747.95000,749.00000
1525831213,742.32000,742.34000
1525810449,747.96000,748.99000
1525810454,747.99000,748.10000
1525810455,747.99000,748.00000
1525810456,748.00000,748.10000
1525941529,763.86000,764.89000
1525941530,763.88000,764.89000
1525941531,764.00000,764.89000
1525940442,762.69000,763.00000
1525941539,764.03000,764.89000
1525984134,734.14000,734.30000
1525941549,764.04000,764.89000
1525810483,748.00000,748.99000
1525810485,748.01000,748.99000
1525941563,764.40000,764.89000
1525810492,748.03000,748.99000
1525810494,748.04000,748.99000
1525896757,753.22000,754.46000
1525810497,748.05000,748.99000
1525810500,748.07000,748.99000
1525810501,748.07000,748.98000
1525810502,748.07000,748.99000
1525810505,748.08000,748.99000
1525810507,748.08000,748.09000
1525810510,748.00000,748.09000
1525940453,762.78000,763.00000
1525810532,748.00000,748.99000
1525941610,764.40000,764.99000
1525809383,749.04000,749.81000
1525941614,764.40000,764.90000
1525831229,742.12000,742.17000
1525941617,764.04000,764.90000
1525941618,764.04000,764.89000
1525941619,764.40000,764.89000
1525941622,764.04000,764.89000
1525917161,754.93000,755.44000
1525941629,764.06000,764.89000
1525941634,764.07000,764.89000
1525810566,748.98000,749.00000
1525941642,764.06000,764.89000
1525810576,748.00000,749.00000
1525941649,764.80000,764.89000
1525941651,764.07000,764.89000
1525941652,764.07000,764.55000
1525941654,764.07000,764.89000
1525810583,748.00000,749.00000
1525941657,764.07000,764.80000
1525810587,748.01000,749.00000
1525810588,748.05000,749.00000
1525810590,748.01000,748.99000
1525810593,748.08000,748.99000
1525941666,764.06000,764.79000
1525810596,748.00000,748.99000
1525810597,748.98000,748.99000
1525941671,764.06000,764.70000
1525810602,748.00000,748.99000
1525810603,748.49000,748.99000
1525941676,764.00000,764.70000
1525810605,748.49000,748.98000
1525941678,764.00000,764.69000
1525810607,748.00000,748.98000
1525810610,748.00000,748.97000
1525810611,748.03000,748.97000
1525941684,764.10000,764.60000
1525941686,764.01000,764.69000
1525941688,764.01000,764.60000
1525810617,748.00000,748.97000
1525810619,748.00000,748.98000
1525896778,753.94000,754.50000
1525810623,748.00000,748.99000
1525810624,747.50000,748.99000
1525941697,764.01000,764.60000
1525810626,747.40000,748.98000
1525810629,747.80000,748.97000
1525810633,747.80000,748.96000
1525941707,764.00000,764.30000
1525810636,747.80000,748.80000
1525810637,747.40000,748.80000
1525810640,747.80000,748.80000
1525941713,764.00000,764.69000
1525941717,764.00000,764.35000
1525810646,747.12000,748.79000
1525810647,747.40000,748.79000
1525810649,747.40000,748.77000
1525810653,747.70000,748.78000
1525810655,747.70000,748.74000
1525810656,747.70000,748.24000
1525941731,764.00000,764.60000
1525810660,747.40000,748.24000
1525810661,747.41000,748.24000
1525810663,747.41000,748.73000
1525810664,747.42000,748.73000
1525810665,747.42000,748.23000
1525810672,747.42000,747.62000
1525810675,747.62000,748.23000
1525810676,747.42000,748.23000
1525941753,764.00000,764.17000
1525810683,747.42000,748.79000
1525787562,729.61000,730.29000
1525810686,747.42000,748.78000
1525810687,747.42000,748.70000
1525810693,747.42000,748.20000
1525810698,747.42000,748.19000
1525810707,747.43000,748.19000
1525810709,747.43000,748.18000
1525810710,747.44000,748.18000
1525810714,747.42000,748.18000
1525810719,747.12000,748.18000
1525810720,747.13000,748.18000
1525810722,747.12000,748.18000
1525810723,747.14000,748.15000
1525810724,747.20000,748.15000
1525810726,747.53000,748.15000
1525810727,747.53000,748.17000
1525810728,747.53000,748.14000
1525810729,747.53000,748.12000
1525810731,747.53000,748.14000
1525810732,747.53000,748.11000
1525941810,763.26000,764.17000
1525810739,747.53000,748.08000
1525941813,763.71000,764.16000
1525810744,747.53000,748.11000
1525810745,747.54000,748.11000
1525810746,747.54000,748.07000
1525765727,759.16000,759.49000
1525810759,747.53000,748.07000
1525810763,747.55000,748.07000
1525810765,747.53000,748.07000
1525810767,747.56000,748.07000
1525810769,747.57000,748.07000
1525941843,763.71000,764.10000
1525810775,747.53000,748.07000
1525810776,747.57000,748.07000
1525941851,763.71000,764.00000
1525810780,747.57000,748.04000
1525941860,763.25000,763.80000
1525810791,747.58000,748.07000
1525810792,747.58000,748.04000
1525810796,747.57000,748.04000
1525941873,763.28000,763.80000
1525810802,747.57000,748.00000
1525941876,763.25000,763.80000
1525810807,747.53000,748.00000
1525941881,763.30000,764.14000
1525941882,763.30000,763.80000
1525810811,747.53000,747.97000
1525810816,747.53000,748.00000
1525941890,763.30000,763.79000
1525810821,747.54000,748.00000
1525810826,747.53000,748.00000
1525810827,747.54000,748.00000
1525941900,763.25000,763.79000
1525941906,763.25000,763.78000
1525810840,747.54000,748.00000
1525941915,763.28000,763.78000
1525810848,747.54000,747.90000
1525831280,742.07000,742.34000
1525941926,763.28000,763.77000
1525941927,763.28000,763.39000
1525810858,747.54000,748.00000
1525941931,763.28000,763.77000
1525941932,763.25000,763.77000
1525941935,763.25000,763.60000
1525896819,754.59000,754.95000
1525941943,763.25000,763.76000
1525941946,763.25000,763.60000
1525810876,747.54000,747.99000
1525810878,747.53000,747.99000
1525810880,747.55000,748.00000
1525941954,763.25000,763.72000
1525787595,728.98000,730.00000
1525941957,763.25000,763.60000
1525941961,762.10000,762.56000
1525941963,762.30000,762.56000
1525810892,747.55000,748.45000
1525810894,747.56000,748.45000
1525810895,747.56000,748.49000
1525810897,747.56000,748.30000
1525941970,762.30000,762.42000
1525810899,747.56000,747.90000
1525941972,761.99000,762.42000
1525941974,762.00000,762.42000
1525810904,747.58000,747.90000
1525941978,762.00000,762.39000
1525810907,747.56000,747.90000
1525810909,747.55000,747.90000
1525941982,762.01000,762.39000
1525810911,747.59000,747.90000
1525810912,747.59000,748.10000
1525941985,761.99000,762.29000
1525941987,761.80000,762.29000
1525941988,761.80000,762.36000
1525941989,762.00000,762.24000
1525941991,761.90000,762.36000
1525810920,747.59000,748.09000
1525941993,761.90000,763.20000
1525810922,747.60000,748.10000
1525810923,747.58000,748.10000
1525810924,747.61000,748.10000
1525810925,747.61000,748.48000
1525941998,761.73000,762.80000
1525810929,747.61000,748.00000
1525810931,747.62000,748.00000
1525942006,761.68000,762.80000
1525810936,747.62000,747.81000
1525810937,747.61000,748.00000
1525942015,760.93000,761.60000
1525942017,761.50000,761.60000
1525942021,761.50000,761.55000
1525942022,761.51000,761.55000
1525810954,747.56000,748.00000
1525810955,747.56000,748.47000
1525942028,761.51000,761.52000
1525810957,747.56000,747.99000
1525810958,747.57000,747.99000
1525942032,761.51000,761.90000
1525942035,761.51000,762.75000
1525810964,747.56000,747.99000
1525940526,762.93000,763.00000
1525810969,747.53000,747.98000
1525906689,750.95000,750.97000
1525942045,761.85000,762.75000
1525942047,759.80000,760.14000
1525942048,759.81000,760.14000
1525942049,760.95000,762.74000
1525810978,748.00000,748.10000
1525942051,761.54000,762.74000
1525942052,761.54000,762.73000
1525942053,760.96000,762.73000
1525810982,748.00000,748.09000
1525810984,748.00000,748.09000
1525942058,761.40000,762.74000
1525810989,748.00000,748.10000
1525810990,748.00000,748.08000
1525942065,761.41000,762.74000
1525802356,734.35000,734.39000
1525942068,761.42000,762.74000
1525942069,761.44000,762.74000
1525942070,761.50000,762.74000
1525942071,761.50000,762.75000
1525942076,761.52000,762.75000
1525942080,761.55000,762.75000
1525942081,760.75000,762.75000
1525942082,761.53000,762.75000
1525942083,761.53000,762.72000
1525942084,761.60000,762.72000
1525805804,746.20000,746.80000
1525811017,748.01000,748.08000
1525942091,761.60000,762.70000
1525942092,761.01000,762.70000
1525942093,761.02000,762.70000
1525942095,761.03000,762.70000
1525942097,761.30000,762.70000
1525942098,761.30000,762.69000
1525811027,748.01000,748.08000
1525811028,748.00000,748.08000
1525811029,748.02000,748.08000
1525942104,761.04000,762.69000
1525942105,761.31000,762.69000
1525942108,761.31000,762.64000
1525811037,747.54000,748.00000
1525942111,761.32000,762.64000
1525811040,747.53000,748.00000
1525811041,747.55000,748.00000
1525811042,747.55000,747.99000
1525942115,761.33000,762.63000
1525811044,747.56000,748.00000
1525942117,760.10000,760.14000
1525942120,760.11000,760.14000
1525942121,760.13000,760.14000
1525811055,747.56000,747.99000
1525811056,747.56000,748.00000
1525811057,747.56000,747.99000
1525811059,747.57000,747.99000
1525942133,761.48000,762.11000
1525942134,761.48000,762.08000
1525811064,747.57000,747.98000
1525942137,761.48000,762.12000
1525942139,761.48000,762.00000
1525932377,758.90000,759.00000
1525811074,747.58000,747.97000
1525942147,761.48000,762.68000
1525942149,761.48000,762.00000
1525811079,747.58000,747.96000
1525811081,747.59000,747.96000
1525942154,761.48000,762.00000
1525942156,761.48000,761.94000
1525942160,761.48000,762.66000
1525811089,747.58000,747.96000
1525811090,747.60000,747.96000
1525811091,747.60000,747.95000
1525942164,761.48000,761.91000
1525942165,761.48000,762.00000
1525811094,747.61000,747.95000
1525942170,761.49000,762.00000
1525942174,761.49000,761.99000
1525942175,761.49000,761.97000
1525811104,747.58000,747.94000
1525811105,747.62000,747.94000
1525942179,761.49000,761.78000
1525942180,761.49000,761.96000
1525942181,761.48000,762.63000
1525942182,761.49000,761.77000
1525942183,760.70000,761.77000
1525942185,760.71000,761.77000
1525942188,760.80000,761.77000
1525811119,747.63000,747.93000
1525915419,758.00000,758.10000
1525942195,760.81000,761.77000
1525942198,760.81000,761.74000
1525942201,760.84000,761.74000
1525942204,760.84000,762.00000
1525811135,747.64000,747.93000
1525942208,760.84000,761.73000
1525942213,760.85000,761.73000
1525942215,760.85000,761.70000
1525942217,760.84000,761.70000
1525942218,760.84000,761.73000
1525942219,760.84000,762.00000
1525942220,760.81000,762.00000
1525942221,760.81000,761.67000
1525942223,760.86000,761.67000
1525942225,760.86000,761.66000
1525942226,760.81000,761.67000
1525918713,751.30000,751.47000
1525811163,747.53000,747.93000
1525811164,747.65000,747.93000
1525918714,751.30000,752.01000
1525942241,760.82000,761.64000
1525942243,760.00000,760.01000
1525942248,761.26000,761.43000
1525942251,761.26000,761.40000
1525811183,747.66000,747.97000
1525811186,747.66000,747.96000
1525942263,761.26000,761.66000
1525811193,747.53000,747.96000
1525811195,747.67000,747.96000
1525942269,761.26000,761.34000
1525942273,761.26000,761.66000
1525942276,760.28000,761.66000
1525811205,747.67000,747.97000
1525942278,760.29000,761.31000
1525811208,747.53000,747.97000
1525811209,747.68000,747.97000
1525942283,760.41000,761.66000
1525942284,760.41000,761.28000
1525942288,760.41000,761.66000
1525809496,749.95000,750.39000
1525942292,760.44000,761.66000
1525942295,760.44000,761.25000
1525811225,747.53000,747.97000
1525811227,747.69000,747.96000
1525942300,761.32000,761.66000
1525942302,761.32000,761.65000
1525811231,747.69000,747.83000
1525811235,747.53000,747.82000
1525811237,747.70000,747.82000
1525811238,747.54000,747.82000
1525811240,747.71000,747.82000
1525942314,761.32000,761.60000
1525984263,734.05000,734.29000
1525811248,747.72000,747.82000
1525811249,746.83000,747.82000
1525811252,746.83000,747.96000
1525811253,746.84000,747.96000
1525811254,746.85000,747.75000
1525787657,729.01000,729.93000
1525765812,759.21000,759.44000
1525811258,746.88000,747.75000
1525942331,761.32000,761.46000
1525811261,746.88000,747.96000
1525811262,746.88000,747.97000
1525811263,746.89000,747.97000
1525811265,746.90000,747.97000
1525942339,761.32000,761.43000
1525811269,746.91000,747.97000
1525811270,746.93000,747.97000
1525811272,746.94000,747.96000
1525811273,746.95000,747.06000
1525942346,761.32000,761.35000
1525942352,761.32000,761.33000
1525811281,746.95000,747.06000
1525811282,746.95000,747.95000
1525811283,746.96000,747.95000
1525942357,761.32000,761.66000
1525811286,746.97000,747.95000
1525942359,761.32000,761.33000
1525811288,746.97000,747.94000
1525942362,761.32000,761.66000
1525811291,747.00000,747.94000
1525811293,747.01000,747.94000
1525811295,747.00000,747.94000
1525942370,761.32000,761.63000
1525811299,746.95000,747.94000
1525811303,747.03000,747.94000
1525942376,761.32000,761.60000
1525896892,754.59000,754.95000
1525811307,747.04000,747.94000
1525811309,747.06000,747.94000
1525811310,747.06000,747.91000
1525811311,746.81000,747.91000
1525811312,747.07000,747.91000
1525811314,747.08000,747.91000
1525942387,761.25000,761.59000
1525811317,747.11000,747.90000
1525942390,760.47000,761.58000
1525942392,760.47000,761.57000
1525811321,747.11000,747.87000
1525811322,747.11000,747.70000
1525811323,747.12000,747.70000
1525942397,760.47000,761.09000
1525942398,760.42000,761.10000
1525942399,760.42000,761.09000
1525942400,760.42000,761.10000
1525811329,746.85000,747.69000
1525811330,747.15000,747.69000
1525811331,747.15000,747.66000
1525942405,760.45000,761.10000
1525811334,746.86000,747.66000
1525811335,747.13000,747.65000
1525811336,747.18000,747.65000
1525942412,760.44000,761.04000
1525942414,760.44000,761.03000
1525942416,760.43000,761.03000
1525811345,747.19000,747.65000
1525811346,747.20000,747.65000
1525811348,747.20000,747.62000
1525811350,747.19000,747.62000
1525811352,747.19000,747.61000
1525942425,760.47000,761.19000
1525942426,760.34000,761.49000
1525942427,760.37000,760.97000
1525791469,730.98000,732.07000
1525811360,747.20000,747.61000
1525811361,747.20000,747.58000
1525942434,760.37000,761.48000
1525942436,760.35000,760.94000
1525942438,760.38000,761.10000
1525811367,747.20000,747.57000
1525985877,735.64000,736.31000
1525942443,760.38000,761.07000
1525811372,747.20000,747.54000
1525811374,747.21000,747.54000
1525942449,760.38000,761.10000
1525942450,760.38000,761.04000
1525942452,760.38000,761.10000
1525942454,760.38000,761.01000
1525942455,760.38000,761.10000
1525942457,760.38000,760.50000
1525918751,751.30000,751.94000
1525811388,747.21000,747.50000
1525811389,746.85000,747.50000
1525942464,760.38000,760.50000
1525811395,746.81000,747.50000
1525811396,746.85000,747.50000
1525942469,760.38000,760.50000
1525942470,760.38000,760.50000
1525942472,760.36000,760.50000
1525811401,746.63000,747.50000
1525811402,746.84000,747.95000
1525811403,746.84000,747.47000
1525811404,746.85000,747.47000
1525942477,760.37000,760.47000
1525811406,746.87000,747.47000
1525811409,746.54000,747.47000
1525942483,760.37000,760.50000
1525831374,742.17000,742.58000
1525811414,746.57000,747.47000
1525809529,749.95000,750.30000
1525942488,760.37000,760.44000
1525811417,746.32000,747.47000
1525811418,746.32000,747.47000
1525942492,760.38000,760.44000
1525809530,749.97000,750.38000
1525942495,760.38000,760.49000
1525811424,746.32000,747.50000
1525811425,746.33000,747.50000
1525811426,746.57000,747.50000
1525942499,760.38000,760.41000
1525811428,746.57000,747.95000
1525811429,746.57000,747.50000
1525811432,746.31000,747.50000
1525811433,746.33000,747.50000
1525942506,760.39000,760.50000
1525811435,746.33000,747.44000
1525811436,745.71000,746.00000
1525811442,745.71000,746.00000
1525942516,760.39000,760.47000
1525811445,745.72000,746.00000
1525942520,760.37000,760.47000
1525942521,760.40000,760.47000
1525811450,745.73000,745.97000
1525811457,745.73000,745.99000
1525811459,745.81000,745.99000
1525811460,745.81000,745.98000
1525811461,745.81000,745.94000
1525942535,760.39000,760.47000
1525942536,760.41000,760.47000
1525811465,745.82000,745.93000
1525781561,728.36000,728.74000
1525811469,745.82000,745.90000
1525787693,728.80000,728.99000
1525811477,745.82000,745.93000
1525942550,760.39000,760.47000
1525811479,745.82000,745.93000
1525792726,731.90000,732.80000
1525811481,745.82000,746.00000
1525942554,760.42000,760.44000
1525942556,759.80000,760.20000
1525942558,759.81000,760.20000
1525811488,745.83000,746.00000
1525942565,759.82000,760.17000
1525811496,745.83000,745.99000
1525811497,745.84000,745.99000
1525942572,759.82000,760.16000
1525811504,745.83000,745.99000
1525942580,759.83000,760.19000
1525942582,759.84000,760.13000
1525809545,749.98000,750.30000
1525942585,759.85000,760.13000
1525942588,759.85000,760.19000
1525942589,759.85000,760.10000
1525942591,759.85000,760.00000
1525942594,759.85000,760.50000
1525942596,759.86000,760.50000
1525811525,745.84000,745.99000
1525942598,760.11000,760.50000
1525811527,745.85000,745.99000
1525811536,745.32000,745.99000
1525811537,745.47000,745.99000
1525811538,745.85000,746.00000
1525942611,760.12000,760.31000
1525811540,745.99000,746.00000
1525804283,738.21000,738.62000
1525811543,746.24000,747.34000
1525811544,746.43000,747.34000
1525811545,746.78000,747.34000
1525811547,746.79000,747.34000
1525942620,760.13000,760.50000
1525942621,760.31000,760.50000
1525942622,760.13000,760.50000
1525811551,746.81000,747.34000
1525811553,746.79000,747.34000
1525811555,745.92000,745.93000
1525811556,745.93000,747.34000
1525811558,746.84000,747.34000
1525811560,747.34000,747.58000
1525811561,747.34000,747.94000
1525811562,747.34000,747.94000
1525942635,760.14000,760.50000
1525811564,747.34000,747.50000
1525811566,746.87000,747.50000
1525942640,760.15000,760.44000
1525811569,746.82000,747.50000
1525942642,760.15000,760.50000
1525811571,746.88000,747.92000
1525811572,746.88000,747.51000
1525811573,746.88000,747.95000
1525811575,746.88000,747.50000
1525942648,760.16000,760.50000
1525942652,760.15000,760.50000
1525811582,746.88000,747.95000
1525942655,760.50000,761.03000
1525811584,746.88000,747.95000
1525942657,760.15000,761.46000
1525942658,760.16000,761.00000
1525942660,760.17000,761.00000
1525811590,746.22000,747.80000
1525811592,746.22000,747.79000
1525811593,746.89000,747.79000
1525942666,760.20000,761.05000
1525942667,760.22000,761.47000
1525942668,760.22000,761.05000
1525942670,760.23000,761.00000
1525792730,731.91000,732.77000
1525809560,749.95000,750.29000
1525811604,746.90000,747.76000
1525811605,747.00000,747.76000
1525942678,760.24000,761.42000
1525942679,760.24000,761.41000
1525811609,747.00000,747.75000
1525942683,760.26000,761.00000
1525811612,747.00000,747.73000
1525942686,760.27000,761.00000
1525811615,747.00000,747.74000
1525942690,760.27000,761.47000
1525942691,760.28000,761.30000
1525942692,760.28000,761.02000
1525787718,728.60000,728.65000
1525811625,747.00000,747.70000
1525942698,760.29000,761.02000
1525984327,734.03000,734.37000
1525942700,760.30000,761.02000
1525942705,760.31000,761.02000
1525811634,747.00000,747.67000
1525942707,760.33000,761.02000
1525942711,760.34000,761.02000
1525811640,747.00000,747.68000
1525811641,747.00000,747.64000
1525942714,760.36000,761.02000
1525942716,760.35000,761.02000
1525811646,747.00000,747.63000
1525811647,747.00000,747.62000
1525811648,747.00000,747.64000
1525811649,747.64000,747.68000
1525811650,747.03000,747.68000
1525811651,747.68000,747.69000
1525811652,747.03000,747.69000
1525811655,747.03000,747.65000
1525942730,760.42000,761.02000
1525942731,760.41000,761.02000
1525942733,760.45000,761.02000
1525811662,747.03000,747.62000
1525811664,747.03000,747.69000
1525811665,747.03000,747.61000
1525811671,747.03000,747.58000
1525942744,760.46000,761.02000
1525942746,760.50000,761.02000
1525942754,760.52000,761.02000
1525942760,760.53000,761.02000
1525811690,746.50000,747.03000
1525811691,746.21000,746.50000
1525811693,746.30000,746.50000
1525811694,746.31000,746.50000
1525811696,747.01000,747.61000
1525811697,746.32000,747.61000
1525811699,747.61000,747.65000
1525811705,746.25000,747.45000
1525811706,746.25000,747.65000
1525811707,746.26000,747.65000
1525811709,746.26000,747.20000
1525811710,746.28000,747.20000
1525811714,746.29000,747.20000
1525942788,760.55000,761.02000
1525811719,746.30000,747.20000
1525942792,760.56000,761.02000
1525811722,746.30000,747.17000
1525811726,746.30000,747.62000
1525811727,746.30000,747.20000
1525811730,746.30000,747.14000
1525811734,746.31000,747.14000
1525811736,746.32000,747.10000
1525811742,746.33000,747.10000
1525811743,747.10000,747.62000
1525811745,746.33000,747.30000
1525942820,760.58000,761.02000
1525811750,746.34000,747.30000
1525811751,746.34000,747.27000
1525811755,746.34000,747.61000
1525811756,746.34000,747.20000
1525940658,762.51000,764.00000
1525942835,760.50000,761.02000
1525942836,760.59000,761.02000
1525984350,734.07000,734.80000
1525811768,746.34000,747.10000
1525811773,746.34000,746.70000
1525936765,757.15000,757.64000
1525811777,746.34000,746.69000
1525942850,760.46000,761.02000
1525942852,760.60000,761.02000
1525811783,746.34000,746.63000
1525811787,746.33000,746.63000
1525811788,746.35000,746.62000
1525811789,746.34000,746.60000
1525811791,746.33000,746.60000
1525811792,745.32000,746.60000
1525811793,746.36000,746.60000
1525811794,745.73000,746.59000
1525811797,746.37000,746.59000
1525811798,746.37000,746.58000
1525811802,745.00000,746.57000
1525811803,745.01000,746.57000
1525811804,745.02000,746.56000
1525811806,745.02000,746.55000
1525811807,745.03000,746.40000
1525811808,745.03000,746.39000
1525811809,745.73000,746.39000
1525811811,745.73000,746.36000
1525811814,745.73000,746.39000
1525811816,745.73000,746.33000
1525940668,762.66000,764.05000
1525811821,745.73000,746.32000
1525811824,745.73000,746.29000
1525811830,745.10000,745.61000
1525811835,745.10000,745.58000
1525811840,745.04000,745.58000
1525811844,745.10000,745.58000
1525942918,761.01000,761.02000
1525811847,745.05000,745.58000
1525942924,760.46000,761.02000
1525811857,745.06000,745.58000
1525811860,745.06000,745.99000
1525811861,745.07000,745.99000
1525811862,745.07000,745.57000
1525811863,745.07000,745.55000
1525811864,745.01000,745.98000
1525811866,745.01000,745.54000
1525811868,745.02000,745.54000
1525811869,745.03000,745.54000
1525811870,745.03000,745.97000
1525811873,745.03000,745.51000
1525811877,745.02000,745.97000
1525811878,745.04000,745.97000
1525811884,745.04000,745.94000
1525896989,755.02000,755.77000
1525942960,760.50000,761.02000
1525811889,745.05000,745.97000
1525811893,745.00000,745.97000
1525942967,760.51000,761.02000
1525942969,760.51000,761.20000
1525942970,760.52000,761.20000
1525811899,745.03000,745.97000
1525811900,745.00000,745.94000
1525811901,745.04000,745.94000
1525942974,760.54000,761.20000
1525811903,745.00000,745.94000
1525811905,745.00000,745.97000
1525811906,745.00000,745.91000
1525942979,760.53000,761.20000
1525811908,745.02000,745.91000
1525811912,745.03000,745.91000
1525940684,762.67000,764.00000
1525942986,760.54000,761.20000
1525811915,745.04000,745.91000
1525942991,760.54000,761.20000
1525811923,745.03000,745.91000
1525942996,760.56000,761.20000
1525943000,760.57000,761.20000
1525811929,745.03000,745.80000
1525811930,745.00000,745.80000
1525811933,743.53000,744.00000
1525811936,743.54000,744.00000
1525811937,743.60000,744.00000
1525811938,743.60000,743.99000
1525811939,743.55000,743.99000
1525811940,743.90000,743.99000
1525811941,743.90000,744.00000
1525943017,760.60000,761.20000
1525943029,760.55000,760.57000
1525811958,744.20000,745.60000
1525811960,744.58000,745.97000
1525940692,763.03000,764.00000
1525811962,744.58000,745.57000
1525811966,744.62000,745.97000
1525811968,744.62000,745.54000
1525811969,744.60000,745.54000
1525943042,760.90000,761.49000
1525943044,760.57000,761.49000
1525943045,760.58000,761.49000
1525811974,744.60000,745.80000
1525811975,744.61000,745.97000
1525943049,760.58000,761.50000
1525811978,744.62000,745.90000
1525943052,760.93000,761.50000
1525811982,745.00000,745.90000
1525943055,760.59000,761.50000
1525943056,760.60000,761.50000
1525811985,745.00000,745.87000
1525811986,745.02000,745.87000
1525943060,760.61000,761.50000
1525811989,745.03000,745.97000
1525811990,745.40000,745.97000
1525811991,745.40000,745.84000
1525943064,760.63000,761.50000
1525811994,745.50000,745.84000
1525811995,745.50000,746.00000
1525811996,745.50000,745.81000
1525943070,760.65000,761.50000
1525811999,745.60000,745.81000
1525812000,745.60000,746.00000
1525812001,745.60000,745.78000
1525943074,760.66000,761.50000
1525943075,760.67000,761.50000
1525943077,760.68000,761.50000
1525812009,746.38000,746.57000
1525943082,760.71000,761.50000
1525812012,746.38000,746.56000
1525812015,746.39000,746.56000
1525943090,760.73000,761.50000
1525812020,746.40000,746.56000
1525943094,760.75000,761.50000
1525943096,760.76000,761.50000
1525943097,760.76000,761.49000
1525943102,760.76000,761.50000
1525943103,760.77000,761.50000
1525943105,760.78000,761.50000
1525943107,760.80000,761.50000
1525812036,746.39000,746.56000
1525812037,746.41000,746.56000
1525943110,760.81000,761.50000
1525943112,760.83000,761.50000
1525943115,760.81000,761.50000
1525943116,760.83000,761.50000
1525943117,760.84000,761.50000
1525943119,760.83000,761.50000
1525943120,760.87000,761.50000
1525831480,742.53000,743.09000
1525812050,746.40000,746.56000
1525812051,746.42000,746.56000
1525943129,760.88000,761.50000
1525943134,760.90000,761.50000
1525812065,746.40000,746.56000
1525812066,746.43000,746.56000
1525943139,760.87000,761.50000
1525943140,760.91000,761.50000
1525943141,760.93000,761.50000
1525943145,760.91000,761.50000
1525943147,760.96000,761.50000
1525943150,760.87000,761.50000
1525812080,746.44000,746.56000
1525943157,760.87000,761.50000
1525812087,748.00000,748.13000
1525812088,748.00000,748.09000
1525812092,748.00000,748.08000
1525943167,761.01000,761.50000
1525765952,759.24000,759.96000
1525812099,748.00000,748.07000
1525943173,761.02000,761.50000
1525812104,748.00000,748.01000
1525943180,761.30000,761.50000
1525943181,761.31000,761.50000
1525940717,763.03000,764.04000
1525812114,746.40000,748.00000
1525812115,746.40000,747.99000
1525812118,746.40000,747.99000
1525812119,746.40000,747.98000
1525812121,746.41000,747.98000
1525812124,746.41000,747.97000
1525812126,746.44000,747.96000
1525812127,746.50000,747.96000
1525812129,746.51000,747.96000
1525812133,746.53000,747.95000
1525812134,746.53000,747.94000
1525940721,763.03000,763.99000
1525812136,746.60000,747.94000
1525812137,748.00000,748.01000
1525812141,748.00000,748.08000
1525812144,748.00000,748.01000
1525943222,761.32000,761.50000
1525943227,761.32000,761.50000
1525943228,761.32000,761.48000
1525897034,755.09000,755.64000
1525812159,746.40000,748.00000
1525812161,746.40000,747.99000
1525943234,761.40000,761.50000
1525812163,746.90000,747.99000
1525812165,746.90000,747.98000
1525943240,761.41000,761.50000
1525812169,746.90000,747.98000
1525812170,746.93000,747.97000
1525812172,746.93000,747.96000
1525812174,746.40000,747.96000
1525812175,746.90000,747.96000
1525812176,746.96000,747.96000
1525812177,746.90000,747.96000
1525943250,761.41000,761.50000
1525812180,746.90000,747.95000
1525943253,761.48000,761.50000
1525943255,761.48000,761.49000
1525943257,761.48000,761.50000
1525812186,746.93000,747.92000
1525943261,760.89000,761.50000
1525812191,746.93000,747.91000
1525943265,760.90000,761.50000
1525812195,746.91000,747.91000
1525812196,747.00000,747.91000
1525812197,747.00000,747.88000
1525812200,747.00000,747.87000
1525812201,747.00000,747.83000
1525943274,760.94000,761.50000
1525812203,746.15000,747.82000
1525812204,747.03000,747.80000
1525812206,746.02000,747.80000
1525812207,746.16000,747.80000
1525812208,745.64000,747.82000
1525812209,745.65000,747.77000
1525943282,760.97000,761.50000
1525943284,760.94000,761.50000
1525943286,760.98000,761.50000
1525812215,746.60000,747.77000
1525812217,746.60000,746.99000
1525812218,746.63000,746.99000
1525812221,745.66000,746.99000
1525812222,745.66000,746.99000
1525812223,745.67000,746.99000
1525812225,745.67000,747.87000
1525812226,745.67000,747.69000
1525812227,745.67000,746.96000
1525812229,745.67000,746.98000
1525812230,745.68000,746.98000
1525943303,761.01000,761.50000
1525812236,745.68000,746.75000
1525812238,745.68000,746.73000
1525943311,761.00000,761.50000
1525812241,745.68000,746.51000
1525812245,745.68000,746.48000
1525812246,745.58000,746.97000
1525812247,745.69000,746.97000
1525812248,745.69000,746.80000
1525943321,761.01000,761.50000
1525812250,745.69000,746.79000
1525943323,760.90000,761.50000
1525943324,761.02000,761.50000
1525943327,761.03000,761.50000
1525812257,745.69000,746.46000
1525943331,761.04000,761.50000
1525943332,761.05000,761.50000
1525812261,745.64000,746.33000
1525812262,745.44000,746.33000
1525812263,745.70000,746.33000
1525943337,761.07000,761.50000
1525812266,745.43000,746.33000
1525812269,745.43000,746.30000
1525812270,744.84000,746.29000
1525812271,744.84000,745.90000
1525812272,744.84000,745.70000
1525943345,761.09000,761.50000
1525812274,744.80000,745.41000
1525943347,761.10000,761.50000
1525812276,744.44000,745.69000
1525812277,744.42000,745.69000
1525812278,744.42000,745.33000
1525812281,744.42000,745.30000
1525943355,761.12000,761.50000
1525812284,744.28000,745.69000
1525812285,744.28000,745.31000
1525812286,744.28000,745.20000
1525943359,761.10000,761.50000
1525943360,761.13000,761.50000
1525812290,744.29000,744.77000
1525812293,744.32000,744.45000
1525812294,744.32000,744.44000
1525897057,755.00000,755.65000
1525812296,743.99000,744.44000
1525943370,761.04000,761.49000
1525943371,761.05000,761.49000
1525943372,761.05000,761.49000
1525812302,743.99000,744.20000
1525943376,761.06000,761.49000
1525812305,742.21000,744.19000
1525812306,742.21000,743.72000
1525812308,742.21000,743.60000
1525812310,742.21000,743.40000
1525812312,742.40000,743.40000
1525812313,742.40000,743.00000
1525943387,761.07000,761.49000
1525812316,742.40000,742.99000
1525943389,761.07000,761.50000
1525943390,761.08000,761.50000
1525812319,742.24000,742.97000
1525812321,742.21000,742.97000
1525943395,761.07000,761.50000
1525812326,742.21000,742.96000
1525812332,742.21000,742.96000
1525943405,761.08000,761.50000
1525812334,742.22000,742.50000
1525812335,742.22000,742.96000
1525812337,742.21000,742.96000
1525812338,742.21000,742.93000
1525812341,742.21000,742.92000
1525812342,742.21000,742.90000
1525812344,742.22000,742.90000
1525812345,742.21000,742.90000
1525918911,751.90000,752.05000
1525812349,742.21000,742.89000
1525943422,760.70000,761.49000
1525943423,761.08000,761.49000
1525943424,761.10000,761.49000
1525812353,742.21000,742.89000
1525812354,742.21000,742.86000
1525812356,742.21000,742.85000
1525943429,761.11000,761.50000
1525934631,755.79000,756.46000
1525812362,742.20000,742.84000
1525812364,742.20000,742.82000
1525812366,742.20000,742.84000
1525812367,742.20000,742.81000
1525812368,742.20000,742.79000
1525943442,761.07000,761.50000
1525943443,761.07000,761.49000
1525943444,761.10000,761.50000
1525812373,742.20000,742.76000
1525943447,761.07000,761.50000
1525943449,761.10000,761.50000
1525812378,741.70000,742.20000
1525812379,741.70000,742.75000
1525812381,741.51000,741.70000
1525812384,741.51000,742.41000
1525831536,742.79000,743.09000
1525812386,741.51000,741.69000
1525943460,761.10000,761.49000
1525812389,741.50000,741.69000
1525943463,761.07000,761.49000
1525812392,741.01000,741.69000
1525812393,740.40000,741.68000
1525812394,740.40000,741.66000
1525812395,740.41000,741.66000
1525812398,740.41000,741.65000
1525812399,740.40000,741.65000
1525943474,760.89000,761.49000
1525812403,740.40000,741.00000
1525812405,740.41000,741.00000
1525812406,740.40000,741.00000
1525812409,740.40000,740.99000
1525943484,760.89000,761.50000
1525812416,740.40000,740.96000
1525812417,740.40000,740.94000
1525812419,740.40000,740.90000
1525812426,740.40000,741.50000
1525812427,740.41000,741.30000
1525812430,740.41000,740.87000
1525984461,734.09000,734.87000
1525812432,740.41000,741.29000
1525812434,740.87000,741.29000
1525812435,741.37000,741.49000
1525812440,741.37000,741.62000
1525943513,760.90000,761.50000
1525812443,741.37000,741.61000
1525812444,741.82000,741.97000
1525812445,742.14000,742.35000
1525812446,742.19000,742.35000
1525812448,742.19000,742.36000
1525943521,762.38000,762.57000
1525812450,742.19000,742.35000
1525766011,759.33000,759.92000
1525943525,762.38000,762.56000
1525812454,742.20000,742.35000
1525812455,742.37000,742.77000
1525812460,742.40000,742.77000
1525943533,762.38000,762.56000
1525943534,762.38000,762.49000
1525812464,742.40000,742.78000
1525812465,742.51000,742.78000
1525812468,742.52000,742.78000
1525918932,752.18000,752.60000
1525787861,728.60000,730.06000
1525812484,742.52000,742.99000
1525943562,762.39000,762.49000
1525943567,762.38000,762.49000
1525943569,762.40000,762.49000
1525812501,742.99000,743.54000
1525943574,762.39000,762.49000
1525809711,746.54000,747.47000
1525812508,743.10000,743.54000
1525812510,743.10000,743.85000
1525943588,762.40000,762.65000
1525812518,743.13000,743.85000
1525812519,743.13000,743.84000
1525812520,743.13000,743.84000
1525812522,743.14000,743.84000
1525812524,743.14000,743.85000
1525984477,734.08000,734.87000
1525789731,735.73000,736.50000
1525812533,743.14000,743.85000
1525812534,743.17000,743.84000
1525812535,743.17000,743.85000
1525812538,743.17000,743.84000
1525812541,743.17000,743.85000
1525943614,762.10000,762.65000
1525812543,743.17000,743.84000
1525943616,761.79000,762.40000
1525943617,761.80000,762.65000
1525812546,743.15000,743.84000
1525812547,743.20000,743.84000
1525812548,743.20000,743.83000
1525812549,743.20000,743.84000
1525812551,743.15000,743.84000
1525812553,743.23000,743.84000
1525943626,761.78000,762.70000
1525812555,743.15000,743.84000
1525812556,743.15000,743.83000
1525943629,761.86000,762.69000
1525812558,743.15000,743.82000
1525812560,743.16000,743.82000
1525943633,761.79000,762.69000
1525812563,743.15000,743.81000
1525812564,743.15000,743.82000
1525812567,743.15000,743.81000
1525943641,761.78000,761.79000
1525943643,761.78000,762.20000
1525943645,761.24000,762.20000
1525943646,761.24000,762.10000
1525812575,743.15000,743.80000
1525812577,743.16000,743.80000
1525912810,756.80000,758.00000
1525943653,761.24000,762.10000
1525812582,743.19000,743.80000
1525943655,761.24000,761.80000
1525984488,734.10000,735.09000
1525812595,743.19000,743.79000
1525943668,761.21000,761.80000
1525943669,761.21000,761.77000
1525812598,743.15000,743.79000
1525812599,743.22000,743.79000
1525812600,743.15000,743.79000
1525812602,743.15000,743.76000
1525943675,760.88000,761.70000
1525812605,743.15000,743.75000
1525766037,759.37000,759.61000
1525905827,751.10000,751.62000
1525943682,760.88000,761.68000
1525812611,743.15000,743.72000
1525943685,760.88000,761.66000
1525943688,760.88000,761.30000
1525812618,743.16000,743.75000
1525812619,743.16000,743.71000
1525812620,743.16000,743.69000
1525812623,743.16000,743.71000
1525812625,743.16000,743.80000
1525812626,743.16000,743.66000
1525943699,760.88000,761.20000
1525918958,753.41000,753.80000
1525812633,743.16000,743.80000
1525812638,743.16000,743.63000
1525943711,760.88000,761.17000
1525812640,743.16000,743.80000
1525812642,743.16000,743.60000
1525812643,743.10000,743.60000
1525812644,743.10000,743.57000
1525943717,760.88000,761.16000
1525812648,743.10000,743.80000
1525812649,743.10000,743.54000
1525943722,760.88000,761.10000
1525812654,743.10000,743.80000
1525812655,743.10000,743.51000
1525940808,763.40000,763.97000
1525812658,743.10000,743.70000
1525812659,742.17000,743.70000
1525812660,742.17000,743.40000
1525943733,760.88000,761.07000
1525812662,742.17000,743.11000
1525812664,742.15000,743.11000
1525812665,742.15000,743.30000
1525943738,760.88000,761.00000
1525812667,742.15000,743.10000
1525943740,760.61000,761.00000
1525812671,742.15000,742.80000
1525943745,760.61000,761.06000
1525943747,760.61000,761.00000
1525812676,741.12000,742.80000
1525812677,741.12000,742.63000
1525812679,741.13000,742.63000
1525812681,741.50000,742.63000
1525812682,741.50000,742.60000
1525943756,760.61000,761.00000
1525812685,741.50000,742.59000
1525812688,741.13000,742.59000
1525812691,741.40000,742.59000
1525812692,741.40000,742.58000
1525812695,740.51000,742.58000
1525812696,741.14000,742.58000
1525812697,741.14000,742.56000
1525943771,760.60000,760.99000
1525812701,741.40000,742.55000
1525812702,741.40000,742.54000
1525812704,741.40000,742.46000
1525812705,741.40000,742.45000
1525787899,728.76000,729.00000
1525812708,741.14000,742.45000
1525812709,740.43000,742.44000
1525812710,741.41000,742.44000
1525831591,742.99000,743.55000
1525812719,741.41000,742.42000
1525812720,741.41000,742.41000
1525812723,740.50000,742.41000
1525812724,740.51000,742.41000
1525812725,741.30000,742.41000
1525812727,741.30000,742.40000
1525812730,741.30000,742.30000
1525984511,734.16000,735.08000
1525812732,740.61000,742.30000
1525812736,741.20000,742.30000
1525812737,741.20000,742.41000
1525831595,742.98000,743.55000
1525812740,741.20000,742.27000
1525943814,760.55000,760.99000
1525812743,740.71000,742.27000
1525812744,740.61000,742.40000
1525812745,741.20000,742.40000
1525943819,760.14000,760.99000
1525812748,741.20000,742.41000
1525812750,741.20000,742.37000
1525812753,740.78000,742.37000
1525812754,741.20000,742.37000
1525943829,760.17000,760.98000
1525812759,741.20000,742.36000
1525943832,760.14000,760.97000
1525812761,740.80000,742.36000
1525812764,741.20000,742.36000
1525812768,741.20000,742.33000
1525812771,740.82000,742.33000
1525943844,759.98000,760.11000
1525812773,741.20000,742.33000
1525943850,759.40000,760.10000
1525812781,740.80000,742.33000
1525812782,741.20000,742.33000
1525943855,759.41000,760.97000
1525943856,759.42000,760.07000
1525943860,759.43000,760.90000
1525943861,759.43000,760.94000
1525943862,759.43000,759.79000
1525812791,741.20000,742.36000
1525812793,741.20000,742.35000
1525943868,759.46000,759.76000
1525943869,759.47000,759.76000
1525943870,760.46000,760.96000
1525812799,741.00000,742.35000
1525943872,760.46000,760.90000
1525812801,741.20000,742.35000
1525943874,760.46000,760.51000
1525943878,760.50000,760.51000
1525812808,741.23000,742.35000
1525943881,760.50000,760.96000
1525812812,741.01000,742.35000
1525943885,760.51000,760.94000
1525812820,741.04000,742.35000
1525812821,741.02000,742.35000
1525812822,741.20000,742.35000
1525943896,760.50000,760.94000
1525812825,742.33000,742.35000
1525943901,760.50000,760.94000
1525812834,742.33000,742.34000
1525812837,742.33000,742.35000
1525943915,760.51000,760.94000
1525918995,753.15000,753.80000
1525940841,763.31000,763.97000
1525812856,742.33000,742.40000
1525943933,760.51000,760.93000
1525812866,742.33000,742.39000
1525812873,741.08000,742.39000
1525812875,741.08000,742.39000
1525812876,741.08000,742.38000
1525812879,741.08000,742.37000
1525812884,741.08000,742.36000
1525919001,753.15000,753.80000
1525943960,760.50000,760.93000
1525812889,741.08000,742.35000
1525812892,741.04000,742.35000
1525812893,741.09000,742.35000
1525812895,741.09000,742.34000
1525812897,741.09000,742.33000
1525943972,760.52000,760.94000
1525812901,741.09000,742.32000
1525943975,760.50000,760.94000
1525812904,741.09000,742.30000
1525812905,741.10000,742.30000
1525812906,741.10000,742.20000
1525812909,741.10000,742.19000
1525812912,741.10000,742.18000
1525812914,741.10000,742.10000
1525943991,760.51000,760.94000
1525812921,741.04000,742.10000
1525812922,741.11000,742.10000
1525812923,742.00000,742.10000
1525812926,741.11000,741.91000
1525812929,741.60000,741.91000
1525812932,741.11000,741.91000
1525944005,760.50000,760.94000
1525812934,741.11000,741.90000
1525812937,741.01000,741.90000
1525812941,741.01000,741.70000
1525812943,741.01000,741.69000
1525812945,741.03000,741.69000
1525812948,740.04000,741.69000
1525812949,740.01000,741.69000
1525812950,740.05000,741.69000
1525812951,740.18000,741.68000
1525812952,740.40000,741.66000
1525944025,760.50000,760.93000
1525812955,740.40000,741.68000
1525812956,740.40000,741.60000
1525812958,740.40000,741.57000
1525812960,740.18000,741.60000
1525812961,740.18000,741.59000
1525812962,740.50000,741.59000
1525812963,740.02000,741.58000
1525812964,740.01000,741.58000
1525812966,740.01000,741.59000
1525812967,740.10000,741.59000
1525944040,760.50000,760.94000
1525812969,740.00000,741.59000
1525812971,740.10000,741.50000
1525812973,740.11000,741.50000
1525812974,740.11000,741.49000
1525812977,740.11000,741.20000
1525812979,740.13000,741.20000
1525812985,740.13000,741.39000
1525812988,740.13000,741.38000
1525812989,740.00000,741.38000
1525812991,740.00000,741.36000
1525812992,740.00000,741.31000
1525944065,760.52000,760.94000
1525812997,740.13000,741.30000
1525812998,740.13000,741.28000
1525813001,740.14000,741.28000
1525813003,740.14000,741.30000
1525813004,740.14000,741.25000
1525813005,740.14000,741.20000
1525813008,740.13000,741.20000
1525813009,740.14000,741.20000
1525813013,740.14000,741.30000
1525813014,740.01000,741.20000
1525944089,760.54000,760.94000
1525813022,740.00000,741.17000
1525813025,740.02000,741.17000
1525813028,740.03000,741.17000
1525813029,740.00000,741.17000
1525813030,740.00000,741.10000
1525813031,740.00000,741.00000
1525944110,760.56000,760.93000
1525813040,740.00000,740.99000
1525813042,740.00000,741.00000
1525813043,740.00000,740.97000
1525813045,740.01000,740.97000
1525944118,760.57000,760.93000
1525944119,760.56000,760.93000
1525813050,740.01000,741.00000
1525813054,740.01000,740.94000
1525813056,740.02000,740.94000
1525813058,740.00000,741.00000
1525813060,740.00000,740.91000
1525813063,740.01000,741.00000
1525813066,740.01000,740.88000
1525813067,740.00000,740.88000
1525813069,740.00000,741.00000
1525944142,760.56000,760.94000
1525813071,740.00000,740.97000
1525944144,760.57000,760.94000
1525813074,740.00000,740.96000
1525944148,760.57000,760.93000
1525944149,760.57000,760.94000
1525813082,740.00000,740.95000
1525790191,732.26000,734.08000
1525813088,740.00000,740.92000
1525813091,740.00000,740.70000
1525813097,740.00000,740.67000
1525813101,740.00000,740.60000
1525813105,740.00000,740.59000
1525813107,739.87000,740.00000
1525984574,734.29000,735.09000
1525813111,739.87000,739.99000
1525944185,760.57000,760.94000
1525944186,760.59000,760.94000
1525813115,739.50000,739.99000
1525813116,739.40000,739.99000
1525813117,739.40000,739.98000
1525944193,760.59000,760.94000
1525944194,760.59000,760.93000
1525813123,739.40000,739.95000
1525944200,760.05000,760.93000
1525944201,760.60000,760.93000
1525813130,739.41000,739.95000
1525984578,734.29000,735.40000
1525849520,720.62000,721.05000
1525944215,760.08000,760.93000
1525813144,739.42000,739.95000
1525944218,760.09000,760.93000
1525813149,739.00000,739.95000
1525813151,738.79000,739.95000
1525813153,739.00000,739.95000
1525944228,760.12000,760.93000
1525944230,760.09000,760.93000
1525944231,760.10000,760.93000
1525944234,760.13000,760.93000
1525944236,760.13000,760.90000
1525813167,738.79000,739.95000
1525813169,739.00000,739.95000
1525813170,738.79000,739.95000
1525813172,738.80000,739.95000
1525813174,738.80000,739.90000
1525831668,743.74000,743.79000
1525944252,760.11000,760.90000
1525813182,738.80000,739.98000
1525934553,753.80000,755.21000
1525813186,738.81000,739.98000
1525813187,738.81000,739.90000
1525813188,738.81000,739.87000
1525813189,738.81000,739.90000
1525813190,738.82000,739.90000
1525813191,739.00000,739.90000
1525813192,739.00000,739.84000
1525813195,739.00000,739.80000
1525944268,760.11000,760.90000
1525813200,739.01000,739.80000
1525766136,759.42000,759.49000
1525944276,760.11000,760.94000
1525813206,739.01000,739.77000
1525944279,760.11000,760.91000
1525944280,760.11000,760.90000
1525944281,760.10000,760.90000
1525944286,760.10000,760.90000
1525813215,739.01000,740.00000
1525813218,739.02000,739.90000
1525813219,739.01000,739.90000
1525813221,739.01000,739.87000
1525944294,760.20000,760.90000
1525944295,760.20000,760.87000
1525813224,739.01000,739.90000
1525813225,739.01000,739.84000
1525944298,760.30000,760.87000
1525944300,760.31000,760.94000
1525944303,760.32000,760.94000
1525813232,739.01000,740.00000
1525813233,739.50000,739.90000
1525944306,760.90000,760.94000
1525944310,760.91000,760.94000
1525813240,739.50000,739.87000
1525944313,760.93000,760.94000
1525813251,739.50000,740.00000
1525813252,739.50000,739.84000
1525813255,739.50000,739.90000
1525813256,739.50000,739.81000
1525813262,739.50000,740.00000
1525944336,761.04000,762.54000
1525813265,739.50000,739.78000
1525944339,761.05000,762.53000
1525944340,761.40000,762.53000
1525813269,739.50000,740.00000
1525944343,761.40000,762.52000
1525813273,739.50000,739.75000
1525944346,761.40000,762.49000
1525813275,739.50000,740.00000
1525813276,739.50000,739.97000
1525944350,761.20000,762.49000
1525944351,761.40000,762.49000
1525944353,761.46000,762.49000
1525944355,761.46000,762.53000
1525944356,761.40000,762.53000
1525813285,739.04000,739.50000
1525813286,739.05000,739.50000
1525813287,739.06000,739.50000
1525803439,731.90000,732.50000
1525813292,739.05000,739.47000
1525944366,761.21000,762.53000
1525813295,739.06000,739.50000
1525944369,761.52000,762.53000
1525944371,761.53000,762.53000
1525813304,739.10000,739.50000
1525944377,761.55000,762.53000
1525813310,739.11000,739.50000
1525944383,761.80000,762.53000
1525813314,739.20000,739.50000
1525944387,761.81000,762.54000
1525972172,759.76000,759.96000
1525813317,739.53000,740.00000
1525944393,761.81000,762.54000
1525813323,739.60000,740.00000
1525813332,741.61000,741.80000
1525813334,740.75000,741.80000
1525813335,740.96000,741.80000
1525813336,742.06000,742.19000
1525813337,740.77000,742.19000
1525944411,761.21000,762.54000
1525944413,761.40000,762.54000
1525944415,761.89000,762.54000
1525813346,740.80000,742.10000
1525813349,740.80000,742.18000
1525813351,740.90000,742.18000
1525944425,761.45000,762.54000
1525813355,740.90000,742.17000
1525813356,740.91000,742.17000
1525813357,740.93000,742.17000
1525813358,740.93000,742.17000
1525813361,741.10000,742.17000
1525944436,761.46000,762.54000
1525813365,741.11000,741.79000
1525813366,741.60000,741.79000
1525813367,741.60000,743.26000
1525813370,742.15000,743.26000
1525813371,741.61000,743.22000
1525813372,741.70000,743.22000
1525944445,761.45000,762.54000
1525813374,742.00000,743.24000
1525944449,761.51000,762.54000
1525944452,761.70000,762.54000
1525813382,742.60000,744.32000
1525813383,742.60000,744.31000
1525944457,761.71000,762.54000
1525813386,742.50000,744.30000
1525813387,742.60000,744.30000
1525944460,761.74000,762.54000
1525944462,761.80000,762.54000
1525984621,734.59000,735.39000
1525813392,742.62000,744.30000
1525944465,761.74000,762.54000
1525944466,761.70000,762.54000
1525944467,761.81000,762.54000
1525813397,742.80000,744.36000
1525813399,742.80000,744.35000
1525944472,761.70000,762.54000
1525944473,761.81000,762.54000
1525813402,742.81000,744.30000
1525944475,761.83000,762.54000
1525944476,761.86000,762.54000
1525813407,742.81000,744.20000
1525813409,742.83000,744.20000
1525813411,742.84000,744.20000
1525813412,742.90000,744.20000
1525944489,761.89000,762.54000
1525813418,742.90000,743.80000
1525813419,742.81000,743.80000
1525944496,761.92000,762.54000
1525813426,742.81000,744.00000
1525813427,742.81000,743.80000
1525813435,742.81000,743.80000
1525944508,761.94000,762.54000
1525813440,742.81000,743.60000
1525944513,761.93000,762.54000
1525944515,761.96000,762.54000
1525813445,742.81000,743.58000
1525944521,761.93000,762.54000
1525813451,742.81000,743.50000
1525944524,761.99000,762.54000
1525813455,742.32000,743.50000
1525813458,742.33000,743.50000
1525813460,741.79000,742.00000
1525813462,741.80000,742.00000
1525958644,765.12000,765.28000
1525813470,741.78000,742.00000
1525813472,741.81000,742.00000
1525813473,741.81000,741.97000
1525813477,741.64000,741.97000
1525813478,741.64000,741.99000
1525813481,741.61000,741.99000
1525813483,741.65000,741.96000
1525813487,741.65000,741.99000
1525813492,741.65000,741.96000
1525913689,753.55000,754.29000
1525944566,762.03000,762.54000
1525813495,741.80000,741.96000
1525813498,741.80000,741.99000
1525813502,741.80000,741.93000
1525944578,762.02000,762.54000
1525813509,741.80000,741.99000
1525813511,741.80000,741.96000
1525944584,762.03000,762.54000
1525944592,762.04000,762.25000
1525813521,741.80000,741.99000
1525944595,762.03000,762.25000
1525813527,741.80000,741.96000
1525984644,734.74000,735.56000
1525944610,761.91000,762.25000
1525944613,762.03000,762.25000
1525805889,746.40000,746.41000
1525989199,735.33000,735.97000
1525813572,741.80000,741.95000
1525944653,761.90000,762.25000
1525944654,761.90000,762.25000
1525944657,761.90000,762.24000
1525944658,761.90000,762.25000
1525944659,761.90000,762.25000
1525813589,741.80000,741.92000
1525944662,761.90000,762.24000
1525944663,761.91000,762.25000
1525944667,761.90000,762.25000
1525944669,761.91000,762.25000
1525944675,761.91000,762.54000
1525813606,741.80000,741.88000
1525984657,735.50000,735.56000
1525813611,741.80000,741.99000
1525813612,741.80000,741.88000
1525813615,741.80000,741.85000
1525813620,741.80000,741.84000
1525944695,761.70000,762.54000
1525944698,761.97000,762.54000
1525813630,741.80000,741.81000
1525944705,762.00000,762.54000
1525944709,761.70000,762.54000
1525944710,762.03000,762.54000
1525897281,753.01000,753.91000
1525944714,761.50000,762.54000
1525944716,761.51000,762.54000
1525944717,762.04000,762.54000
1525944719,761.51000,762.54000
1525944720,762.10000,762.54000
1525924165,754.12000,755.00000
1525813691,740.90000,741.81000
1525813698,740.90000,741.80000
1525848223,719.40000,719.78000
1525813703,740.90000,741.78000
1525784071,736.40000,737.00000
1525813705,740.93000,741.78000
1525944778,762.11000,762.54000
1525813707,740.93000,741.80000
1525813709,740.93000,741.79000
1525944782,762.10000,762.54000
1525813711,740.93000,741.75000
1525809912,746.82000,746.99000
1525813716,740.93000,741.74000
1525813722,740.93000,741.71000
1525813727,740.94000,741.70000
1525940987,763.31000,763.97000
1525813734,740.93000,741.70000
1525813736,740.93000,741.00000
1525813738,740.90000,741.00000
1525813739,740.94000,741.00000
1525813741,740.90000,741.00000
1525813742,740.91000,741.00000
1525813743,740.91000,740.97000
1525944816,762.70000,762.82000
1525944822,762.70000,762.82000
1525813751,740.90000,741.00000
1525944826,762.70000,762.81000
1525809919,746.83000,747.10000
1525813756,740.90000,740.91000
1525944831,762.70000,762.81000
1525944832,762.70000,762.82000
1525944835,762.70000,762.82000
1525944842,762.70000,762.81000
1525944843,762.70000,762.82000
1525944844,762.70000,762.81000
1525944884,762.67000,762.81000
1525813814,740.90000,740.99000
1525813819,740.90000,740.91000
1525813821,740.90000,740.99000
1525813823,740.90000,740.91000
1525813833,740.90000,740.99000
1525941005,763.52000,764.24000
1525944913,762.67000,762.79000
1525813844,740.90000,740.96000
1525941006,763.53000,764.24000
1525813848,740.90000,740.99000
1525831780,745.00000,745.08000
1525813850,740.91000,740.99000
1525813856,740.92000,740.99000
1525813862,740.93000,740.99000
1525809937,747.95000,748.20000
1525813871,740.92000,740.99000
1525813874,740.90000,740.99000
1525944949,762.67000,762.70000
1525813879,740.91000,740.99000
1525813886,740.92000,740.99000
1525944961,762.10000,762.69000
1525813890,740.93000,741.00000
1525897323,752.71000,753.00000
1525813896,740.94000,741.00000
1525941015,763.30000,764.18000
1525944972,762.13000,762.69000
1525813905,740.93000,741.00000
1525813907,740.95000,741.00000
1525813909,740.95000,740.99000
1525813921,740.93000,740.99000
1525813929,740.93000,740.95000
1525813931,740.92000,740.95000
1525813933,740.94000,740.95000
1525945007,762.10000,762.69000
1525945009,762.15000,762.69000
1525813939,740.90000,740.95000
1525945012,762.15000,762.70000
1525945017,762.18000,762.70000
1525945027,762.18000,762.69000
1525945035,762.18000,762.70000
1525945036,762.43000,762.68000
1525813966,740.90000,741.00000
1525813972,740.91000,741.00000
1525813976,740.90000,741.00000
1525945050,762.53000,762.68000
1525813981,740.90000,740.99000
1525813982,740.91000,740.99000
1525945059,762.10000,762.68000
1525813988,740.90000,740.99000
1525813995,740.91000,740.99000
1525945069,762.13000,762.68000
1525945070,762.61000,762.68000
1525813999,740.90000,740.99000
1525814001,740.90000,741.00000
1525901923,745.44000,745.79000
1525784081,737.20000,737.26000
1525945079,762.13000,762.70000
1525945084,762.11000,762.70000
1525945092,762.13000,762.70000
1525814037,740.85000,741.00000
1525858279,731.34000,732.47000
1525945118,762.14000,762.70000
1525897349,753.00000,753.91000
1525945122,762.17000,762.70000
1525827728,740.92000,741.73000
1525945131,762.14000,762.70000
1525945135,762.20000,762.70000
1525962888,761.01000,761.38000
1525945144,762.21000,762.70000
1525945149,762.20000,762.70000
1525766287,758.71000,758.72000
1525945188,762.21000,762.70000
1525792814,732.20000,732.74000
1525945198,762.22000,762.70000
1525945203,762.21000,762.70000
1525945206,762.22000,762.70000
1525945207,762.22000,762.70000
1525984746,736.89000,736.97000
1525945218,762.23000,762.70000
1525928115,761.30000,761.98000
1525945225,762.22000,762.70000
1525945255,762.23000,762.70000
1525945259,762.22000,762.70000
1525945261,762.24000,762.70000
1525945265,762.22000,762.70000
1525945266,762.23000,762.70000
1525945271,762.24000,762.70000
1525984756,736.89000,736.94000
1525945279,762.23000,762.70000
1525936846,756.63000,757.39000
1525945297,762.24000,762.70000
1525805911,745.21000,746.40000
1525945303,762.23000,762.70000
1525945305,762.23000,762.69000
1525945308,762.24000,762.69000
1525945313,762.10000,762.69000
1525945314,762.24000,762.69000
1525945316,762.10000,762.69000
1525945317,762.24000,762.69000
1525814247,740.85000,741.77000
1525814248,740.86000,741.77000
1525814252,740.85000,741.77000
1525945326,762.24000,762.68000
1525814255,740.86000,741.76000
1525805912,745.21000,746.30000
1525814257,740.85000,741.76000
1525814259,741.00000,741.76000
1525814261,741.00000,741.75000
1525814263,741.01000,741.75000
1525814269,741.04000,741.75000
1525945346,762.25000,762.70000
1525814275,741.05000,741.75000
1525814278,741.04000,741.75000
1525945352,762.26000,762.70000
1525814283,741.05000,741.75000
1525814285,741.05000,741.74000
1525814286,741.07000,741.74000
1525814290,741.07000,741.73000
1525814291,741.05000,741.73000
1525814292,741.00000,741.73000
1525814293,741.10000,741.73000
1525814296,741.10000,741.72000
1525814298,741.00000,741.72000
1525919391,752.54000,753.72000
1525814305,741.03000,741.72000
1525814309,741.03000,741.71000
1525945382,762.27000,762.70000
1525945383,762.69000,762.70000
1525814316,741.00000,741.71000
1525814319,741.06000,741.71000
1525971766,761.10000,761.79000
1525814335,741.06000,741.70000
1525814340,741.06000,741.69000
1525814345,741.06000,741.68000
1525814348,741.06000,741.67000
1525984785,736.30000,736.93000
1525801964,737.11000,737.91000
1525814396,741.06000,741.66000
1525814399,741.65000,741.66000
1525814404,741.06000,741.65000
1525814409,741.00000,741.64000
1525945491,762.28000,762.70000
1525945492,762.69000,762.70000
1525814422,741.00000,741.63000
1525814423,741.03000,741.63000
1525814426,741.03000,741.62000
1525814430,741.00000,741.62000
1525814431,741.00000,741.61000
1525814435,741.03000,741.61000
1525925043,755.29000,755.30000
1525814447,741.03000,741.60000
1525814453,741.32000,741.60000
1525814456,741.32000,741.59000
1525831884,744.02000,744.15000
1525831888,744.03000,744.15000
1525971772,761.64000,761.79000
1525984807,735.07000,735.69000
1525984808,735.33000,735.76000
1525984809,735.33000,735.60000
1525814521,741.02000,741.59000
1525814524,741.33000,741.59000
1525788463,730.40000,731.96000
1525814545,741.34000,741.59000
1525984814,735.08000,735.68000
1525814555,741.00000,741.59000
1525814556,741.35000,741.58000
1525945633,762.29000,762.70000
1525971774,761.64000,761.78000
1525945636,762.28000,762.70000
1525810054,747.83000,747.97000
1525945639,762.28000,762.70000
1525814569,741.01000,741.58000
1525945643,762.29000,762.70000
1525814572,741.02000,741.58000
1525945649,762.28000,762.70000
1525945650,762.29000,762.70000
1525945654,762.30000,762.70000
1525814583,741.03000,741.58000
1525814584,741.06000,741.57000
1525919284,753.80000,753.82000
1525814589,741.06000,741.56000
1525814593,741.06000,741.55000
1525814599,741.07000,741.55000
1525984869,735.10000,735.91000
1525814614,741.05000,741.55000
1525814615,741.08000,741.55000
1525945695,762.31000,762.69000
1525945697,762.32000,762.69000
1525814633,741.05000,741.55000
1525814634,741.09000,741.55000
1525945710,762.11000,762.69000
1525814641,741.10000,741.55000
1525945716,762.13000,762.69000
1525814645,741.11000,741.55000
1525814646,741.12000,741.55000
1525945719,762.14000,762.69000
1525945721,762.16000,762.69000
1525945722,762.14000,762.69000
1525945723,762.17000,762.69000
1525814652,741.21000,741.55000
1525814654,741.22000,741.55000
1525853935,718.62000,719.45000
1525945731,762.18000,762.69000
1525814661,741.24000,741.55000
1525814662,741.24000,741.30000
1525945738,762.19000,762.69000
1525945741,762.19000,762.82000
1525945745,762.20000,762.82000
1525814674,741.25000,741.30000
1525814675,741.26000,741.30000
1525945748,762.22000,762.82000
1525945750,762.22000,762.81000
1525945751,762.20000,762.81000
1525984836,735.09000,735.59000
1525945754,762.25000,762.81000
1525945763,762.25000,762.82000
1525792833,731.95000,732.37000
1525945769,762.25000,762.81000
1525831922,744.08000,744.12000
1525814702,741.28000,741.30000
1525945776,762.25000,762.82000
1525814707,741.29000,741.30000
1525814709,741.29000,741.77000
1525814711,741.30000,741.77000
1525814712,741.76000,741.77000
1525941151,763.65000,764.29000
1525814716,741.76000,742.00000
1525936863,756.60000,757.24000
1525814720,741.77000,742.00000
1525784105,738.57000,739.05000
1525810082,748.11000,748.50000
1525814734,741.76000,742.00000
1525814735,741.78000,742.00000
1525814737,742.25000,742.69000
1525814741,742.25000,742.76000
1525814752,742.30000,742.76000
1525984848,735.09000,735.53000
1525963003,760.35000,760.58000
1525814756,742.30000,743.00000
1525814758,742.31000,743.00000
1525814763,742.50000,743.00000
1525814765,742.32000,743.00000
1525814766,742.50000,743.00000
1525945840,762.26000,762.82000
1525788243,731.61000,732.06000
1525831934,744.07000,744.08000
1525945846,762.25000,762.82000
1525814775,742.52000,743.00000
1525945849,762.27000,762.82000
1525814779,742.53000,743.00000
1525814781,742.55000,743.00000
1525945857,762.27000,762.82000
1525945861,762.28000,762.82000
1525814794,742.57000,743.00000
1525814795,742.58000,743.00000
1525945871,762.32000,762.82000
1525814803,742.60000,743.00000
1525945881,762.32000,762.82000
1525945882,762.32000,762.79000
1525922160,754.00000,754.60000
1525814816,742.63000,743.00000
1525814817,742.64000,743.00000
1525945893,762.32000,762.82000
1525814823,742.65000,743.00000
1525814824,742.70000,743.00000
1525814828,743.00000,743.69000
1525941170,763.69000,764.29000
1525814831,743.00000,744.42000
1525814837,743.01000,744.42000
1525814838,743.03000,744.42000
1525814842,743.02000,744.42000
1525814843,743.03000,744.42000
1525814844,743.06000,744.42000
1525922427,754.31000,755.38000
1525945919,762.60000,762.82000
1525814849,743.50000,744.50000
1525814851,743.51000,744.50000
1525945924,762.32000,762.82000
1525814855,743.54000,744.50000
1525814856,743.90000,744.50000
1525814857,743.54000,744.50000
1525814858,743.90000,744.50000
1525945936,762.57000,762.82000
1525788259,732.11000,732.91000
1525814869,743.91000,744.50000
1525814870,743.96000,744.50000
1525945945,762.32000,762.82000
1525814879,743.94000,744.97000
1525814880,744.10000,744.97000
1525814883,744.11000,744.97000
1525945958,762.70000,762.81000
1525945959,762.70000,762.82000
1525814889,744.13000,744.97000
1525814890,744.14000,744.97000
1525814892,744.97000,745.00000
1525814894,744.97000,745.53000
1525945970,762.70000,762.82000
1525814901,745.00000,745.53000
1525945974,762.81000,762.82000
1525984873,735.10000,735.93000
1525945982,762.32000,762.82000
1525814912,745.00000,745.59000
1525814913,745.03000,745.59000
1525814915,745.01000,745.59000
1525814916,745.06000,745.59000
1525805934,745.22000,746.77000
1525814919,745.03000,745.59000
1525814920,745.06000,745.59000
1525814922,745.09000,745.59000
1525814927,745.10000,745.59000
1525814935,745.11000,745.59000
1525814941,745.12000,745.59000
1525814943,745.13000,745.59000
1525814948,745.15000,745.59000
1525946022,762.32000,762.78000
1525919345,752.53000,753.74000
1525831964,743.60000,743.78000
1525941191,763.70000,764.29000
1525946028,762.60000,762.78000
1525946030,762.32000,762.78000
1525814965,745.31000,745.59000
1525814970,745.31000,746.28000
1525814972,745.32000,746.28000
1525814973,745.32000,746.20000
1525814979,745.35000,746.20000
1525814981,745.35000,746.28000
1525814982,745.33000,746.28000
1525814983,745.38000,746.20000
1525814989,745.39000,746.20000
1525814990,745.39000,746.19000
1525814997,745.40000,746.19000
1525814998,745.41000,746.17000
1525815001,745.40000,746.17000
1525815002,745.40000,746.16000
1525815003,745.41000,746.16000
1525815004,745.43000,746.16000
1525946077,762.33000,762.78000
1525815006,745.43000,746.20000
1525815007,745.43000,746.54000
1525815008,745.43000,746.20000
1525815010,745.42000,746.20000
1525815011,745.46000,746.13000
1525815015,745.49000,746.13000
1525815017,745.46000,746.13000
1525815018,745.46000,746.12000
1525815019,745.52000,746.12000
1525815022,745.52000,746.13000
1525946095,762.34000,762.78000
1525815025,745.52000,746.54000
1525815026,745.53000,746.54000
1525815027,745.53000,746.10000
1525815029,745.54000,746.10000
1525815030,745.54000,746.54000
1525815031,745.56000,746.51000
1525815032,745.54000,746.51000
1525946106,762.35000,762.78000
1525815036,745.58000,746.51000
1525815039,745.60000,746.51000
1525946113,762.60000,762.78000
1525815042,745.59000,746.51000
1525815045,745.60000,746.51000
1525815048,745.62000,746.51000
1525946121,762.61000,762.78000
1525815050,745.63000,746.51000
1525815055,745.64000,746.51000
1525815057,745.65000,746.51000
1525984899,735.10000,735.93000
1525815061,745.65000,746.51000
1525923781,753.88000,755.20000
1525815068,745.68000,746.51000
1525815071,745.66000,746.51000
1525815072,745.68000,746.51000
1525815078,745.71000,746.51000
1525815079,745.71000,746.48000
1525984904,735.12000,735.86000
1525815093,745.74000,746.48000
1525946166,762.62000,762.77000
1525781892,723.69000,724.81000
1525815100,745.72000,746.48000
1525815105,745.77000,746.48000
1525815109,745.72000,746.48000
1525815112,745.80000,746.48000
1525815119,745.81000,746.48000
1525946194,762.64000,762.77000
1525810147,748.20000,748.44000
1525984910,735.09000,735.85000
1525815128,745.72000,746.47000
1525946201,762.65000,762.77000
1525815130,745.72000,746.46000
1525919375,752.54000,753.73000
1525815132,745.72000,746.51000
1525815134,745.73000,746.44000
1525815139,745.73000,746.51000
1525815142,745.75000,746.51000
1525984913,735.86000,735.98000
1525815144,745.73000,746.48000
1525946217,762.66000,762.77000
1525946218,762.65000,762.77000
1525946219,762.65000,762.71000
1525815149,745.76000,746.51000
1525946223,762.66000,762.70000
1525815152,745.76000,746.45000
1525815153,745.73000,746.45000
1525946229,762.65000,762.70000
1525946230,762.66000,762.70000
1525946234,762.66000,762.67000
1525946235,762.66000,762.82000
1525946238,762.66000,762.78000
1525815168,745.73000,746.51000
1525946241,762.67000,762.78000
1525815174,745.73000,746.42000
1525815177,745.73000,746.51000
1525815179,745.74000,746.51000
1525815180,745.75000,746.39000
1525946254,762.67000,762.77000
1525946258,762.67000,762.77000
1525946259,762.68000,762.77000
1525946260,762.67000,762.77000
1525946261,762.68000,762.77000
1525815190,745.76000,746.36000
1525815193,745.76000,746.51000
1525946266,762.69000,762.77000
1525946268,762.67000,762.77000
1525815197,745.75000,746.51000
1525946270,762.67000,762.77000
1525946271,762.69000,762.77000
1525815200,745.77000,746.30000
1525946273,762.68000,762.78000
1525815202,745.77000,746.51000
1525815203,745.77000,746.48000
1525946277,762.74000,762.78000
1525815206,745.77000,746.51000
1525815207,745.77000,746.45000
1525815208,745.76000,746.45000
1525946281,762.74000,762.78000
1525946282,762.67000,762.78000
1525946283,762.74000,762.78000
1525946293,762.74000,762.77000
1525815222,745.77000,746.45000
1525946299,762.74000,762.77000
1525815229,745.77000,746.51000
1525946302,762.50000,762.77000
1525946304,762.75000,762.77000
1525919392,753.73000,753.80000
1525815234,745.80000,746.42000
1525815237,745.80000,746.51000
1525815246,745.80000,746.48000
1525815249,745.80000,746.51000
1525815252,745.80000,746.45000
1525779529,733.25000,734.01000
1525815263,745.80000,746.51000
1525792852,731.76000,734.16000
1525815265,745.80000,746.42000
1525984934,735.15000,735.86000
1525815277,745.81000,746.42000
1525815286,745.83000,746.42000
1525946359,762.75000,762.76000
1525919403,753.80000,753.85000
1525958458,765.11000,765.90000
1525832024,743.63000,743.74000
1525984945,735.15000,735.88000
1525815337,745.81000,746.42000
1525815339,745.84000,746.42000
1525815342,745.81000,746.42000
1525984947,735.18000,735.87000
1525815348,745.84000,746.42000
1525815349,745.84000,746.51000
1525815352,745.84000,746.39000
1525815355,745.81000,746.39000
1525815360,745.81000,746.51000
1525815362,745.81000,746.36000
1525941259,763.82000,764.99000
1525815367,745.02000,746.36000
1525815368,745.02000,746.51000
1525815369,745.30000,746.51000
1525815373,745.30000,746.48000
1525946451,762.50000,762.76000
1525946452,762.50000,762.74000
1525815381,745.30000,745.85000
1525815383,745.31000,745.85000
1525781106,720.17000,720.30000
1525946461,762.50000,762.75000
1525815392,745.34000,745.85000
1525815396,745.34000,745.82000
1525946471,762.51000,762.75000
1525815401,745.34000,745.85000
1525815404,745.34000,745.79000
1525984957,735.22000,735.88000
1525815410,745.34000,745.85000
1525815412,745.34000,747.11000
1525815415,745.35000,745.76000
1525815417,745.40000,745.76000
1525815418,745.40000,746.80000
1525815420,745.40000,745.73000
1525815422,745.40000,746.80000
1525815423,745.40000,747.09000
1525815424,745.40000,747.10000
1525815425,745.41000,746.70000
1525923793,753.90000,755.44000
1525815427,745.43000,746.70000
1525815432,745.44000,747.09000
1525815434,745.44000,746.70000
1525815436,745.44000,746.67000
1525815437,745.46000,746.67000
1525815439,745.46000,746.70000
1525815441,745.46000,747.09000
1525788355,732.61000,733.19000
1525815444,745.46000,746.80000
1525815446,745.49000,746.80000
1525815447,745.49000,746.67000
1525815449,745.47000,746.67000
1525815450,745.49000,746.67000
1525815452,745.49000,746.66000
1525923794,753.92000,755.44000
1525815457,745.52000,746.65000
1525815461,745.52000,746.63000
1525815469,745.52000,747.09000
1525815472,745.52000,746.80000
1525815473,745.55000,746.80000
1525815476,745.55000,746.60000
1525946552,762.51000,762.74000
1525946553,762.63000,762.74000
1525946556,762.10000,762.74000
1525815485,745.58000,747.09000
1525946558,762.10000,762.73000
1525815487,745.58000,746.57000
1525815491,745.58000,746.80000
1525815492,745.61000,746.54000
1525897590,753.03000,753.59000
1525946568,762.13000,762.73000
1525946571,762.13000,762.72000
1525946573,762.11000,762.72000
1525946575,762.16000,762.72000
1525815504,745.64000,746.51000
1525815506,745.64000,746.80000
1525815508,745.61000,746.80000
1525815509,745.61000,746.48000
1525946582,762.16000,762.71000
1525946583,762.16000,762.70000
1525815513,745.67000,746.48000
1525815514,745.67000,747.09000
1525815515,745.67000,746.47000
1525815516,745.65000,746.47000
1525946590,762.16000,762.69000
1525946592,762.16000,762.67000
1525815523,745.67000,746.47000
1525946596,762.16000,762.76000
1525815525,745.65000,746.47000
1525946598,762.10000,762.66000
1525946599,762.10000,762.64000
1525946600,762.10000,762.66000
1525946602,762.10000,762.61000
1525815531,745.59000,746.44000
1525815532,745.71000,746.44000
1525815533,745.71000,746.40000
1525946606,762.10000,762.60000
1525766525,758.72000,759.00000
1525815538,745.71000,746.39000
1525946614,761.50000,762.09000
1525941289,763.96000,764.99000
1525815544,745.62000,746.39000
1525815545,745.62000,746.37000
1525946618,761.51000,762.07000
1525963135,760.38000,761.04000
1525946621,761.51000,762.09000
1525815550,745.65000,746.39000
1525946623,761.51000,762.76000
1525946624,761.51000,762.04000
1525946625,761.51000,762.04000
1525946626,761.51000,762.06000
1525946627,761.52000,762.01000
1525815557,745.59000,746.30000
1525815558,745.59000,746.39000
1525815559,745.59000,746.27000
1525946632,761.52000,762.76000
1525815561,745.62000,746.27000
1525946634,761.53000,762.76000
1525946635,761.53000,762.73000
1525946636,761.54000,762.73000
1525946640,762.75000,762.76000
1525815569,745.59000,746.23000
1525946642,761.55000,762.76000
1525946644,761.57000,762.76000
1525815573,745.59000,746.20000
1525946648,761.56000,762.76000
1525946649,761.60000,762.76000
1525946652,761.58000,762.75000
1525946655,761.61000,762.75000
1525946656,761.61000,762.74000
1525946659,761.59000,762.74000
1525946662,761.64000,762.74000
1525815591,745.53000,746.16000
1525946665,761.60000,762.74000
1525946666,761.67000,762.74000
1525946668,761.60000,762.74000
1525946671,761.70000,762.74000
1525815601,745.54000,746.16000
1525815603,745.56000,746.16000
1525946676,761.71000,762.74000
1525984990,735.58000,735.60000
1525946681,761.73000,762.74000
1525989267,735.60000,736.34000
1525766538,758.30000,758.99000
1525946688,761.71000,762.74000
1525946689,761.71000,762.73000
1525946691,761.76000,762.72000
1525946692,761.71000,762.72000
1525946694,760.98000,761.40000
1525946701,760.99000,761.37000
1525946704,760.99000,761.37000
1525946706,761.00000,761.37000
1525946708,761.00000,762.63000
1525946709,761.00000,762.58000
1525946710,761.00000,762.57000
1525946712,761.01000,762.56000
1525815643,745.57000,746.16000
1525946719,761.20000,762.56000
1525815648,745.60000,746.16000
1525815649,745.60000,746.43000
1525946723,761.20000,762.50000
1525946724,761.04000,762.50000
1525946725,761.02000,762.50000
1525946728,761.23000,762.49000
1525946729,761.23000,762.40000
1525815661,745.63000,746.43000
1525815663,745.64000,746.43000
1525946736,761.02000,762.39000
1525946737,760.36000,762.39000
1525946739,760.58000,762.39000
1525946741,761.03000,762.39000
1525815671,745.67000,746.43000
1525946744,760.59000,762.30000
1525946747,760.61000,762.30000
1525946749,760.61000,762.00000
1525946752,760.59000,762.00000
1525946753,760.62000,762.00000
1525946754,760.62000,761.99000
1525815684,745.70000,746.43000
1525815687,745.65000,746.43000
1525946761,760.70000,761.99000
1525815691,745.65000,746.43000
1525815694,745.76000,746.43000
1525946767,760.71000,761.99000
1525946768,760.73000,761.99000
1525946769,760.74000,761.99000
1525946771,761.00000,761.99000
1525946773,761.01000,761.99000
1525815702,745.79000,746.43000
1525815703,745.65000,746.43000
1525815705,745.65000,746.47000
1525946778,761.01000,761.89000
1525815707,745.66000,746.47000
1525946782,761.02000,761.89000
1525946784,761.07000,761.89000
1525815714,745.69000,746.47000
1525985009,734.29000,735.09000
1525946804,761.07000,762.40000
1525946809,761.08000,761.74000
1525946814,761.11000,761.74000
1525985013,734.10000,735.09000
1525801973,737.14000,737.87000
1525946817,761.11000,762.40000
1525946820,761.12000,762.40000
1525946821,761.12000,762.00000
1525815750,745.72000,746.47000
1525832097,743.64000,743.66000
1525946825,761.12000,761.34000
1525946827,761.14000,761.34000
1525946829,761.12000,761.34000
1525802846,732.35000,733.40000
1525815759,745.67000,746.47000
1525946833,761.12000,762.40000
1525815762,745.75000,746.47000
1525815764,745.67000,746.47000
1525985017,733.64000,734.57000
1525946841,761.13000,762.40000
1525946842,761.14000,762.40000
1525946843,761.16000,762.40000
1525815773,745.68000,746.47000
1525946846,761.16000,762.38000
1525946847,761.14000,762.38000
1525946850,761.15000,762.38000
1525946851,761.19000,762.38000
1525815782,745.71000,746.47000
1525946856,761.19000,762.31000
1525919484,753.64000,754.20000
1525946858,761.15000,762.31000
1525946860,761.15000,762.20000
1525815791,745.75000,746.47000
1525815794,745.72000,746.47000
1525815795,745.69000,746.47000
1525946869,761.25000,762.19000
1525815798,745.78000,746.46000
1525946871,761.15000,761.90000
1525815800,745.78000,746.47000
1525815801,745.69000,746.47000
1525815804,745.81000,746.42000
1525946878,761.18000,762.00000
1525815808,745.69000,746.42000
1525815809,745.84000,746.42000
1525946884,761.18000,762.30000
1525815813,745.69000,746.42000
1525946887,761.18000,761.90000
1525815817,745.87000,746.42000
1525815820,745.70000,746.42000
1525815821,745.71000,746.42000
1525815824,745.90000,746.42000
1525946898,761.18000,762.19000
1525815827,745.71000,746.42000
1525946901,761.18000,762.18000
1525815830,745.74000,746.42000
1525946905,761.18000,762.00000
1525946910,761.18000,762.18000
1525919493,753.60000,754.18000
1525946912,761.18000,762.19000
1525946913,761.18000,762.00000
1525919494,753.62000,754.18000
1525815846,745.74000,746.20000
1525815857,745.70000,746.20000
1525946930,761.18000,761.80000
1525815859,745.75000,746.20000
1525946936,761.18000,761.99000
1525946937,761.18000,761.79000
1525946939,761.18000,761.70000
1525897653,753.50000,753.89000
1525946945,761.18000,761.69000
1525815874,745.70000,746.20000
1525946948,761.18000,761.50000
1525946952,761.16000,761.50000
1525946954,761.16000,761.78000
1525946955,761.16000,761.49000
1525946959,761.16000,761.48000
1525946964,760.02000,761.48000
1525946965,760.12000,761.48000
1525946966,760.12000,761.47000
1525946967,760.12000,761.40000
1525946969,760.03000,761.40000
1525815898,745.13000,745.40000
1525815901,745.30000,745.40000
1525946975,760.15000,761.38000
1525815905,745.40000,746.20000
1525946979,760.16000,761.38000
1525815908,745.41000,746.20000
1525815909,745.41000,746.17000
1525946987,760.18000,761.39000
1525946989,760.19000,761.39000
1525815921,745.16000,746.17000
1525815922,745.30000,746.17000
1525946995,760.22000,761.38000
1525946996,761.16000,761.38000
1525947000,760.22000,761.38000
1525985044,732.40000,733.70000
1525947002,760.20000,761.38000
1525947004,760.20000,761.37000
1525815933,745.31000,746.17000
1525947007,760.25000,761.37000
1525947009,760.25000,761.30000
1525947011,760.20000,761.30000
1525985046,732.83000,733.70000
1525947016,760.20000,761.37000
1525947017,760.28000,761.37000
1525919511,753.66000,754.16000
1525947020,760.28000,761.30000
1525815951,745.31000,745.40000
1525947024,760.29000,761.30000
1525815954,745.32000,745.40000
1525815955,745.40000,746.17000
1525815956,745.40000,746.20000
1525985049,732.83000,733.70000
1525947032,760.29000,761.30000
1525815962,745.41000,746.20000
1525947036,760.29000,761.39000
1525947037,760.32000,761.39000
1525815966,745.41000,746.17000
1525815970,745.41000,746.20000
1525815973,745.41000,746.14000
1525815975,745.41000,746.20000
1525815976,745.41000,746.11000
1525947051,760.35000,761.39000
1525815980,745.42000,746.08000
1525815982,745.42000,746.20000
1525947055,760.35000,761.39000
1525947056,760.35000,761.30000
1525947057,760.38000,761.30000
1525985054,732.84000,733.60000
1525947062,760.39000,761.30000
1525947063,760.39000,761.39000
1525947065,760.40000,761.39000
1525815994,745.44000,746.17000
1525815998,745.45000,746.17000
1525816000,745.46000,746.17000
1525947074,760.43000,761.39000
1525816003,745.50000,746.17000
1525947078,760.42000,761.39000
1525816008,745.50000,746.17000
1525816009,745.52000,746.17000
1525947082,760.63000,761.39000
1525947083,760.63000,761.38000
1525816012,745.53000,746.17000
1525816013,745.54000,746.17000
1525816015,745.55000,746.17000
1525947088,760.64000,761.30000
1525947090,760.64000,761.38000
1525985059,732.87000,734.44000
1525816022,745.54000,746.17000
1525947095,760.48000,761.96000
1525947096,760.48000,761.30000
1525816026,745.55000,746.17000
1525816028,745.56000,746.17000
1525816029,745.56000,746.20000
1525816030,745.56000,746.14000
1525816031,745.58000,746.14000
1525816034,745.56000,746.14000
1525941371,764.32000,765.00000
1525930291,765.03000,765.89000
1525816038,745.70000,746.14000
1525947111,760.54000,761.00000
1525947112,760.01000,761.00000
1525947114,760.57000,760.70000
1525947115,760.01000,760.70000
1525947116,760.01000,760.69000
1525947118,760.01000,760.68000
1525947121,760.01000,760.62000
1525849617,720.55000,721.41000
1525947125,760.01000,760.61000
1525816054,745.71000,746.14000
1525816055,745.72000,746.14000
1525947128,760.01000,760.60000
1525947133,760.01000,760.59000
1525947136,760.00000,760.59000
1525947137,760.00000,760.58000
1525816066,745.90000,746.14000
1525985067,732.90000,734.10000
1525816068,746.00000,746.14000
1525816071,746.01000,746.14000
1525947144,760.00000,760.56000
1525788460,731.90000,731.96000
1525947147,760.00000,760.29000
1525816076,746.01000,746.99000
1525816081,746.50000,746.99000
1525947154,760.00000,760.26000
1525947158,760.00000,760.58000
1525816088,746.02000,746.99000
1525816090,746.40000,746.99000
1525947163,760.00000,760.23000
1525947165,760.00000,760.06000
1525816094,746.49000,746.99000
1525816097,746.02000,746.99000
1525816098,746.40000,746.99000
1525947172,760.00000,760.10000
1525816101,746.49000,746.99000
1525919451,754.36000,755.09000
1525947176,760.00000,760.01000
1525792880,732.82000,733.70000
1525816109,746.50000,746.99000
1525816115,746.60000,746.99000
1525832158,743.65000,744.00000
1525906358,749.79000,750.39000
1525989284,735.67000,736.33000
1525816125,746.70000,746.99000
1525816131,746.71000,746.99000
1525816144,746.70000,746.99000
1525816146,746.72000,746.99000
1525816151,746.80000,746.99000
1525816152,746.90000,746.99000
1525985083,732.87000,734.00000
1525985084,732.87000,733.97000
1525816178,746.91000,746.99000
1525947256,760.02000,760.09000
1525947260,760.34000,760.51000
1525816189,746.90000,746.99000
1525947265,760.54000,760.57000
1525947266,760.55000,760.57000
1525941398,764.35000,764.99000
1525816201,746.90000,747.00000
1525919554,754.00000,754.17000
1525919555,754.00000,754.14000
1525816213,746.90000,746.99000
1525941401,763.83000,764.99000
1525816220,746.91000,746.99000
1525984923,735.14000,735.87000
1525816235,746.90000,746.99000
1525766642,758.51000,758.52000
1525947318,760.56000,761.69000
1525947319,760.90000,761.69000
1525947325,760.54000,761.69000
1525947326,760.58000,761.69000
1525947327,760.91000,761.69000
1525947329,760.90000,761.69000
1525947333,760.91000,761.68000
1525947334,760.93000,761.68000
1525816264,746.91000,746.99000
1525947338,760.94000,761.68000
1525947339,761.00000,761.68000
1525947345,761.03000,761.68000
1525947346,761.03000,761.67000
1525947349,761.01000,761.67000
1525816278,746.90000,746.99000
1525816279,746.92000,746.99000
1525947352,761.04000,761.66000
1525947353,761.06000,761.66000
1525947354,761.07000,761.66000
1525947355,761.10000,761.66000
1525810341,747.40000,747.56000
1525947361,761.07000,761.66000
1525947363,761.10000,761.66000
1525979175,739.38000,739.97000
1525816293,746.72000,746.99000
1525816294,746.74000,746.99000
1525985105,732.87000,733.85000
1525816296,746.90000,746.99000
1525947370,760.78000,761.66000
1525947372,761.20000,761.66000
1525816301,746.90000,747.00000
1525816303,746.72000,747.00000
1525947377,760.69000,761.66000
1525816307,746.80000,747.00000
1525947380,761.16000,761.66000
1525816309,746.81000,747.00000
1525947384,761.00000,761.66000
1525985108,732.90000,733.68000
1525947386,761.01000,761.66000
1525947387,761.16000,761.66000
1525947389,761.10000,761.66000
1525985109,732.87000,733.68000
1525947393,761.04000,761.66000
1525947394,761.01000,761.66000
1525941419,763.83000,764.99000
1525816324,746.80000,747.00000
1525816325,746.82000,747.00000
1525816327,746.82000,746.99000
1525816328,746.29000,746.99000
1525816331,746.30000,746.99000
1525941421,764.47000,764.99000
1525816337,746.31000,746.99000
1525816338,746.32000,746.99000
1525947412,761.16000,761.66000
1525947414,761.01000,761.66000
1525947415,761.20000,761.66000
1525816345,746.50000,746.99000
1525810351,747.51000,747.53000
1525816348,746.35000,746.99000
1525816349,746.40000,746.99000
1525947423,761.20000,762.58000
1525947424,761.20000,762.57000
1525816353,746.49000,746.99000
1525947426,761.20000,762.55000
1525816355,746.40000,746.99000
1525816356,746.43000,746.99000
1525947429,761.88000,762.55000
1525947430,761.88000,762.54000
1525816361,746.50000,746.99000
1525947436,761.88000,762.53000
1525941426,763.86000,764.99000
1525816366,746.50000,747.00000
1525947439,761.31000,762.53000
1525816369,746.30000,747.00000
1525947444,762.23000,762.53000
1525816373,746.28000,747.00000
1525816374,746.50000,747.00000
1525947447,762.23000,762.48000
1525947451,761.36000,762.48000
1525947452,761.36000,762.47000
1525947453,761.02000,762.47000
1525947454,761.02000,762.46000
1525947458,762.29000,762.44000
1525947460,762.29000,762.43000
1525816390,746.28000,747.00000
1525854049,717.81000,717.87000
1525816392,746.50000,747.00000
1525816393,746.50000,746.99000
1525947467,762.29000,762.41000
1525816397,746.28000,746.99000
1525816398,746.28000,748.60000
1525947472,761.03000,762.39000
1525816401,746.28000,747.30000
1525816402,746.31000,747.30000
1525816406,746.29000,747.30000
1525816408,746.34000,747.30000
1525816410,746.34000,747.91000
1525816412,746.34000,747.30000
1525816414,746.33000,747.30000
1525947487,761.33000,762.37000
1525816416,746.37000,747.30000
1525947490,761.03000,762.36000
1525816419,746.38000,747.30000
1525947492,761.30000,762.36000
1525816421,746.38000,747.40000
1525816423,746.41000,747.40000
1525816427,746.42000,747.40000
1525947500,761.10000,762.32000
1525816429,746.42000,747.92000
1525816431,746.42000,747.30000
1525816434,746.45000,747.30000
1525947507,761.04000,762.32000
1525947508,761.09000,762.32000
1525947509,761.10000,762.32000
1525816439,746.45000,747.92000
1525947514,761.10000,762.30000
1525947516,761.03000,762.30000
1525816445,746.46000,747.50000
1525947519,761.13000,762.29000
1525947520,761.13000,762.28000
1525947522,761.10000,762.28000
