time,price,volume,buy_or_sell,market_or_limit,misc
1525764224.711,757.79000,0.02400000,b,m,
1525760011.1008,754.98000,0.00009479,b,m,
1525763405.4638,756.76000,0.54057519,s,m,
1525760014.82,755.58000,0.11923846,b,m,
1525763062.5928,755.57000,0.11918855,s,m,
1525759320.2098,748.11000,3.03093614,s,l,
1525759272.7072,752.26000,7.70000000,b,m,
1525765589.4434,759.99000,1.00000000,b,m,
1525763315.8884,757.73000,0.30000000,s,m,
1525759430.5746,747.61000,3.91902605,s,m,
1525762908.7008,754.92000,0.82600000,b,m,
1525759286.7982,750.55000,0.14511640,s,l,
1525759323.861,746.90000,0.83842453,s,l,
1525764130.0446,757.17000,3.74125943,b,l,
1525759323.8583,747.00000,3.14652442,s,l,
1525762084.1725,753.10000,0.95000000,s,l,
1525760039.708,755.18000,0.02000000,b,m,
1525762089.7083,751.44000,2.52296158,s,l,
1525760751.9242,755.85000,0.10432056,b,m,
1525760044.9316,755.17000,0.13601706,b,m,
1525762093.0606,751.44000,0.94836158,s,l,
1525762113.3463,751.16000,0.41893601,s,m,
1525761032.1434,757.82000,0.02000000,b,m,
1525761662.3952,754.99000,0.02000000,b,m,
1525760871.7671,757.72000,0.03700000,b,m,
1525762100.0785,752.49000,0.37665334,b,m,
1525762101.3133,752.50000,0.66419141,b,m,
1525759703.941,750.26000,0.00004827,b,m,
1525762103.9365,751.46000,0.03500000,s,l,
1525762905.4246,753.84000,0.02700000,b,l,
1525759668.9021,749.37000,0.00000003,b,l,
1525762107.4097,751.15000,3.51000000,s,l,
1525765589.4753,760.69000,2.71619699,b,m,
1525761858.915,753.61000,0.34729432,s,l,
1525760063.7815,755.00000,0.49000000,b,l,
1525762113.3221,751.17000,0.34312462,s,m,
1525760011.0945,754.98000,0.07908668,b,m,
1525760159.3159,757.00000,0.50290000,s,l,
1525759670.5538,749.52000,0.02300000,b,l,
1525759728.4115,751.02000,0.05911069,s,l,
1525759517.0827,748.66000,2.19250098,b,l,
1525760076.3357,754.99000,0.02000000,b,m,
1525760151.328,755.39000,0.02300000,b,m,
1525759294.5541,750.20000,1.50000000,s,l,
1525759672.8537,750.14000,0.29656184,b,l,
1525764451.9891,757.32000,0.29451886,s,l,
1525764110.6029,757.07000,0.07874790,b,l,
1525759324.0701,746.62000,0.05000000,s,m,
1525764184.8937,757.19000,0.02000000,b,l,
1525764452.003,756.71000,4.71360471,s,l,
1525762140.0869,751.43000,0.17543271,b,l,
1525759518.9303,749.32000,3.17100000,s,l,
1525763104.8773,756.57000,0.02000000,b,m,
1525765355.3992,758.39000,0.02400000,b,m,
1525761040.6602,757.82000,0.02400000,b,m,
1525760100.7271,754.96000,0.02399994,b,l,
1525759334.0625,747.82000,1.41667353,b,l,
1525764679.2304,757.28000,4.10824934,b,m,
1525760103.0468,754.97000,0.02400000,s,l,
1525760039.6968,755.18000,1.00000000,b,m,
1525761042.0565,758.54000,0.02810036,b,m,
1525762158.7764,751.45000,0.06653803,s,m,
1525761214.7138,754.40000,2.30000000,s,l,
1525760871.7642,757.70000,0.02000000,b,m,
1525759588.1068,749.99000,0.65310128,b,l,
1525764040.0879,756.00000,0.25000000,b,l,
1525759703.949,750.26000,0.00006354,b,m,
1525764219.2332,757.35000,0.78853138,b,l,
1525761386.9223,754.03000,0.03368964,s,m,
1525759946.7883,754.72000,0.26677103,b,m,
1525760751.9215,755.84000,0.02400000,b,m,
1525764224.7242,757.95000,0.02000000,b,m,
1525759536.9241,746.95000,0.35707488,s,m,
1525760132.7371,754.99000,0.02400000,b,l,
1525763094.2844,756.00000,0.03006417,b,l,
1525760260.098,753.94000,0.10970511,s,l,
1525759340.5485,747.69000,1.33681709,s,l,
1525764840.8027,757.73000,0.04742255,b,l,
1525759272.7131,752.80000,9.30000000,b,m,
1525762195.0837,752.47000,1.00000000,b,l,
1525759536.8917,748.00000,1.00000000,s,m,
1525764247.3033,759.14000,0.02300000,b,m,
1525760152.2794,755.75000,1.00000000,b,m,
1525764804.7405,757.26000,0.00400000,b,l,
1525760154.7542,756.10000,7.70000000,b,m,
1525760156.9946,757.00000,0.02000000,s,l,
1525760158.1535,757.00000,0.20418619,s,l,
1525760159.3135,757.00000,1.42232232,s,l,
1525760161.1941,757.00000,9.49200000,s,l,
1525760162.3577,757.00000,5.19331555,s,l,
1525760163.0206,757.00000,2.00000000,b,m,
1525759324.0648,746.80000,18.00000000,s,m,
1525759170.0906,750.00000,1.00000000,b,m,
1525760875.5437,757.69000,1.17600000,b,m,
1525759431.4542,747.60000,0.00304459,s,m,
1525762355.11,753.59000,0.02400000,b,m,
1525764272.413,758.48000,0.97700000,b,m,
1525764590.9069,756.43000,1.00000000,s,m,
1525760180.7063,756.30000,1.50000000,b,m,
1525760713.1303,755.48000,0.01427000,b,l,
1525764247.2972,758.20000,0.14431300,b,m,
1525761777.2027,754.98000,4.37615938,b,l,
1525760671.9089,755.39000,0.02400000,b,l,
1525760154.7477,756.00000,0.31643717,b,m,
1525764288.2462,758.21000,0.07913375,s,l,
1525763104.8806,756.58000,0.04000000,b,m,
1525759703.9511,750.26000,0.00000005,b,m,
1525765749.1813,759.84000,0.02000000,b,m,
1525763331.2678,757.73000,0.35216040,s,l,
1525764130.055,757.17000,2.00000000,b,l,
1525760207.2925,756.29000,0.04800000,b,l,
1525760208.7063,755.25000,1.00000000,s,m,
1525762257.4285,752.90000,0.96100000,b,l,
1525762258.0442,752.93000,0.03602205,b,l,
1525762260.0358,752.93000,0.02000000,b,l,
1525759694.9194,750.18000,0.93806100,s,l,
1525759866.2885,753.57000,0.02000000,b,l,
1525762084.1894,751.42000,1.87162953,s,l,
1525762396.9381,752.68000,0.02400000,b,m,
1525759517.1024,749.32000,0.14500000,b,l,
1525762268.0984,752.91000,0.06640900,s,m,
1525760378.1886,754.23000,0.07973067,s,m,
1525762355.1072,753.56000,0.03900000,b,m,
1525760226.3098,754.57000,0.00727318,s,m,
1525760230.7833,754.32000,1.58170392,s,m,
1525760039.7377,755.18000,2.00000000,b,m,
1525760415.3268,754.10000,11.09955948,s,m,
1525764334.7334,758.68000,0.02000000,b,l,
1525760239.6534,756.26000,0.02177850,b,m,
1525759718.3399,751.77000,0.41658200,b,m,
1525759827.9758,752.53000,0.23345729,b,m,
1525759699.0876,750.27000,0.00034755,b,l,
1525760245.2246,754.80000,4.50000000,s,l,
1525762089.7055,751.44000,0.45380691,s,l,
1525760248.0878,754.58000,0.08438552,s,l,
1525760724.5428,755.13000,10.72001225,s,l,
1525759073.2254,749.58000,0.05000000,s,m,
1525762719.8103,753.00000,0.19563920,b,m,
1525759073.2422,749.40000,3.23617833,s,m,
1525760260.1343,753.12000,9.87029489,s,l,
1525760261.9275,754.40000,0.69668644,b,l,
1525760156.8315,757.00000,20.08201995,b,l,
1525759105.7318,749.87000,0.60880881,b,l,
1525762092.1254,751.44000,2.52294363,b,l,
1525759703.9571,750.88000,0.02000000,b,m,
1525760713.1185,755.38000,0.02300000,b,l,
1525760275.6748,754.06000,1.00000000,b,l,
1525759310.1084,748.59000,0.05000000,s,l,
1525761070.8227,758.90000,0.15938200,b,l,
1525765589.4196,759.92000,0.02400000,b,m,
1525759796.0272,752.52000,0.05285495,b,m,
1525763113.2403,756.80000,0.35000000,b,m,
1525760632.9034,754.73000,0.02300000,b,m,
1525759072.8947,750.13000,0.21271419,s,l,
1525764387.3406,758.49000,0.02300000,b,l,
1525759080.4841,749.41000,0.72376200,s,m,
1525759588.0838,749.62000,0.19417660,b,l,
1525764110.6141,757.07000,0.00006295,b,l,
1525764451.9971,756.80000,3.17911162,s,l,
1525761858.9176,753.50000,1.00823818,s,l,
1525760304.6708,753.18000,0.17969305,s,m,
1525759368.2155,746.93000,0.02753839,s,m,
1525762355.3284,753.03000,5.00000000,s,l,
1525760311.4274,753.90000,1.50000000,b,l,
1525760312.6814,753.89000,0.02000000,b,l,
1525762100.084,752.50000,0.29334666,b,m,
1525762362.6392,752.99000,0.74125597,s,l,
1525760315.2793,753.98000,0.03722927,b,l,
1525761887.2341,753.77000,0.03500000,b,m,
1525760317.7222,754.09000,0.06200000,b,l,
1525762366.0898,751.84000,1.33359806,s,m,
1525760319.5425,754.09000,0.97445762,b,m,
1525764418.4194,758.48000,0.02400000,b,l,
1525761796.8257,753.90000,0.15163200,s,l,
1525761767.0573,754.95000,5.00000000,b,m,
1525759323.8555,747.00000,0.04417000,s,l,
1525760151.3434,755.75000,0.32609617,b,m,
1525759298.1087,750.00000,1.04363386,s,l,
1525759375.0679,747.00000,1.00000000,b,l,
1525759517.0796,748.66000,0.24359020,b,l,
1525760837.2457,757.85000,0.22943717,b,m,
1525764449.5026,757.88000,0.06597351,s,l,
1525759108.9827,749.86000,3.96428055,s,m,
1525764451.9941,757.32000,0.27972649,s,l,
1525764452.0003,756.80000,0.23851946,s,l,
1525759718.3354,751.77000,1.00000000,b,m,
1525764617.1648,757.04000,0.02400000,b,m,
1525761065.8839,757.87000,0.03408998,s,m,
1525761767.0518,754.89000,0.00007942,b,m,
1525759180.7753,751.80000,0.01228025,b,m,
1525759313.9668,748.23000,9.95920000,s,l,
1525761023.2121,757.79000,2.65116305,b,l,
1525764840.7869,757.29000,0.02400000,b,l,
1525759927.6507,752.60000,4.55857760,s,m,
1525763405.4535,756.76000,0.02000000,s,m,
1525760154.7935,757.00000,5.00000000,b,m,
1525760378.2099,754.10000,1.12300000,s,m,
1525760769.0457,756.56000,0.02400000,b,l,
1525761205.7782,755.11000,0.24484142,s,l,
1525760624.0142,753.59000,0.06634908,s,m,
1525761662.3979,754.99000,2.82476627,b,m,
1525764247.3092,759.27000,1.92411382,b,m,
1525760747.1935,755.28000,0.00300000,b,l,
1525760319.5504,754.39000,0.02300000,b,m,
1525762113.3184,751.17000,1.00000000,s,m,
1525764224.7336,757.98000,0.04500000,b,m,
1525760304.6771,753.07000,0.82030695,s,m,
1525759528.7665,748.66000,1.00000000,s,m,
1525759588.1493,750.00000,0.39136055,b,l,
1525759286.7859,750.88000,0.07611901,s,l,
1525759519.8582,749.32000,4.78156865,s,l,
1525761958.8053,753.53000,0.02400000,b,m,
1525760751.937,756.19000,0.93100000,b,m,
1525760671.8966,755.36000,2.09709710,b,l,
1525760154.7513,756.09000,0.02048811,b,m,
1525760415.3004,754.37000,1.00000000,s,m,
1525760474.2916,753.30000,1.05420261,s,l,
1525759728.4183,751.00000,13.94088931,s,l,
1525761094.4507,759.48000,0.02300000,b,l,
1525760011.1108,755.06000,0.02000000,b,m,
1525760747.1841,755.26000,0.02000000,b,l,
1525761574.3409,754.01000,0.15544300,b,l,
1525765589.4221,759.93000,0.03700000,b,m,
1525761095.2937,759.50000,0.90000000,b,m,
1525759946.8097,755.30000,0.00775000,b,m,
1525759588.1228,749.99000,2.01072612,b,l,
1525759310.0968,749.01000,0.47000000,s,l,
1525765749.1784,759.83000,0.02300000,b,m,
1525760415.316,754.32000,0.05216968,s,m,
1525759901.6545,753.72000,0.02300000,b,m,
1525760076.3003,754.98000,0.02400000,b,m,
1525764840.7844,757.28000,0.02300000,b,l,
1525762905.414,753.80000,0.04800000,b,l,
1525761207.2686,755.10000,1.85612889,s,l,
1525760825.5344,757.24000,0.00500000,s,m,
1525760151.3304,755.40000,0.02400000,b,m,
1525760415.3197,754.30000,0.08597468,s,m,
1525764567.7837,756.43000,0.06444646,s,l,
1525760474.2798,753.72000,0.16739048,s,l,
1525760624.0304,753.31000,0.34687166,s,m,
1525761183.0755,755.43000,0.02000000,s,l,
1525759588.1258,749.99000,0.03511839,b,l,
1525759588.1196,749.99000,0.12400000,b,l,
1525762113.335,751.17000,0.29107458,s,m,
1525762536.8069,752.97000,0.02000000,b,l,
1525760156.8361,757.00000,14.10000000,b,l,
1525761796.8059,754.98000,0.62384062,s,l,
1525759072.9017,750.12000,10.00000000,s,l,
1525764590.9111,756.43000,2.07752446,s,m,
1525759588.0811,749.62000,0.04776980,b,l,
1525764593.1089,756.44000,0.98000000,b,m,
1525762396.9409,752.98000,0.03500000,b,m,
1525764957.4237,757.14000,2.80934121,s,m,
1525759588.139,750.00000,0.06130044,b,l,
1525762557.3283,752.99000,0.02300000,b,l,
1525762559.9247,752.98000,0.02300000,b,l,
1525760158.1563,757.00000,0.14509291,s,l,
1525762565.7164,752.32000,0.00000014,s,m,
1525764224.7212,757.87000,0.02000000,b,m,
1525760769.0496,756.57000,0.15941830,b,l,
1525764617.1704,757.12000,0.02300000,b,m,
1525761121.0622,759.46000,5.00000000,b,m,
1525765355.4398,758.41000,0.02300000,b,m,
1525763160.3355,756.81000,0.11809197,s,l,
1525760771.3743,756.59000,0.02400000,b,m,
1525763104.9003,757.69000,0.02300000,b,m,
1525759796.0308,752.52000,0.04305110,b,m,
1525761796.8139,754.00000,3.53283000,s,l,
1525762536.7937,752.65000,0.33068623,b,l,
1525760667.4602,754.96000,0.00500000,b,l,
1525759728.4049,751.06000,1.00000000,s,l,
1525760751.9114,755.48000,0.00973000,b,m,
1525763933.747,755.16000,1.00000000,s,l,
1525759703.9373,750.26000,0.04027461,b,m,
1525760474.2686,754.12000,0.06668780,s,l,
1525762140.091,751.44000,4.65929277,b,l,
1525764651.1345,757.29000,1.20761000,b,l,
1525761958.7996,753.48000,0.04700000,b,m,
1525759310.1032,749.00000,5.00000000,s,l,
1525762609.4663,753.00000,0.21231231,b,l,
1525765653.8623,759.57000,0.06582672,s,l,
1525759797.3627,751.30000,4.50000000,s,l,
1525765355.4424,758.45000,0.02000000,b,m,
1525759517.0955,749.32000,0.10000000,b,l,
1525761460.8252,754.58000,0.63243243,b,l,
1525765662.5505,758.27000,0.00146877,s,m,
1525760315.2827,754.09000,15.86346378,b,l,
1525759073.1476,750.00000,3.00000000,s,l,
1525759413.7334,748.66000,0.32573011,b,l,
1525759320.1996,748.24000,2.53380000,s,l,
1525759072.8981,750.13000,0.02000000,s,l,
1525764040.074,756.00000,0.03968000,b,l,
1525759414.4929,748.23000,1.32200000,s,m,
1525759073.2314,749.40000,4.80909977,s,m,
1525760275.6649,754.00000,1.50000000,b,l,
1525764682.6248,757.29000,0.02000000,b,m,
1525759517.0867,749.23000,1.01100000,b,l,
1525760159.3243,757.00000,0.12950524,s,l,
1525762908.6883,754.71000,0.18019204,b,m,
1525764688.4821,756.64000,1.00000000,s,m,
1525761464.0236,754.58000,0.06406407,b,l,
1525760825.5297,757.24000,0.01000000,s,m,
1525759457.7533,747.50000,1.50000000,s,l,
1525760782.7255,756.58000,0.05200000,b,l,
1525760751.9183,755.48000,0.10186696,b,m,
1525760100.7202,754.96000,0.00000006,b,l,
1525759588.1322,750.00000,0.09858731,b,l,
1525759418.6544,748.23000,0.00131758,s,m,
1525759846.9201,753.49000,0.02300000,b,l,
1525761207.1707,756.37000,1.00000000,b,l,
1525762660.9984,752.52000,0.19563920,s,m,
1525765749.189,759.88000,0.04900000,b,m,
1525761121.0814,759.94000,0.00000026,b,m,
1525759079.6897,749.87000,1.40459193,b,l,
1525759925.4452,753.64000,0.00006663,b,l,
1525762113.341,751.17000,0.04400000,s,m,
1525760623.9809,753.64000,0.48360000,s,m,
1525760624.0263,753.31000,0.23547353,s,m,
1525759080.477,749.41000,7.36100000,s,m,
1525759763.5387,751.04000,0.39371216,s,m,
1525760632.9184,754.76000,0.02000000,b,m,
1525761777.1959,754.97000,5.00000000,b,l,
1525764617.1946,757.29000,0.02000000,b,m,
1525765749.1839,759.85000,0.02000000,b,m,
1525759536.9135,747.15000,5.10000000,s,m,
1525762691.325,752.98000,0.45841045,b,l,
1525761641.4159,754.01000,0.78048352,b,l,
1525761132.5703,758.20000,0.32420291,s,l,
1525760839.846,757.85000,1.65897678,b,l,
1525759118.6026,749.87000,1.93268600,b,l,
1525759085.2243,749.87000,0.09990556,b,l,
1525764617.1733,757.13000,0.02300000,b,m,
1525759391.572,748.10000,0.50000000,b,m,
1525762158.7805,751.20000,0.01346197,s,m,
1525760663.8771,754.56000,1.00000000,b,l,
1525760665.9129,754.61000,0.03100000,b,l,
1525759323.8457,747.61000,0.05000000,s,l,
1525760667.2897,754.71000,0.02400000,b,l,
1525760239.6386,755.00000,0.25000000,b,m,
1525759827.9873,752.53000,2.81434876,b,m,
1525760671.8868,755.28000,0.02000000,b,l,
1525759797.3659,751.12000,0.29150308,s,l,
1525759430.5721,747.65000,0.06687621,s,m,
1525759528.7515,748.66000,2.00000000,s,m,
1525760771.3769,756.59000,0.02000000,b,m,
1525761233.7019,754.41000,0.40852580,s,l,
1525759431.4487,747.60000,1.38694873,s,m,
1525759298.1156,749.30000,0.02849058,s,l,
1525761138.0129,756.25000,7.27185978,s,l,
1525759148.9232,749.87000,7.00000000,b,l,
1525759310.1538,748.32000,0.79260237,b,m,
1525764590.8834,756.43000,0.01487350,s,m,
1525760415.3238,754.30000,0.76229616,s,m,
1525761551.9595,754.01000,7.23715100,b,l,
1525759324.0674,746.69000,1.19503726,s,m,
1525759092.6372,749.87000,0.02000000,b,l,
1525761461.4528,754.58000,0.30350350,b,l,
1525760703.3524,754.74000,0.02000000,s,m,
1525759827.9961,753.25000,0.02000000,b,m,
1525760703.3653,754.72000,0.02000000,s,m,
1525764803.5772,757.15000,0.04543832,b,l,
1525764804.7341,757.18000,0.02000000,b,l,
1525764840.7943,757.70000,0.02300000,b,l,
1525760713.1138,755.37000,0.04000000,b,l,
1525759080.4736,749.42000,5.45200000,s,m,
1525759797.3683,751.12000,5.00000000,s,l,
1525759096.3827,749.87000,0.08000000,b,l,
1525762908.6971,754.91000,0.23676300,b,m,
1525760724.961,755.13000,10.00000000,s,l,
1525759286.7921,750.80000,0.29714848,s,l,
1525759517.0762,748.66000,2.56390882,b,l,
1525762908.6627,754.31000,0.02300000,b,l,
1525762258.041,752.93000,0.38597795,b,l,
1525761767.06,754.96000,0.02400000,b,m,
1525762784.834,753.00000,0.20000000,b,m,
1525764219.2409,757.48000,0.02400000,b,l,
1525761958.8077,753.69000,0.02400000,b,m,
1525764838.5907,757.07000,0.05940492,b,l,
1525759310.0899,749.04000,0.64500000,s,l,
1525764840.7797,757.26000,0.03300000,b,l,
1525760747.191,755.27000,0.02300000,b,l,
1525760749.6683,755.28000,0.02000000,b,l,
1525760751.9311,756.09000,0.02000000,b,m,
1525763213.3723,757.73000,0.02300000,b,l,
1525759588.0632,749.10000,1.50000000,b,l,
1525760474.2827,753.60000,5.00000000,s,l,
1525762113.3252,751.17000,1.00000000,s,m,
1525764617.1828,757.16000,0.02300000,b,m,
1525759536.9004,747.56000,0.06688426,s,m,
1525759718.3431,752.19000,1.58341800,b,m,
1525760159.3328,757.00000,1.42364581,s,l,
1525760226.2896,755.23000,0.06482402,s,m,
1525765589.3953,759.84000,0.02000000,b,m,
1525764224.7367,757.99000,0.02300000,b,m,
1525760770.1689,756.57000,3.00124938,s,l,
1525760771.3702,756.58000,0.02000000,b,m,
1525762820.6227,753.00000,0.10000000,b,l,
1525761933.5964,753.06000,4.50400000,s,l,
1525759105.5345,749.87000,2.09232267,b,m,
1525760776.9118,756.57000,0.24115841,s,l,
1525760713.0994,755.36000,0.02400000,b,l,
1525759135.2707,749.87000,0.59000000,b,l,
1525760782.7289,756.58000,0.02000000,b,l,
1525764881.9978,758.44000,0.22320556,b,m,
1525764882.0182,758.44000,0.56606890,b,m,
1525759668.8918,749.37000,0.04963649,b,l,
1525763886.6207,755.06000,0.13533549,s,l,
1525761032.1496,757.83000,2.78500000,b,m,
1525763104.9202,757.79000,1.21556557,b,m,
1525762396.9443,752.99000,0.02100000,b,m,
1525760132.7222,754.99000,0.03900000,b,l,
1525764028.9694,755.97000,1.00000000,b,l,
1525762934.2414,754.05000,0.07991400,s,l,
1525759517.0987,749.32000,0.40000000,b,l,
1525760474.2857,753.32000,0.02000000,s,l,
1525765450.1695,758.93000,0.02400000,b,l,
1525760803.7401,757.20000,0.02000000,b,l,
1525759901.6811,754.59000,0.71028900,b,m,
1525761121.0675,759.46000,0.02000000,b,m,
1525762030.8244,752.30000,0.00775000,s,m,
1525761500.2252,754.08000,0.06630596,s,l,
1525763882.5389,755.59000,0.06617345,s,l,
1525760837.2152,757.26000,0.02000000,b,m,
1525761132.5779,757.81000,0.09462503,s,l,
1525761160.6098,756.96000,1.00000000,b,l,
1525762867.1926,753.34000,0.02000000,b,l,
1525760820.9338,757.24000,0.02400000,b,l,
1525760821.407,757.24000,0.02430000,b,l,
1525759601.0223,749.53000,4.72400000,b,l,
1525760624.0227,753.34000,0.02000000,s,m,
1525761306.4128,754.47000,0.06627169,s,m,
1525765662.5462,758.35000,2.99635748,s,m,
1525762084.1803,752.12000,0.29837047,s,l,
1525760154.761,757.00000,27.94551844,b,m,
1525759797.3563,751.31000,6.44947133,s,l,
1525760159.3429,757.00000,26.83028036,s,l,
1525759430.5614,748.02000,0.06684313,s,m,
1525760837.2331,757.66000,0.02000000,b,m,
1525762887.8872,753.36000,0.02400000,b,l,
1525762888.7992,753.58000,0.15000000,b,l,
1525765355.4449,758.65000,0.02300000,b,m,
1525762968.0421,755.00000,1.84449812,b,l,
1525762894.8848,753.57000,0.02000000,b,l,
1525763213.3686,757.72000,0.07738394,b,l,
1525760011.114,755.24000,0.02400000,b,m,
1525760849.0964,757.24000,0.02300000,b,l,
1525761004.5409,757.52000,2.57524290,s,m,
1525759118.4316,749.87000,4.41403764,b,l,
1525764951.8902,758.36000,0.02400000,b,l,
1525760856.587,757.71000,1.25000000,b,m,
1525762905.4174,753.81000,0.02000000,b,l,
1525762908.6942,754.91000,0.02300000,b,m,
1525764957.4184,757.28000,0.81943431,s,m,
1525759310.0938,749.02000,1.70000000,s,l,
1525759156.9573,749.87000,0.62808087,s,l,
1525760871.7722,757.72000,1.31300000,b,m,
1525764617.1976,757.29000,2.09210982,b,m,
1525761183.0724,755.60000,4.50000000,s,l,
1525760875.5392,757.68000,0.02400000,b,m,
1525759588.7847,750.00000,0.02200000,s,l,
1525762536.8176,752.99000,0.11372832,b,l,
1525759123.871,749.87000,0.02000000,b,l,
1525762934.2368,754.06000,0.11400000,s,l,
1525759927.6268,753.58000,0.08000000,s,m,
1525760632.9154,754.74000,0.03976079,b,m,
1525760831.6298,757.25000,0.02300000,b,l,
1525761958.8104,753.76000,0.02000000,b,m,
1525762536.8042,752.95000,0.02300000,b,l,
1525759430.5667,747.84000,0.63750000,s,m,
1525762195.0961,752.93000,0.51575948,b,l,
1525762536.8377,753.00000,0.00000014,b,l,
1525759946.8125,755.44000,0.02845075,b,m,
1525760159.3307,757.00000,0.15180000,s,l,
1525764247.3061,759.26000,1.88410000,b,m,
1525761858.9087,753.86000,0.06632531,s,l,
1525765478.2173,759.98000,0.97600000,b,m,
1525762536.834,753.00000,1.00000000,b,l,
1525765589.4049,759.86000,0.03700000,b,m,
1525764590.9032,756.43000,0.03296783,s,m,
1525764617.1856,757.17000,0.21611320,b,m,
1525759536.9214,747.10000,14.00000000,s,m,
1525762968.0354,754.99000,0.02000000,b,l,
1525759927.636,753.51000,5.00000000,s,m,
1525759901.684,754.60000,3.88894032,b,m,
1525760671.8999,755.36000,0.05145145,b,l,
1525760154.7388,755.75000,0.51755628,b,m,
1525762030.8058,753.12000,0.06639048,s,m,
1525760837.2498,757.85000,0.00356283,b,m,
1525762976.5031,755.00000,0.23535637,b,l,
1525764651.127,757.07000,0.02400000,b,l,
1525763405.4703,756.73000,0.02000000,s,m,
1525759131.6565,749.87000,4.32110000,b,l,
1525760793.2069,756.84000,0.02400000,b,l,
1525764110.6162,757.07000,0.00000005,b,l,
1525764593.0915,756.44000,0.02000000,b,m,
1525760156.8253,756.09000,9.30200000,b,l,
1525760156.8408,757.00000,0.34077873,b,l,
1525760839.8332,757.25000,0.33822932,b,l,
1525760159.337,757.00000,0.14730000,s,l,
1525759946.8073,755.30000,0.15736600,b,m,
1525762888.7923,753.39000,0.02000000,b,l,
1525759518.3528,749.32000,9.49200000,s,l,
1525760158.16,757.00000,0.64818181,s,l,
1525760951.8492,757.78000,0.02300000,b,l,
1525759368.2247,746.93000,4.97246161,s,m,
1525760159.306,757.00000,0.46203936,s,l,
1525760151.3254,755.38000,0.02400000,b,m,
1525763005.3019,755.33000,0.02400000,b,l,
1525764451.9917,757.32000,0.29451886,s,l,
1525762355.0905,753.42000,0.02000000,b,m,
1525763009.0856,755.50000,0.13659100,b,l,
1525764247.2875,758.15000,0.02000000,b,m,
1525759137.5029,749.87000,0.16643700,b,l,
1525760969.1351,757.82000,0.02300000,b,l,
1525762396.9332,752.67000,0.02000000,b,m,
1525760162.2131,757.00000,1.87100000,s,l,
1525761135.7294,757.64000,0.05363893,s,m,
1525759601.0189,749.40000,1.04202883,b,l,
1525765589.4638,760.00000,0.14546763,b,m,
1525759323.8485,747.61000,0.05000000,s,l,
1525760986.5446,757.79000,0.04100000,b,l,
1525759170.0949,750.00000,0.45290090,b,m,
1525759946.8168,755.44000,0.00000006,b,m,
1525761796.8172,753.90000,0.00775000,s,l,
1525765091.1385,757.56000,0.02000000,b,m,
1525759080.831,749.87000,3.03845760,b,l,
1525761190.2689,755.50000,3.00000000,s,m,
1525764617.1762,757.14000,0.02400000,b,m,
1525761004.543,757.52000,0.00667827,s,m,
1525762557.3321,753.00000,1.56196196,b,l,
1525759413.724,748.09000,0.07655506,b,l,
1525759827.9992,753.26000,0.71422995,b,m,
1525759072.8409,750.80000,1.50000000,b,m,
1525761205.7813,755.10000,2.14464255,s,l,
1525761017.0223,757.80000,1.27380000,b,l,
1525759588.0973,749.73000,3.10204078,b,l,
1525762559.9278,753.00000,0.02250474,b,l,
1525761858.894,753.89000,1.00000000,s,l,
1525761796.8307,753.84000,0.65022560,s,l,
1525759310.1115,748.59000,0.00191323,s,l,
1525763073.9271,755.85000,0.02400000,b,l,
1525761026.262,757.80000,0.02400000,s,l,
1525759147.255,749.87000,0.78976594,b,l,
1525765589.4079,759.87000,0.03600000,b,m,
1525762536.8237,753.00000,0.59849770,b,l,
1525764224.7403,758.17000,0.00500000,b,m,
1525763080.2531,755.86000,0.02400000,b,l,
1525759148.1626,749.87000,7.81200000,b,l,
1525764951.8962,758.36000,0.17600000,b,l,
1525761037.5223,757.82000,0.02300000,b,l,
1525761040.6676,758.54000,0.00600000,b,m,
1525760856.5775,757.40000,1.50000000,b,m,
1525761042.0612,758.63000,6.46348853,b,m,
1525762268.1045,752.90000,2.93359100,s,m,
1525761046.4188,758.29000,0.02300000,b,l,
1525762905.3969,753.57000,0.09367640,b,l,
1525760474.2716,754.11000,0.06725000,s,l,
1525761540.2818,754.01000,0.03369404,b,l,
1525759151.0561,749.87000,8.04000000,b,l,
1525761053.3774,758.21000,0.10000000,s,m,
1525759286.8008,750.53000,0.15386504,s,l,
1525759645.0364,749.49000,0.02200000,b,m,
1525763104.8968,757.19000,0.12007507,b,m,
1525764272.4093,758.48000,0.02300000,b,m,
1525761061.6072,758.63000,0.02300000,b,l,
1525761306.4181,754.46000,0.13877299,s,m,
1525762908.7037,754.96000,1.42145918,b,m,
1525764110.6232,757.20000,0.02000000,b,l,
1525764451.9774,757.38000,1.00000000,s,l,
1525764688.4912,757.29000,0.81152952,b,l,
1525761070.8286,759.37000,0.20398681,b,l,
1525763119.037,756.90000,0.19563059,b,m,
1525762113.332,751.17000,0.02400000,s,m,
1525761767.0546,754.89000,0.00000010,b,m,
1525760837.2414,757.68000,0.02300000,b,m,
1525764617.1539,757.01000,0.02300000,b,m,
1525759156.9674,749.87000,1.13896724,s,l,
1525761933.6048,753.05000,4.80000000,s,l,
1525761135.7349,757.62000,0.02000000,s,m,
1525764247.2936,758.19000,0.02000000,b,m,
1525761205.7745,755.32000,3.01051603,s,l,
1525760159.3098,757.00000,1.06500000,s,l,
1525761094.4572,759.49000,0.03626050,b,l,
1525761095.2982,759.50000,0.08950191,b,m,
1525765193.1219,757.34000,0.06113036,s,l,
1525759703.9433,750.26000,0.00000006,b,m,
1525761207.1792,756.39000,1.63100000,b,l,
1525760159.3191,757.00000,1.87333859,s,l,
1525761183.0821,755.32000,0.24717747,s,l,
1525760156.8494,757.00000,0.05145145,b,l,
1525761209.5327,755.10000,2.23612889,s,l,
1525761112.4802,759.45000,0.10487643,s,l,
1525761221.4034,755.89000,0.12000000,b,l,
1525761958.8027,753.49000,0.02300000,b,m,
1525759338.2561,747.70000,0.18236509,s,l,
1525765214.7819,757.35000,0.63820000,b,l,
1525763167.5669,756.81000,0.07902139,s,l,
1525759072.9075,750.10000,0.00860489,s,l,
1525761121.0767,759.94000,2.06952065,b,m,
1525760322.6244,754.76000,0.02499257,b,l,
1525759163.3569,750.00000,0.50000000,b,l,
1525761124.9665,759.45000,6.70554256,s,l,
1525759846.9144,753.39000,0.07181656,b,l,
1525759079.6207,749.87000,1.81319220,b,l,
1525759080.4672,749.70000,4.50000000,s,m,
1525759082.1576,749.87000,0.77540107,b,l,
1525761131.8482,758.20000,1.17579709,s,l,
1525761132.1848,759.45000,0.67964648,b,l,
1525759085.3915,749.87000,4.70590000,b,l,
1525760624.0338,753.30000,0.62674534,s,m,
1525765749.1944,759.90000,1.32000000,b,m,
1525760474.2888,753.30000,3.55630986,s,l,
1525761138.0018,757.52000,1.63723564,s,l,
1525765651.6376,759.58000,0.01299102,s,l,
1525759413.7304,748.21000,0.22752470,b,l,
1525761214.7105,754.54000,7.70000000,s,l,
1525763192.9691,757.56000,0.02000000,b,l,
1525764590.8947,756.43000,0.98512650,s,m,
1525763963.1396,755.89000,0.00000021,b,m,
1525759099.2231,749.87000,0.40060664,b,l,
1525763196.3778,757.55000,0.06173464,b,l,
1525760703.3708,754.70000,0.36000000,s,m,
1525763199.1721,757.59000,0.02300000,b,l,
1525760275.6775,754.08000,5.00000000,b,l,
1525764288.2564,757.94000,0.06596828,s,l,
1525759670.5447,749.36000,0.08754554,b,l,
1525759107.989,749.87000,15.26204916,b,l,
1525759108.987,749.86000,0.09090023,s,m,
1525759297.9876,750.12000,0.74750000,s,l,
1525762113.344,751.17000,0.58106399,s,m,
1525760226.2978,755.22000,5.00000000,s,m,
1525764334.7282,758.58000,0.02400000,b,l,
1525759115.3143,749.87000,1.04040418,b,l,
1525759116.5572,749.87000,1.61271578,b,l,
1525759170.0823,750.00000,0.44800609,b,m,
1525760158.1498,757.00000,0.03717240,s,l,
1525759119.9991,749.87000,0.98220000,b,l,
1525759120.0223,749.87000,1.21800240,b,l,
1525759121.2641,749.87000,4.28477604,b,l,
1525759171.409,750.00000,0.12745333,b,m,
1525764334.7098,758.47000,0.03300000,b,l,
1525761561.3776,754.01000,0.31366200,b,l,
1525759172.3414,750.00000,4.15438653,b,l,
1525761179.9411,756.88000,0.02000000,b,l,
1525761181.4982,756.87000,0.02300000,b,l,
1525761183.065,755.63000,1.00000000,s,l,
1525759137.4928,749.87000,1.17519820,b,l,
1525759138.1645,749.87000,2.04227239,b,l,
1525759141.626,749.87000,0.50000000,b,m,
1525759142.2105,749.87000,1.30700000,b,l,
1525765589.43,759.95000,0.30000000,b,m,
1525759145.7913,749.87000,8.36300000,b,l,
1525763963.1294,755.89000,0.14726460,b,m,
1525759147.2941,749.87000,1.46300000,b,l,
1525760159.3264,757.00000,80.61347227,s,l,
1525759310.1253,748.59000,0.03610000,s,l,
1525759150.7209,749.87000,0.07029714,b,l,
1525759151.1794,749.87000,1.25600000,b,l,
1525759152.7942,749.87000,2.61491913,b,l,
1525759156.9647,749.87000,1.09900000,s,l,
1525761205.7684,755.52000,0.08950191,s,l,
1525761796.7918,754.99000,0.06622604,s,l,
1525761207.2646,755.10000,2.76387111,s,l,
1525761209.5237,755.10000,3.14387111,s,l,
1525759163.2019,750.00000,2.78990000,b,l,
1525759164.088,750.00000,6.74408087,b,l,
1525759166.458,750.00000,0.14000000,b,l,
1525759167.9844,750.00000,0.25000000,b,l,
1525759168.8045,750.00000,1.67500000,b,l,
1525763266.6719,757.76000,0.10550667,s,l,
1525763267.5692,757.76000,0.00049333,b,m,
1525759172.3353,750.00000,0.27017927,b,l,
1525759588.1525,750.00000,11.54582181,b,l,
1525761933.61,753.01000,0.35906685,s,l,
1525759180.779,751.80000,0.20000000,b,m,
1525759288.8784,750.38000,0.47000000,s,l,
1525761183.0852,755.31000,4.10922253,s,l,
1525760161.2092,757.00000,9.49200000,s,l,
1525762084.1769,752.13000,0.02000000,s,l,
1525759183.6297,751.80000,0.75000000,b,m,
1525761233.7057,754.40000,1.17107506,s,l,
1525759645.0572,749.49000,1.97800000,b,m,
1525765589.4111,759.88000,0.02000000,b,m,
1525762820.6178,753.00000,3.05786431,b,l,
1525760226.312,754.57000,0.00000936,s,m,
1525765338.395,758.00000,1.04791403,b,l,
1525759183.6347,751.80000,0.53771975,b,m,
1525763292.8014,757.73000,2.58880000,s,l,
1525763434.4236,757.36000,1.00000000,b,m,
1525760161.0433,757.00000,8.05130156,s,l,
1525761320.8021,754.90000,0.07400000,s,l,
1525760151.3404,755.73000,0.02674754,b,m,
1525760011.1185,755.30000,0.14489300,b,m,
1525763963.143,755.97000,0.10204122,b,m,
1525761574.9272,754.01000,0.06900000,b,l,
1525761233.6962,754.44000,1.00000000,s,l,
1525760161.1865,757.00000,2.00298601,s,l,
1525765354.62,758.30000,0.02700000,b,l,
1525765355.3931,758.35000,0.02300000,b,m,
1525762258.0356,752.90000,0.53900000,b,l,
1525763312.1734,757.73000,0.36003960,s,l,
1525759528.7727,748.66000,0.10000000,s,m,
1525761266.0764,755.00000,1.21556557,b,l,
1525763315.9249,757.73000,0.30000000,s,m,
1525759588.1453,750.00000,1.14923839,b,l,
1525762908.6913,754.91000,0.07410000,b,m,
1525765369.7264,758.70000,0.01560905,b,l,
1525759227.2626,751.81000,0.15670886,b,m,
1525765373.4246,758.71000,0.30000000,s,l,
1525759796.0426,752.53000,0.25000000,b,m,
1525760230.7756,754.34000,0.74750000,s,m,
1525764651.1318,757.08000,0.02300000,b,l,
1525763334.9706,757.79000,0.02400000,b,l,
1525759170.0692,750.00000,0.25000000,b,m,
1525764418.4266,758.49000,0.13643644,b,l,
1525760154.7899,757.00000,6.97246161,b,m,
1525759927.6414,752.76000,0.27368466,s,m,
1525759430.5641,748.00000,10.00000000,s,m,
1525759685.2613,750.25000,0.04000000,b,m,
1525762362.6503,752.20000,5.00000000,s,l,
1525765589.434,759.96000,0.02000000,b,m,
1525760011.1031,754.98000,0.00000011,b,m,
1525761306.4214,754.40000,1.28495532,s,m,
1525760751.9276,756.04000,0.32472226,b,m,
1525759260.1245,751.80000,0.02753839,b,l,
1525762030.8345,752.10000,1.87146040,s,m,
1525759536.894,747.71000,0.02000000,s,m,
1525763291.4102,757.73000,1.09900000,s,l,
1525763364.1046,757.79000,0.53771975,b,m,
1525762362.6532,751.83000,3.65957971,s,l,
1525759272.6966,751.80000,5.00000000,b,m,
1525759072.9098,750.10000,1.00000000,s,l,
1525759272.7045,751.81000,8.74929114,b,m,
1525765589.4718,760.55000,0.13833538,b,m,
1525763372.417,757.49000,0.02000000,b,m,
1525760322.6108,754.75000,0.02400000,b,l,
1525759536.9269,746.94000,5.00000000,s,m,
1525759073.1355,750.01000,1.00000000,s,l,
1525759281.9883,751.80000,1.00000000,b,m,
1525759536.9163,747.14000,2.00000000,s,m,
1525759588.0866,749.62000,0.97400000,b,l,
1525759286.7785,750.90000,1.00000000,s,l,
1525759288.8845,750.01000,4.23000000,s,l,
1525759072.9044,750.11000,5.00000000,s,l,
1525763386.3708,757.50000,0.49445716,b,l,
1525762362.6475,752.31000,0.15699359,s,l,
1525762536.8305,753.00000,1.00000000,b,l,
1525765438.3612,758.79000,0.05667990,b,l,
1525759541.6813,747.70000,4.00000000,s,m,
1525759296.3088,750.11000,0.29729966,s,l,
1525759297.9979,750.03000,0.63750000,s,l,
1525759298.1204,749.03000,8.88453613,s,l,
1525761662.3842,754.96000,0.13685965,b,m,
1525759901.6774,754.47000,0.02000000,b,m,
1525759073.2441,749.40000,0.00452167,s,m,
1525765450.1652,758.90000,0.02400000,b,l,
1525759308.7259,749.30000,0.53868108,s,l,
1525760226.3037,755.17000,0.09168956,s,m,
1525759310.1163,748.59000,0.00016406,s,l,
1525761933.6074,753.02000,0.27053738,s,l,
1525759312.6487,748.32000,0.24580000,s,l,
1525765457.6112,758.94000,0.02300000,b,l,
1525765459.0748,759.00000,0.00801124,b,l,
1525759787.9129,752.00000,2.00000000,b,l,
1525759588.1007,749.73000,5.39236148,b,l,
1525763104.8933,757.10000,0.02300000,b,m,
1525759320.2044,748.23000,1.47702966,s,l,
1525759323.851,747.01000,3.33528105,s,l,
1525759324.0778,746.30000,13.00000000,s,m,
1525761183.0783,755.33000,0.12360000,s,l,
1525759329.8318,747.70000,0.50000000,s,m,
1525759310.1139,748.59000,0.00378138,s,l,
1525760230.779,754.33000,5.67700000,s,m,
1525765478.2121,759.98000,0.02400000,b,m,
1525765589.4171,759.91000,0.02000000,b,m,
1525764247.3003,758.85000,0.34479027,b,m,
1525763433.8328,756.70000,0.11831584,s,l,
1525759338.2613,747.69000,0.00063491,s,l,
1525759340.5563,747.50000,0.25000000,s,l,
1525760159.3218,757.00000,1.72020784,s,l,
1525759517.0733,748.65000,0.27102610,b,l,
1525763405.4571,756.76000,0.00049333,s,m,
1525759620.3663,749.49000,0.14329321,b,l,
1525759536.9074,747.18000,5.00000000,s,m,
1525759180.7629,751.80000,0.18771975,b,m,
1525759324.0616,746.90000,12.82936901,s,m,
1525764803.5804,757.16000,0.02400000,b,l,
1525759430.5532,748.24000,0.45168752,s,m,
1525761400.3984,754.71000,0.51260000,b,l,
1525759536.8969,747.70000,21.00000000,s,m,
1525759359.9132,747.08000,0.43508472,b,l,
1525760319.9732,754.40000,0.03628011,b,l,
1525765355.3963,758.38000,0.02000000,b,m,
1525761121.0739,759.93000,0.54545400,b,m,
1525759368.2281,746.63000,0.45723673,s,m,
1525759517.0643,748.63000,0.35506508,b,l,
1525765450.5674,758.95000,0.50000000,b,l,
1525759375.0712,747.09000,0.17311013,b,l,
1525762968.0324,754.94000,0.02809464,b,l,
1525759378.284,747.03000,15.59814562,b,l,
1525764334.7248,758.49000,0.03600000,b,l,
1525760837.238,757.67000,0.02400000,b,m,
1525764617.1798,757.15000,0.04100000,b,m,
1525760239.6468,755.00000,0.25000000,b,m,
1525760671.8759,754.96000,0.20016249,b,l,
1525761437.5668,754.61000,0.51260000,b,l,
1525761439.2838,754.61000,3.00000000,b,m,
1525762905.4104,753.58000,0.02000000,b,l,
1525762968.0196,754.91000,0.07991414,b,l,
1525760667.465,754.96000,0.01000000,b,l,
1525759286.7884,750.81000,0.99400000,s,l,
1525765361.8043,758.70000,1.45745746,b,l,
1525760839.8432,757.74000,7.70000000,b,l,
1525763498.8601,755.87000,0.15764220,s,l,
1525764679.2351,757.29000,0.86875066,b,m,
1525761121.0712,759.50000,0.51049809,b,m,
1525759901.6712,754.45000,0.02300000,b,m,
1525763504.7398,756.08000,0.04455663,b,m,
1525763656.2084,755.15000,0.23000000,s,m,
1525761767.0439,754.89000,0.06626956,b,m,
1525759310.1446,748.29000,0.15087000,s,m,
1525762691.3349,752.99000,0.15299850,b,l,
1525759413.7207,748.09000,0.31663507,b,l,
1525759414.5009,748.10000,1.81700000,s,m,
1525761464.0268,754.61000,0.31251250,b,l,
1525759418.6491,748.23000,0.50943242,s,m,
1525760927.698,757.50000,1.44000000,b,l,
1525759588.1035,749.99000,0.36863852,b,l,
1525760671.8935,755.36000,0.34077873,b,l,
1525762293.3119,752.93000,0.19461335,b,l,
1525760100.7312,754.97000,0.02300000,b,l,
1525762908.6836,754.58000,0.23848578,b,m,
1525765589.4022,759.85000,0.02400000,b,m,
1525759298.0049,750.00000,37.10281038,s,l,
1525759430.5562,748.23000,4.48925000,s,m,
1525759431.4561,747.60000,0.00000668,s,m,
1525761205.7716,755.52000,0.51049809,s,l,
1525760226.301,755.18000,0.09276517,s,m,
1525762113.3288,751.17000,0.04300000,s,m,
1525760671.9116,755.40000,0.63896361,b,l,
1525765589.4249,759.94000,2.19448060,b,m,
1525765369.7284,758.70000,0.00001234,b,l,
1525763548.3869,756.00000,0.43183228,b,l,
1525759457.7571,747.23000,4.50000000,s,l,
1525759080.481,749.41000,5.00000000,s,m,
1525759227.2592,751.80000,0.04329114,b,m,
1525759588.1101,749.99000,0.37500000,b,l,
1525761958.8131,754.32000,0.84200000,b,m,
1525761132.5752,757.89000,6.99000000,s,l,
1525761511.4589,754.00000,3.00000000,s,l,
1525762084.1861,751.60000,3.44000000,s,l,
1525759298.0027,750.00000,0.09337649,s,l,
1525762536.827,753.00000,0.35223881,b,l,
1525760226.3075,754.57000,2.80464871,s,m,
1525759099.7283,749.87000,0.60890000,b,l,
1525763405.4604,756.76000,0.02400000,s,m,
1525759414.5038,747.70000,1.86100000,s,m,
1525765315.8262,757.97000,0.34180000,b,l,
1525759476.3719,748.62000,0.07142184,b,m,
1525760239.6499,756.26000,0.02300000,b,m,
1525764840.7894,757.31000,0.02400000,b,l,
1525759079.6346,749.87000,0.09961746,b,l,
1525760159.3286,757.00000,0.03720000,s,l,
1525759147.2459,749.87000,0.07700000,b,l,
1525760159.3395,757.00000,10.00000000,s,l,
1525760939.2714,757.65000,0.02400000,b,l,
1525761540.293,754.01000,0.01382196,b,l,
1525759108.9899,749.71000,0.94481922,s,m,
1525764224.7273,757.96000,0.02300000,b,m,
1525764840.7969,757.71000,0.02400000,b,l,
1525761548.04,754.01000,3.00000000,b,l,
1525760151.3167,755.37000,0.03200000,b,m,
1525760239.6563,756.26000,0.27822150,b,m,
1525761553.043,754.01000,1.65080000,b,l,
1525765651.4272,759.58000,0.06600000,s,l,
1525765653.8682,759.52000,0.08620116,s,l,
1525763104.9245,757.79000,3.00000000,b,m,
1525763607.895,756.00000,1.12000000,b,m,
1525759080.4873,749.40000,4.92409281,s,m,
1525762536.8095,752.98000,0.02000000,b,l,
1525759517.1056,749.32000,2.21670995,b,l,
1525765662.5486,758.27000,1.17669745,s,m,
1525759519.8331,749.32000,5.88719455,s,l,
1525760245.2461,754.81000,0.09173329,s,l,
1525759323.8359,747.69000,2.53560000,s,l,
1525760927.1697,757.49000,0.00100000,b,m,
1525761574.9426,754.01000,0.06900000,b,l,
1525763104.9039,757.78000,0.14085641,b,m,
1525759528.7696,748.66000,0.30000000,s,m,
1525760230.7688,754.66000,6.99000000,s,m,
1525759670.5571,749.53000,0.08482886,b,l,
1525760671.8788,754.98000,0.02887390,b,l,
1525759536.8877,748.20000,20.40000000,s,m,
1525762968.0386,754.99000,0.02749310,b,l,
1525759588.1356,750.00000,0.65369150,b,l,
1525765355.4475,758.68000,0.04000000,b,m,
1525759073.1586,750.00000,0.26666666,s,l,
1525760161.0526,757.00000,11.94869844,s,l,
1525764605.6124,756.44000,0.02400000,s,l,
1525760151.3355,755.57000,0.02800000,b,m,
1525760315.2746,753.97000,0.00079872,b,l,
1525759797.3732,751.12000,0.00674197,s,l,
1525763104.8628,756.08000,0.02400000,b,m,
1525759553.9091,748.90000,0.10000000,b,m,
1525759536.9298,746.81000,18.03812724,s,m,
1525760011.1069,754.99000,0.02300000,b,m,
1525762355.3244,753.05000,0.06639665,s,l,
1525759927.6454,752.73000,0.02000000,s,m,
1525760159.4685,757.00000,0.04500000,s,l,
1525760671.9062,755.36000,0.02000000,b,l,
1525759324.0738,746.62000,0.05000000,s,m,
1525762536.8208,752.99000,0.04926349,b,l,
1525759588.1421,750.00000,0.10000000,b,l,
1525759430.5694,747.72000,6.08200000,s,m,
1525760378.207,754.10000,1.42026933,s,m,
1525759588.1132,749.99000,0.03200300,b,l,
1525759310.1209,748.59000,0.00341217,s,l,
1525759901.6577,753.74000,0.02000000,b,m,
1525761641.4197,754.01000,0.05358648,b,l,
1525762908.6715,754.34000,0.02300000,b,l,
1525759151.7566,749.87000,1.10000000,b,l,
1525759359.922,747.09000,0.05211528,b,l,
1525759600.9939,749.40000,0.45797117,b,l,
1525764334.7308,758.67000,0.02000000,b,l,
1525760275.6807,754.09000,0.02400000,b,l,
1525762987.2508,755.00000,17.92014551,b,l,
1525765749.1919,759.90000,0.02400000,b,m,
1525759593.4677,750.00000,4.66433956,s,l,
1525759608.8905,749.50000,1.50000000,b,m,
1525764617.1891,757.28000,0.21438810,b,m,
1525760230.7887,754.32000,0.00000907,s,m,
1525763007.9667,755.37000,0.02000000,b,l,
1525759796.0342,752.53000,0.38109395,b,m,
1525759594.3596,749.86000,1.61666044,b,m,
1525761662.3902,754.98000,0.18232288,b,m,
1525762084.1834,752.11000,0.02000000,s,l,
1525759536.9102,747.16000,0.06692007,s,m,
1525764590.8992,756.43000,0.04455663,s,m,
1525759536.8787,748.66000,1.60000000,s,m,
1525759620.3533,749.49000,0.02300000,b,l,
1525763718.1785,756.08000,0.03296783,b,m,
1525763009.0991,755.50000,0.00775000,b,l,
1525760751.9403,756.32000,0.02400000,b,m,
1525762557.3245,752.98000,0.02300000,b,l,
1525765771.0685,759.20000,0.06570243,s,l,
1525762087.5859,751.44000,0.87697109,s,l,
1525759084.3173,749.87000,0.50000000,b,l,
1525762355.0991,753.49000,0.02000000,b,m,
1525759901.6605,753.75000,0.02000000,b,m,
1525759413.7273,748.20000,0.07655506,b,l,
1525760039.7344,755.18000,0.98000000,b,m,
1525759073.2215,749.86000,0.09090023,s,m,
1525760151.3329,755.41000,0.03515629,b,m,
1525759645.6099,748.96000,1.00000000,s,l,
1525760624.0189,753.58000,0.22096039,s,m,
1525759903.3807,753.58000,0.09413878,s,m,
1525759864.0213,753.58000,0.17000000,b,l,
1525759601.025,749.54000,0.23397117,b,l,
1525760355.4463,755.10000,9.93309966,s,l,
1525759260.1398,751.80000,4.97246161,b,l,
1525763963.1461,755.97000,0.07693510,b,m,
1525761710.025,754.90000,1.00000000,b,m,
1525762355.3321,753.00000,0.39840000,s,l,
1525759664.4692,749.38000,0.03000000,b,l,
1525764040.0912,756.00000,0.25000000,b,l,
1525759667.3229,749.37000,0.03000000,b,l,
1525759668.9001,749.37000,0.00003968,b,l,
1525759670.5511,749.48000,0.03000000,b,l,
1525759672.8641,750.16000,43.80306982,b,l,
1525759946.8049,755.30000,0.13531000,b,m,
1525765749.153,759.49000,0.02000000,b,m,
1525759946.8016,755.00000,0.03008383,b,m,
1525759901.6445,753.65000,0.16077068,b,m,
1525759682.8799,750.23000,0.93800000,b,l,
1525759683.7145,750.23000,0.03200000,b,l,
1525760927.6926,757.49000,0.01900000,b,l,
1525759685.2668,750.25000,0.30312462,b,m,
1525759073.1436,750.00000,1.00000000,s,l,
1525759987.2784,754.79000,0.02400000,b,m,
1525762113.3381,751.17000,0.13601706,s,m,
1525762905.421,753.83000,0.02000000,b,l,
1525761796.8236,753.90000,0.14489300,s,l,
1525759151.9087,749.87000,1.09900000,b,l,
1525761132.5807,757.65000,2.59117206,s,l,
1525761386.9177,754.03000,0.06631036,s,m,
1525759699.065,750.25000,0.15565245,b,l,
1525760671.8814,755.05000,0.02400000,b,l,
1525759701.3222,750.27000,0.15600000,b,l,
1525762113.3089,751.17000,0.53771975,s,m,
1525759703.9466,750.26000,0.07949217,b,m,
1525759704.4773,750.89000,0.02000000,b,l,
1525763364.0968,757.78000,0.02400000,b,m,
1525759706.0841,750.89000,0.06192763,b,l,
1525759073.1619,750.00000,0.03100000,s,l,
1525760159.301,757.00000,7.52298821,s,l,
1525759269.0004,751.80000,0.02753839,b,m,
1525759310.1483,748.24000,4.65105739,s,m,
1525759728.4146,751.01000,5.00000000,s,l,
1525760671.9033,755.36000,0.82770911,b,l,
1525759718.3152,751.46000,0.41787006,b,l,
1525761767.0627,754.98000,3.90965092,b,m,
1525759588.0941,749.63000,5.00000000,b,l,
1525764679.2103,757.27000,0.02300000,b,m,
1525759763.5455,751.03000,5.00000000,s,m,
1525760751.9338,756.12000,0.04900000,b,m,
1525759725.8835,751.03000,1.10686993,s,l,
1525760260.1308,753.51000,0.02000000,s,l,
1525765355.3801,758.34000,0.03600000,b,m,
1525759272.7159,753.15000,0.00823130,b,m,
1525760159.3349,757.00000,7.70000000,s,l,
1525761662.3927,754.98000,0.13605120,b,m,
1525760315.2767,753.97000,0.00000064,b,l,
1525759272.7103,752.69000,4.40620000,b,m,
1525760151.3378,755.73000,0.80600000,b,m,
1525759156.9623,749.87000,1.13100000,s,l,
1525761796.8104,754.63000,0.02148868,s,l,
1525759588.1164,749.99000,0.10000000,b,l,
1525762908.6748,754.35000,0.02400000,b,l,
1525759298.1123,749.71000,0.04333943,s,l,
1525760793.2133,756.84000,0.02400000,b,l,
1525760632.9209,754.97000,1.91723921,b,m,
1525763104.8837,756.59000,0.02400000,b,m,
1525759763.5491,751.00000,4.60628784,s,m,
1525763963.1485,755.98000,0.17358236,b,m,
1525762536.8122,752.98000,0.02300000,b,l,
1525765589.4479,760.00000,1.85453237,b,m,
1525761858.9211,753.10000,7.51181688,s,l,
1525761065.8643,758.61000,0.06591002,s,m,
1525759946.8147,755.44000,0.00003977,b,m,
1525759592.4498,750.00000,1.61631178,s,l,
1525764408.5239,758.49000,1.67600000,b,m,
1525759310.14,748.30000,3.19807261,s,m,
1525759157.2411,750.00000,1.09900000,b,l,
1525759536.9187,747.11000,6.07900000,s,m,
1525759430.5486,748.53000,1.58681709,s,m,
1525763882.5341,755.59000,0.06617345,s,l,
1525761135.7406,757.52000,0.92636107,s,m,
1525763886.6124,755.06000,0.21731213,s,l,
1525762087.5792,751.44000,2.52302891,s,l,
1525759310.1186,748.59000,0.00111061,s,l,
1525759793.6362,751.97000,1.00000000,b,l,
1525760315.2724,753.97000,0.99920064,b,l,
1525762355.1044,753.54000,0.02000000,b,m,
1525759796.0203,752.43000,0.02300000,b,m,
1525759797.3751,751.12000,0.00000263,s,l,
1525759799.9067,752.52000,2.58635854,b,l,
1525759703.954,750.34000,0.04504893,b,m,
1525760154.7572,756.99000,13.50000000,b,m,
1525760871.7697,757.72000,0.02000000,b,m,
1525761127.9889,759.46000,0.00779000,b,m,
1525761858.9116,753.86000,0.06632531,s,l,
1525759286.8033,750.52000,2.55231978,s,l,
1525760474.2528,754.13000,0.06815925,s,l,
1525761379.1851,754.02000,1.00000000,s,m,
1525764840.7919,757.32000,0.02400000,b,l,
1525761796.828,753.85000,0.12111406,s,l,
1525759901.6684,754.22000,0.02400000,b,m,
1525764605.5171,756.44000,0.02000000,b,l,
1525764408.5157,758.48000,0.02400000,b,m,
1525759827.9916,752.74000,0.02400000,b,m,
1525759703.9598,750.89000,0.81507237,b,m,
1525759517.0923,749.32000,12.73643567,b,l,
1525759797.3711,751.12000,3.75228099,s,l,
1525765355.4354,758.40000,0.02000000,b,m,
1525759901.6632,753.76000,0.04700000,b,m,
1525759306.399,750.00000,0.45797117,b,l,
1525763933.7416,755.18000,1.00000000,s,l,
1525759156.9696,749.87000,0.00295189,s,l,
1525760713.1272,755.39000,0.03100000,b,l,
1525761205.5848,756.40000,0.00400000,b,m,
1525759073.2288,749.58000,0.05000000,s,m,
1525760315.2625,753.87000,0.78230695,b,l,
1525761131.8431,758.22000,0.32420291,s,l,
1525759846.8974,753.38000,0.02000000,b,l,
1525764617.1918,757.28000,0.21876884,b,m,
1525759849.2802,753.50000,0.36461502,s,l,
1525759705.8104,750.89000,0.04100000,b,l,
1525759324.0822,746.02000,4.87559373,s,m,
1525759080.542,749.87000,3.50992632,b,l,
1525759856.8205,753.58000,0.04300000,b,m,
1525760319.5531,754.40000,0.00254238,b,m,
1525760355.4431,755.11000,0.04690034,s,l,
1525762366.0848,752.99000,0.06640194,s,m,
1525765662.5366,759.14000,0.18547630,s,m,
1525760156.8451,757.00000,2.09709710,b,l,
1525763963.1376,755.89000,0.00017651,b,m,
1525761917.8947,753.05000,0.20000000,s,m,
1525762030.8312,752.13000,0.02000000,s,m,
1525761138.0056,757.14000,1.06241400,s,l,
1525759296.3182,750.10000,75.79370034,s,l,
1525761662.3877,754.97000,5.00000000,b,m,
1525759430.5587,748.06000,7.70000000,s,m,
1525761138.0096,756.83000,0.02849058,s,l,
1525764957.3979,757.30000,1.00000000,s,m,
1525765589.4378,759.97000,0.02400000,b,m,
1525760156.8533,757.00000,1.51067272,b,l,
1525761004.5293,757.53000,0.06600399,s,m,
1525759620.37,749.50000,0.04530679,b,l,
1525760156.8092,755.70000,1.50000000,b,l,
1525761933.6015,753.06000,0.06639577,s,l,
1525759297.9951,750.10000,0.29719966,s,l,
1525759320.2137,748.03000,0.63750000,s,l,
1525761134.4169,758.23000,1.00000000,s,l,
1525762030.8213,753.02000,0.16412520,s,m,
1525759170.0861,750.00000,0.09909301,b,m,
1525759670.5598,749.78000,0.08934185,b,l,
1525760671.8588,754.95000,0.02000000,b,l,
1525759901.6509,753.68000,0.02000000,b,m,
1525762030.8146,753.11000,0.48104475,s,m,
1525759903.3873,753.58000,0.22586122,s,m,
1525763405.4674,756.73000,0.02114456,s,m,
1525759588.1296,749.99000,2.08841269,b,l,
1525764957.4212,757.23000,0.37122448,s,m,
1525760667.1224,754.65000,0.02300000,b,l,
1525764617.1677,757.06000,0.03600000,b,m,
1525761958.7793,753.44000,0.02000000,b,m,
1525762536.8009,752.79000,0.16772619,b,l,
1525759536.9032,747.19000,0.27199355,s,m,
1525759298.0004,750.00000,4.14561347,s,l,
1525759645.6151,748.91000,0.84000000,s,l,
1525764840.7993,757.72000,0.02000000,b,l,
1525759796.0383,752.53000,0.25000000,b,m,
1525759923.8281,753.64000,0.02490088,b,l,
1525765589.4143,759.89000,0.02300000,b,m,
1525759925.4429,753.64000,0.05559075,b,l,
1525762355.1134,754.01000,0.50651000,b,m,
1525759927.6317,753.52000,0.06773774,s,m,
1525760275.6834,754.09000,3.14266225,b,l,
1525760671.89,755.36000,1.68296361,b,l,
1525759072.9118,750.10000,0.75000000,s,l,
1525765450.5741,759.00000,2.21157092,b,l,
1525761205.5796,756.40000,0.00400000,b,m,
1525760158.1646,757.00000,0.49603941,s,l,
1525759939.8094,753.88000,0.00000010,b,m,
1525759925.4473,753.64000,0.00000008,b,l,
1525763062.6001,755.56000,0.07644204,s,m,
1525759901.6743,754.46000,0.02000000,b,m,
1525764040.0851,756.00000,0.60000000,b,l,
1525759308.7218,749.31000,0.43131892,s,l,
1525759946.8193,755.65000,0.27422856,b,m,
1525760239.6585,756.26000,0.30000000,b,m,
1525760322.8098,754.89000,0.77700000,b,l,
1525761004.5452,757.52000,0.00001484,s,m,
1525764224.7304,757.96000,0.84000000,b,m,
1525763405.4479,756.76000,0.41493148,s,m,
1525760355.4164,755.13000,0.02000000,s,l,
1525759955.0309,753.20000,0.01355232,s,l,
1525764110.6199,757.08000,0.03187952,b,l,
1525759310.1231,748.59000,0.00351855,s,l,
1525760871.7547,757.39000,0.02400000,b,m,
1525762362.645,752.73000,0.44217073,s,l,
1525759311.2464,748.32000,0.07720000,b,l,
1525760158.1409,757.00000,6.16932728,s,l,
1525760939.2802,757.66000,0.02300000,b,l,
1525759901.6658,753.79000,0.02300000,b,m,
1525762725.1394,753.00000,1.08418418,b,l,
1525765749.1864,759.86000,0.02400000,b,m,
1525759312.6551,748.32000,0.00420000,s,l,
1525759368.231,746.10000,1.54276327,s,m,
1525759588.374,750.00000,7.70000000,s,l,
1525760230.7863,754.32000,0.00378700,s,m,
1525759867.9245,753.57000,0.02266543,b,l,
1525759313.9632,748.32000,0.04080000,s,l,
1525762536.815,752.99000,0.16785932,b,l,
1525761020.3925,757.79000,1.50000000,b,l,
1525759116.5904,749.87000,1.30552300,b,l,
1525762030.8184,753.02000,0.25263817,s,m,
1525762030.829,752.30000,0.13659100,s,m,
1525760871.7751,757.73000,1.58600000,b,m,
1525759073.1525,750.00000,0.02500000,s,l,
1525765459.0689,759.00000,21.73241784,b,l,
1525765369.7216,758.70000,19.52692115,b,l,
1525759846.9172,753.48000,0.02000000,b,l,
1525760939.2845,757.67000,0.04100000,b,l,
1525760314.0008,753.87000,0.03800000,b,l,
1525764688.4941,757.30000,0.18847048,b,l,
1525759517.0896,749.30000,4.43300000,b,l,
1525759073.1643,750.00000,0.06900000,s,l,
1525762355.1019,753.50000,0.02300000,b,m,
1525760671.8841,755.18000,0.02400000,b,l,
1525759286.7951,750.69000,0.08143129,s,l,
