time,price,volume,buy_or_sell,market_or_limit,misc
1525784677.8938,0.99980000,34.07936000,b,l,
1525790464.2495,0.99920000,30.06946000,b,l,
1525744753.7463,0.99920000,34.06140000,s,l,
1525778358.0855,0.99940000,75.00000000,s,l,
1525725363.0682,0.99930000,34.03732000,b,m,
1525723279.0167,0.99930000,34.03531000,s,l,
1525773803.3737,0.99900000,34.07317000,s,m,
1525784101.1837,0.99820000,34.08956000,s,m,
1525784101.1184,0.99880000,34.09568000,s,m,
1525733361.8538,0.99960000,34.04946000,s,l,
1525773803.3665,0.99910000,34.07340000,s,m,
1525746426.539,0.99960000,34.06503000,b,m,
1525778121.0583,0.99980000,34.05499000,b,l,
1525771754.3934,0.99940000,34.05097000,s,m,
1525778726.4518,0.99860000,30.06615000,b,m,
1525787579.1596,0.99930000,34.14089000,s,m,
1525728577.2793,0.99940000,34.04795000,s,m,
1525723279.0464,0.99910000,34.04470000,s,l,
1525805105.4556,1.00050000,74.95879248,s,l,
1525744753.6727,0.99970000,34.06337000,s,l,
1525743670.1097,0.99960000,0.00000456,s,m,
1525790800.1206,0.99880000,75.00000000,s,m,
1525792824.832,1.00100000,39.60895244,s,l,
1525733361.8161,0.99960000,34.04936000,s,l,
1525784636.789,0.99910000,44.60450816,b,l,
1525778297.1399,0.99950000,34.07673000,s,l,
1525746859.1445,0.99890000,34.05478000,s,l,
1525771754.4112,0.99940000,34.05097000,s,m,
1525780980.9424,0.99830000,34.08937000,s,l,
1525767427.2975,0.99930000,33.11394000,b,m,
1525747428.8489,0.99670000,1000.00000000,b,l,
1525790464.3113,0.99920000,30.06946000,b,l,
1525744753.7679,0.99860000,34.05938000,s,l,
1525778726.4631,0.99960000,132.27235000,b,m,
1525727671.8998,0.99990000,34.04260000,b,l,
1525805310.4651,1.00080000,34.04214000,b,m,
1525744753.7807,0.99810000,0.01333563,s,l,
1525784677.9303,0.99980000,34.07936000,b,l,
1525792457.6698,1.00000000,350000.00000000,b,l,
1525790464.3606,0.99970000,34.11447000,b,l,
1525784696.622,0.99920000,34.11478000,s,l,
1525773803.319,0.99910000,34.07476000,s,m,
1525746426.5296,0.99960000,34.06503000,b,m,
1525787579.2913,0.99920000,34.14089000,s,m,
1525778299.0489,0.99940000,1592.44526716,s,l,
1525725363.1514,0.99990000,34.02725000,b,m,
1525757985.8009,0.99830000,33.60092000,b,m,
1525746426.5933,0.99960000,34.06503000,b,m,
1525780906.6632,0.99850000,34.08463000,s,l,
1525723278.999,0.99930000,34.03531000,s,l,
1525723279.034,0.99930000,34.03531000,s,l,
1525790464.2029,0.99920000,30.06946000,b,l,
1525721795.872,0.99980000,34.04686000,s,m,
1525787579.1337,0.99930000,34.14089000,s,m,
1525727671.9155,0.99990000,34.04260000,b,l,
1525744393.8899,0.99990000,34.05743000,b,l,
1525790464.2584,0.99920000,30.06946000,b,l,
1525727671.894,0.99990000,34.04260000,b,l,
1525727671.9597,0.99990000,34.04260000,b,l,
1525770164.6667,0.99930000,33.60092000,b,l,
1525721795.8422,0.99980000,34.04686000,s,m,
1525804173.5245,1.00090000,34.04077000,s,l,
1525778647.5521,0.99770000,0.00117394,s,m,
1525772475.4159,0.99940000,34.05499000,b,l,
1525746859.1907,0.99890000,34.05478000,s,l,
1525784766.3826,0.99940000,0.04498210,s,l,
1525725363.0965,0.99990000,34.02725000,b,m,
1525744753.6972,0.99970000,34.06337000,s,l,
1525757985.8055,0.99830000,24.19724000,b,m,
1525756104.9187,0.99800000,30.07368000,b,l,
1525744393.8788,0.99990000,34.05743000,b,l,
1525733361.8206,0.99960000,34.04936000,s,l,
1525784677.8634,0.99980000,34.07936000,b,l,
1525801170.6679,1.00120000,0.99750000,b,m,
1525727671.9205,0.99990000,34.04260000,b,l,
1525792983.4623,1.00100000,110.89533286,s,l,
1525784677.8397,0.99980000,34.07740000,b,l,
1525746859.1199,0.99890000,34.05478000,s,l,
1525744753.6823,0.99970000,34.06337000,s,l,
1525746859.2234,0.99890000,34.05478000,s,l,
1525778118.2532,0.99950000,34.07386000,b,l,
1525738965.0526,0.99900000,20.02002002,s,m,
1525792995.6731,1.00100000,15935.25200000,s,l,
1525722505.65,0.99980000,34.02470000,b,l,
1525721523.542,1.00000000,0.07675728,b,l,
1525727671.9048,0.99990000,34.04260000,b,l,
1525780719.0285,0.99870000,87.11132000,b,l,
1525736863.4352,0.99990000,0.30405317,b,l,
1525778358.1344,0.99910000,34.07685000,s,l,
1525744753.646,0.99970000,34.06337000,s,l,
1525801206.5031,1.00120000,0.57400000,b,m,
1525792457.6459,0.99960000,828.13842575,b,l,
1525778297.1346,0.99950000,34.07673000,s,l,
1525756104.9264,0.99800000,30.07368000,b,l,
1525805310.4945,1.00080000,34.04224000,b,m,
1525794177.9553,1.00100000,74.72847152,s,l,
1525777348.6726,0.99950000,34.07386000,b,m,
1525778121.0459,0.99980000,34.05499000,b,l,
1525727079.241,0.99940000,34.02659000,s,m,
1525801239.2909,1.00110000,0.57400000,s,m,
1525727671.9338,0.99990000,34.04260000,b,l,
1525787579.1846,0.99930000,34.14089000,s,m,
1525722501.1226,0.99950000,22.06056686,s,l,
1525780892.6287,0.99910000,34.08264000,b,l,
1525778118.2237,0.99950000,0.46195405,b,l,
1525746859.2592,0.99890000,34.05478000,s,l,
1525723439.1972,0.99910000,19.13145000,s,l,
1525723279.0115,0.99930000,34.03531000,s,l,
1525721954.6296,0.99990000,34.04206000,b,l,
1525722505.8864,1.00000000,1066.09700000,b,l,
1525756104.9138,0.99800000,15.21622000,b,l,
1525793082.7916,1.00100000,48.46849183,s,l,
1525721451.7827,1.00000000,1457.70173287,b,l,
1525722506.2266,1.00000000,352.91700000,b,l,
1525805310.4386,1.00050000,75.00000000,b,m,
1525780906.6692,0.99820000,75.00000000,s,l,
1525743670.0982,0.99970000,75.00000000,s,m,
1525767427.3022,0.99930000,33.60092000,b,m,
1525803063.5049,1.00120000,106.82141430,b,m,
1525727671.9776,0.99990000,34.04260000,b,l,
1525784337.8613,0.99910000,1244.41517366,b,l,
1525778358.1281,0.99910000,34.07450000,s,l,
1525787579.1247,0.99930000,34.14089000,s,m,
1525733361.7921,0.99970000,75.00000000,s,l,
1525722505.6648,0.99980000,34.02470000,b,l,
1525744753.6779,0.99970000,34.06337000,s,l,
1525792457.641,0.99890000,34.15325000,b,l,
1525784636.7936,0.99910000,44.60450816,b,l,
1525746859.1276,0.99890000,34.05478000,s,l,
1525770429.7531,0.99950000,94.81037924,s,m,
1525725362.9841,0.99930000,34.03732000,b,m,
1525780854.9589,0.99860000,58.19212000,b,l,
1525787579.3048,0.99920000,34.14089000,s,m,
1525750506.4741,0.99760000,30.10990000,b,l,
1525778726.4429,0.99860000,30.06615000,b,m,
1525780863.2386,0.99860000,16.80782400,b,l,
1525770164.6958,0.99930000,33.60092000,b,l,
1525721795.8746,0.99940000,911.86863493,s,m,
1525744753.6304,0.99970000,34.06337000,s,l,
1525770164.6764,0.99930000,33.60092000,b,l,
1525723058.6974,0.99940000,34.04206000,s,m,
1525744393.8073,0.99980000,34.05743000,b,l,
1525788203.6301,0.99880000,75.00000000,s,l,
1525746426.4899,0.99960000,34.06503000,b,m,
1525727079.3429,0.99900000,0.00006377,s,m,
1525778118.2335,0.99950000,34.07386000,b,l,
1525787579.2974,0.99920000,34.14089000,s,m,
1525780892.65,0.99920000,34.08264000,b,l,
1525793181.6971,1.00100000,134.89475524,s,l,
1525790464.3405,0.99920000,30.06946000,b,l,
1525740561.459,0.99880000,1281.40671978,b,l,
1525772709.7856,0.99950000,70.78431365,s,l,
1525744753.7079,0.99970000,34.06337000,s,l,
1525746426.5167,0.99960000,34.06503000,b,m,
1525780906.6718,0.99810000,48.48050000,s,l,
1525746859.193,0.99890000,34.05478000,s,l,
1525779353.2784,0.99900000,34.08177000,s,l,
1525756104.9289,0.99800000,6.09638000,b,l,
1525727079.2462,0.99940000,34.02659000,s,m,
1525727671.9753,0.99990000,34.04260000,b,l,
1525727672.008,0.99990000,34.04260000,b,l,
1525736863.441,0.99990000,401.10078688,b,l,
1525744393.8624,0.99990000,34.05790000,b,l,
1525780926.2189,0.99820000,0.06235120,s,l,
1525736756.3231,0.99960000,34.05148000,s,m,
1525782028.1328,0.99940000,34.08956000,b,m,
1525790464.168,0.99850000,75.00000000,b,l,
1525778507.8255,0.99920000,75.00000000,b,l,
1525721846.9191,0.99980000,34.04206000,b,l,
1525738965.0953,0.99560000,0.08672457,s,m,
1525740777.2354,0.99960000,34.05668000,b,l,
1525723599.5661,0.99910000,8995.00000000,s,m,
1525725363.1091,0.99990000,34.02725000,b,m,
1525790464.3429,0.99920000,30.06946000,b,l,
1525737051.1093,0.99900000,174.46157685,s,m,
1525778647.5209,0.99810000,33.59966000,s,m,
1525746426.4877,0.99960000,34.06503000,b,m,
1525772769.0858,0.99950000,4.21568635,s,l,
1525780962.5636,0.99920000,908.65100000,b,l,
1525733361.8014,0.99960000,34.04936000,s,l,
1525787579.2164,0.99920000,34.14089000,s,m,
1525790464.2904,0.99920000,30.06946000,b,l,
1525790464.2608,0.99920000,30.06946000,b,l,
1525784677.7679,0.99920000,30.06675000,b,l,
1525744393.8395,0.99990000,34.05790000,b,l,
1525722327.2997,0.99950000,34.04206000,s,m,
1525744393.8155,0.99990000,34.05672000,b,l,
1525744753.5196,0.99980000,75.00000000,s,l,
1525771754.4287,0.99920000,2937.41945149,s,m,
1525787579.3377,0.99750000,167.17715938,s,m,
1525725363.1259,0.99990000,34.02725000,b,m,
1525804142.1385,1.00090000,34.04366000,s,l,
1525780991.4811,0.99830000,15.45857098,s,l,
1525790464.1933,0.99920000,31.26117000,b,l,
1525790464.191,0.99920000,31.26117000,b,l,
1525801478.6427,1.00110000,305.68984473,s,l,
1525725363.0466,0.99930000,34.03732000,b,m,
1525723279.0741,0.99910000,14.88348303,s,l,
1525747431.3485,0.99670000,1000.00000000,b,l,
1525797396.1574,1.00110000,20.00000000,b,m,
1525744753.5299,0.99970000,34.06337000,s,l,
1525747248.2729,0.99700000,0.00031808,s,m,
1525787579.223,0.99920000,34.14089000,s,m,
1525744393.8766,0.99990000,34.05743000,b,l,
1525782028.1182,0.99910000,34.08904000,b,m,
1525771754.4256,0.99940000,34.05097000,s,m,
1525792457.6434,0.99960000,828.13842575,b,l,
1525787579.1792,0.99930000,34.14089000,s,m,
1525728577.277,0.99940000,34.04795000,s,m,
1525778647.509,0.99870000,75.00000000,s,m,
1525744393.7641,0.99980000,34.05743000,b,l,
1525746426.5865,0.99960000,34.06503000,b,m,
1525778358.1098,0.99920000,34.07286000,s,l,
1525744753.7602,0.99880000,2500.00000000,s,l,
1525746859.0972,0.99890000,34.05478000,s,l,
1525722505.7587,1.00000000,592.26200000,b,l,
1525784101.1941,0.99780000,30.06584000,s,m,
1525736863.3098,0.99960000,34.05672000,b,l,
1525789260.8028,0.99850000,59.62146932,s,l,
1525744393.803,0.99980000,34.05743000,b,l,
1525723058.6654,0.99980000,34.02425000,s,m,
1525790464.1784,0.99920000,33.12803000,b,l,
1525796280.3481,1.00110000,1.11116047,s,m,
1525780719.0208,0.99860000,75.00000000,b,l,
1525778358.1668,0.99900000,34.07151000,s,l,
1525723279.0719,0.99910000,34.04470000,s,l,
1525770164.6914,0.99930000,33.60092000,b,l,
1525746426.499,0.99960000,34.06503000,b,m,
1525779898.3374,0.99880000,75.00000000,s,l,
1525805310.4775,1.00080000,34.04214000,b,m,
1525784677.7996,0.99920000,30.06675000,b,l,
1525738385.1997,0.99900000,0.00447314,s,l,
1525733361.8036,0.99960000,34.04936000,s,l,
1525744753.7441,0.99920000,34.06140000,s,l,
1525744753.7213,0.99970000,34.06298000,s,l,
1525784677.8988,0.99980000,34.07936000,b,l,
1525723058.6801,0.99950000,34.02470000,s,m,
1525777001.6161,0.99940000,74.98664200,b,l,
1525746859.1038,0.99890000,34.05478000,s,l,
1525792457.7153,1.00100000,0.02167974,b,l,
1525797488.4483,1.00100000,3.93424728,s,m,
1525790464.2075,0.99920000,30.06946000,b,l,
1525723058.6929,0.99940000,34.04206000,s,m,
1525744393.794,0.99980000,34.05743000,b,l,
1525792457.6972,1.00050000,32.88746733,b,l,
1525773803.3855,0.99900000,34.07151000,s,m,
1525721954.6341,0.99990000,26.55993490,b,l,
1525746426.4634,0.99960000,34.06503000,b,m,
1525784677.9015,0.99980000,34.07936000,b,l,
1525793413.2021,1.00100000,497.92622377,s,l,
1525744753.6481,0.99970000,34.06337000,s,l,
1525779353.2423,0.99910000,75.00000000,s,l,
1525727079.1826,0.99940000,34.02693000,s,m,
1525746859.1016,0.99890000,34.05478000,s,l,
1525792457.7279,1.00100000,324.58761553,b,l,
1525790464.2402,0.99920000,30.06946000,b,l,
1525793427.62,1.00100000,100.47567432,s,l,
1525722327.2846,0.99980000,34.03732000,s,m,
1525806532.3919,1.00080000,18.32783772,s,l,
1525721795.8767,0.99940000,1.82009708,s,m,
1525746426.4441,0.99880000,75.00000000,b,m,
1525790464.3583,0.99960000,1626.33673174,b,l,
1525746859.1059,0.99890000,34.05478000,s,l,
1525784101.1312,0.99860000,34.09377000,s,m,
1525736756.3759,0.99900000,0.00001808,s,m,
1525746859.2541,0.99890000,34.05478000,s,l,
1525778297.1513,0.99950000,34.07673000,s,l,
1525793455.9879,1.00100000,54.33566433,s,l,
1525778358.1446,0.99910000,34.07685000,s,l,
1525727671.9131,0.99990000,34.04260000,b,l,
1525767427.2907,0.99930000,33.11394000,b,m,
1525790464.3317,0.99920000,30.06946000,b,l,
1525752515.4383,0.99790000,30.07127000,s,l,
1525744753.7168,0.99970000,34.06337000,s,l,
1525792457.6542,0.99990000,25792.75428838,b,l,
1525744393.8718,0.99990000,34.05743000,b,l,
1525777348.6808,0.99950000,34.07386000,b,m,
1525784696.6267,0.99920000,34.11478000,s,l,
1525804675.1618,1.00020000,182.78000000,s,l,
1525792457.6729,1.00000000,299995.00000000,b,l,
1525787579.2588,0.99920000,34.14089000,s,m,
1525736756.3648,0.99940000,34.04795000,s,m,
1525738965.0883,0.99600000,18.00000000,s,m,
1525784677.8345,0.99980000,34.07740000,b,l,
1525746859.1106,0.99890000,34.05478000,s,l,
1525784018.1857,0.99950000,75.00000000,b,l,
1525736863.3072,0.99960000,34.05672000,b,l,
1525778358.116,0.99920000,34.07286000,s,l,
1525746859.1824,0.99890000,34.05478000,s,l,
1525727079.2076,0.99940000,34.02659000,s,m,
1525721795.8647,0.99980000,34.04686000,s,m,
1525787579.2113,0.99920000,34.14089000,s,m,
1525746887.7335,0.99820000,7076.38900000,s,l,
1525746426.6047,0.99960000,34.06503000,b,m,
1525744393.8201,0.99990000,34.05790000,b,l,
1525738965.076,0.99780000,3270.31343955,s,m,
1525738385.2039,0.99900000,0.00000002,s,l,
1525744753.5322,0.99970000,34.06337000,s,l,
1525746426.5435,0.99960000,34.06503000,b,m,
1525744393.8831,0.99990000,34.05743000,b,l,
1525746426.5609,0.99960000,34.06503000,b,m,
1525752810.5361,0.99760000,30.07127000,s,l,
1525738965.0936,0.99560000,43.44901205,s,m,
1525797488.4502,1.00100000,0.00785278,s,m,
1525767427.2823,0.99930000,33.11394000,b,m,
1525787579.1183,0.99930000,34.11447000,s,m,
1525744393.8976,0.99990000,34.05743000,b,l,
1525793566.2152,1.00100000,74.59026766,s,l,
1525721846.9322,0.99980000,34.04206000,b,l,
1525784677.8598,0.99980000,34.07936000,b,l,
1525740777.2508,0.99960000,34.05668000,b,l,
1525793575.9958,1.00100000,825.85070129,s,l,
1525744393.7908,0.99980000,34.05743000,b,l,
1525752810.5283,0.99760000,30.07127000,s,l,
1525778358.1381,0.99910000,34.07685000,s,l,
1525785393.4056,0.99940000,27.36600281,s,l,
1525798366.0233,1.00100000,23.88917835,s,m,
1525780003.9956,0.99770000,12926.38900000,s,l,
1525778297.1758,0.99950000,34.07673000,s,l,
1525736756.3581,0.99940000,34.04795000,s,m,
1525787579.154,0.99930000,34.14089000,s,m,
1525721795.8694,0.99980000,34.04686000,s,m,
1525746859.2113,0.99890000,34.05478000,s,l,
1525778121.061,0.99980000,34.05499000,b,l,
1525744393.8417,0.99990000,34.05790000,b,l,
1525784766.3746,0.99940000,75.00000000,s,l,
1525793616.1798,1.00100000,1988.01000000,s,l,
1525721523.5577,1.00000000,486.20969980,b,l,
1525778121.0355,0.99980000,34.05499000,b,l,
1525723278.9885,0.99930000,31.97600000,s,l,
1525774878.7052,0.99950000,34.07386000,b,m,
1525757916.3515,0.99800000,30.07368000,b,l,
1525723279.0649,0.99910000,34.04470000,s,l,
1525785437.6592,0.99940000,36.77388983,s,l,
1525721523.5601,1.00000000,0.97030020,b,l,
1525778121.0214,0.99980000,30.73112405,b,l,
1525744753.7376,0.99920000,34.06140000,s,l,
1525778118.2309,0.99950000,34.07386000,b,l,
1525738965.0734,0.99800000,14089.75967780,s,m,
1525787579.2432,0.99920000,34.14089000,s,m,
1525779353.2626,0.99900000,34.08177000,s,l,
1525744393.9192,1.00000000,206886.02500000,b,l,
1525790464.3535,0.99920000,30.06946000,b,l,
1525787579.2619,0.99920000,34.14089000,s,m,
1525746426.5751,0.99960000,34.06503000,b,m,
1525771754.3956,0.99940000,34.05097000,s,m,
1525778726.4455,0.99860000,30.06615000,b,m,
1525778121.0327,0.99980000,34.05499000,b,l,
1525784677.8777,0.99980000,34.07936000,b,l,
1525773803.3878,0.99900000,30.67204927,s,m,
1525797764.2801,1.00100000,76.45627930,s,l,
1525770174.0368,0.99990000,34.08790000,b,l,
1525723058.6676,0.99980000,34.02425000,s,m,
1525746859.1174,0.99890000,34.05478000,s,l,
1525770429.7566,0.99950000,0.18924228,s,m,
1525727079.1636,0.99940000,34.02693000,s,m,
1525721846.9098,0.99980000,34.04206000,b,l,
1525727079.2331,0.99940000,34.02659000,s,m,
1525778358.0913,0.99920000,34.07432000,s,l,
1525787579.3,0.99920000,34.14089000,s,m,
1525746426.4828,0.99960000,34.06503000,b,m,
1525744393.7607,0.99980000,34.05743000,b,l,
1525723058.6455,0.99980000,34.02435000,s,m,
1525790464.2351,0.99920000,30.06946000,b,l,
1525779353.2328,0.99910000,75.00000000,s,l,
1525744753.7629,0.99880000,3556.35077092,s,l,
1525778726.4404,0.99860000,30.06615000,b,m,
1525778297.2041,0.99950000,34.07673000,s,l,
1525730641.9936,0.99990000,34.04815000,b,l,
1525746859.235,0.99890000,34.05478000,s,l,
1525779353.281,0.99900000,34.08177000,s,l,
1525744753.7191,0.99970000,34.06298000,s,l,
1525727079.2882,0.99940000,34.02897000,s,m,
1525744393.7718,0.99980000,34.05743000,b,l,
1525746859.1374,0.99890000,34.05478000,s,l,
1525744393.827,0.99990000,34.05790000,b,l,
1525746859.2089,0.99890000,34.05478000,s,l,
1525736756.3721,0.99900000,4.53976548,s,m,
1525727672.0292,1.00000000,459.57180000,b,l,
1525777348.6836,0.99950000,34.07386000,b,m,
1525727079.1772,0.99940000,34.02693000,s,m,
1525740777.2289,0.99960000,34.05743000,b,l,
1525773803.2945,0.99960000,75.00000000,s,m,
1525730807.6857,1.00000000,423.93100000,b,l,
1525767427.2779,0.99930000,33.11394000,b,m,
1525788203.6373,0.99870000,243.70000000,s,l,
1525728577.289,0.99940000,34.04795000,s,m,
1525737051.0965,0.99960000,34.05790000,s,m,
1525723279.0141,0.99930000,34.03531000,s,l,
1525746426.5706,0.99960000,34.06503000,b,m,
1525744393.8485,0.99990000,34.05790000,b,l,
1525793760.736,1.00100000,45.02413838,s,l,
1525784677.7706,0.99920000,30.06675000,b,l,
1525733361.8616,0.99960000,34.04614000,s,l,
1525752810.5385,0.99760000,30.07127000,s,l,
1525752811.4669,0.99800000,14.85746000,s,l,
1525744393.8672,0.99990000,34.05743000,b,l,
1525784677.8752,0.99980000,34.07936000,b,l,
1525727671.9552,0.99990000,34.04260000,b,l,
1525772769.0892,0.99950000,24.05848020,s,l,
1525773803.3325,0.99910000,34.07476000,s,m,
1525773803.3459,0.99910000,34.07476000,s,m,
1525725363.0555,0.99930000,34.03732000,b,m,
1525746426.5632,0.99960000,34.06503000,b,m,
1525746859.2566,0.99890000,34.05478000,s,l,
1525806261.3221,1.00080000,34.04224000,b,m,
1525790464.1757,0.99910000,14089.75967780,b,l,
1525727079.2025,0.99940000,34.02693000,s,m,
1525743670.1078,0.99960000,0.00228626,s,m,
1525787579.2062,0.99920000,34.14089000,s,m,
1525747401.6088,0.99740000,1000.00000000,b,l,
1525723279.0515,0.99910000,34.04470000,s,l,
1525740561.4538,0.99880000,75.00000000,b,l,
1525727079.1719,0.99940000,34.02693000,s,m,
1525790464.2425,0.99920000,30.06946000,b,l,
1525804142.1529,1.00090000,34.04157000,s,l,
1525727671.9687,0.99990000,34.04260000,b,l,
1525787579.1425,0.99930000,34.14089000,s,m,
1525723058.656,0.99980000,34.02435000,s,m,
1525771754.4135,0.99940000,34.05097000,s,m,
1525784677.9433,0.99980000,34.07931000,b,l,
1525730822.7561,1.00000000,172.30500000,b,l,
1525746889.7693,0.99810000,20.03807232,s,l,
1525747402.4956,0.99740000,1000.00000000,b,l,
1525787579.279,0.99920000,34.14089000,s,m,
1525728577.2698,0.99940000,34.04795000,s,m,
1525804173.5101,1.00090000,34.04089000,s,l,
1525725362.9419,0.99930000,34.03732000,b,m,
1525761203.7674,0.99860000,33.60092000,b,l,
1525725363.0525,0.99930000,34.03732000,b,m,
1525778647.5382,0.99780000,33.60246000,s,m,
1525723279.0541,0.99910000,34.04470000,s,l,
1525803467.6018,1.00110000,0.00000008,s,m,
1525744393.844,0.99990000,34.05790000,b,l,
1525784677.9552,0.99980000,63.96006595,b,l,
1525744753.7259,0.99970000,34.06298000,s,l,
1525782028.1134,0.99880000,34.08890000,b,m,
1525746426.6072,0.99960000,34.06503000,b,m,
1525804142.1631,1.00090000,3.94193000,s,l,
1525790464.2246,0.99920000,30.06946000,b,l,
1525733361.811,0.99960000,34.04936000,s,l,
1525744753.5347,0.99970000,34.06337000,s,l,
1525784677.807,0.99920000,30.06675000,b,l,
1525773803.3523,0.99910000,34.07476000,s,m,
1525725362.9761,0.99930000,34.03732000,b,m,
1525746426.6212,0.99960000,34.06503000,b,m,
1525805310.4703,1.00080000,34.04214000,b,m,
1525781600.4213,0.99880000,48.69387000,b,l,
1525744753.5247,0.99970000,34.06649000,s,l,
1525781606.2377,0.99860000,31.03525207,s,l,
1525746426.5774,0.99960000,34.06503000,b,m,
1525745170.6676,0.99890000,75.00000000,s,m,
1525792457.6596,0.99990000,2493.99279135,b,l,
1525770429.7634,0.99950000,0.00037772,s,m,
1525746859.1128,0.99890000,34.05478000,s,l,
1525744753.6801,0.99970000,34.06337000,s,l,
1525740561.464,0.99890000,75.00000000,b,l,
1525746859.2466,0.99890000,34.05478000,s,l,
1525727079.3445,0.99900000,0.00000013,s,m,
1525773803.3214,0.99910000,34.07476000,s,m,
1525744753.6915,0.99970000,34.06337000,s,l,
1525746426.5194,0.99960000,34.06503000,b,m,
1525792457.7135,1.00100000,10.86154931,b,l,
1525725363.1057,0.99990000,34.02725000,b,m,
1525744753.5413,0.99970000,34.06337000,s,l,
1525773803.3303,0.99910000,34.07476000,s,m,
1525747464.1768,0.99700000,6000.00000000,s,l,
1525727671.9438,0.99990000,34.04260000,b,l,
1525746426.6096,0.99960000,34.06503000,b,m,
1525784677.7924,0.99920000,30.06675000,b,l,
1525725363.0619,0.99930000,34.03732000,b,m,
1525744393.7745,0.99980000,34.05743000,b,l,
1525727079.3167,0.99940000,34.02897000,s,m,
1525806234.3855,1.00070000,43.10880072,b,l,
1525721795.8625,0.99980000,34.04686000,s,m,
1525727671.9391,0.99990000,34.04260000,b,l,
1525770164.6815,0.99930000,33.60092000,b,l,
1525784677.8806,0.99980000,34.07936000,b,l,
1525744753.7773,0.99810000,9299.84673388,s,l,
1525784101.1284,0.99860000,34.08890000,s,m,
1525806251.5765,1.00060000,75.00000000,s,l,
1525722505.6523,0.99980000,34.02470000,b,l,
1525727671.9989,0.99990000,34.04260000,b,l,
1525761199.092,0.99810000,75.00000000,b,l,
1525787579.1626,0.99930000,34.14089000,s,m,
1525756104.9073,0.99780000,75.00000000,b,l,
1525761203.7739,0.99900000,2089.69414546,b,l,
1525733361.8513,0.99960000,34.04946000,s,l,
1525806261.3198,1.00080000,34.04224000,b,m,
1525728438.0715,0.99950000,446.14300000,s,l,
1525722505.6548,0.99980000,34.02470000,b,l,
1525787579.2823,0.99920000,34.14089000,s,m,
1525725363.0649,0.99930000,34.03732000,b,m,
1525744393.8224,0.99990000,34.05790000,b,l,
1525746859.1674,0.99890000,34.05478000,s,l,
1525757916.3638,0.99800000,33.60246000,b,l,
1525761215.5756,0.99920000,75.00000000,b,l,
1525790464.3513,0.99920000,30.06946000,b,l,
1525737051.099,0.99960000,34.05790000,s,m,
1525727079.2383,0.99940000,34.02659000,s,m,
1525728458.3144,0.99950000,5177.78400000,s,l,
1525746426.5729,0.99960000,34.06503000,b,m,
1525744393.8508,0.99990000,34.05790000,b,l,
1525777348.678,0.99950000,34.07386000,b,m,
1525804142.0547,1.00100000,34.04041000,s,l,
1525780003.9923,0.99810000,75.00000000,s,l,
1525727079.257,0.99940000,34.02723000,s,m,
1525778647.5546,0.99770000,0.00000235,s,m,
1525804173.515,1.00090000,34.04089000,s,l,
1525804142.0477,1.00100000,34.04041000,s,l,
1525778297.2138,0.99950000,34.07673000,s,l,
1525744393.8695,0.99990000,34.05743000,b,l,
1525778726.4327,0.99860000,30.06615000,b,m,
1525784101.1866,0.99820000,34.08937000,s,m,
1525780906.6668,0.99830000,75.00000000,s,l,
1525784677.8317,0.99980000,34.07740000,b,l,
1525725363.1236,0.99990000,34.02725000,b,m,
1525761254.4227,0.99920000,75.00000000,b,l,
1525740777.2333,0.99960000,34.05668000,b,l,
1525780007.177,0.99780000,13076.38900000,s,l,
1525736863.3268,0.99980000,81.74015656,b,l,
1525778358.1475,0.99910000,34.07685000,s,l,
1525736756.3489,0.99940000,34.04795000,s,m,
1525794039.5638,1.00100000,107.97346653,s,l,
1525746426.6243,0.99990000,2500.00000000,b,m,
1525723058.7021,0.99930000,34.03531000,s,m,
1525733361.8561,0.99960000,34.04946000,s,l,
1525744753.7723,0.99860000,34.05938000,s,l,
1525766777.1221,0.99910000,1.86878589,s,l,
1525777348.6638,0.99950000,34.07386000,b,m,
1525778647.5499,0.99770000,0.58814335,s,m,
1525746859.2067,0.99890000,34.05478000,s,l,
1525777348.6408,0.99940000,75.00000000,b,m,
1525780962.5556,0.99920000,75.00000000,b,l,
1525727079.3047,0.99940000,34.02897000,s,m,
1525792457.6954,1.00050000,111.03296703,b,l,
1525773803.3595,0.99910000,34.07341000,s,m,
1525723058.6951,0.99940000,34.04206000,s,m,
1525803467.5946,1.00110000,9.98003992,s,m,
1525774878.6991,0.99940000,75.00000000,b,m,
1525725363.1489,0.99990000,34.02725000,b,m,
1525727079.2786,0.99940000,34.02897000,s,m,
1525780892.6181,0.99860000,0.00005600,b,l,
1525761203.7652,0.99860000,33.60092000,b,l,
1525761322.7827,0.99910000,13076.38900000,b,l,
1525761323.7466,0.99910000,1013.37067780,b,l,
1525746859.2616,0.99890000,34.05478000,s,l,
1525746426.5012,0.99960000,34.06503000,b,m,
1525777715.437,0.99940000,75.00000000,s,l,
1525736756.3302,0.99960000,34.05148000,s,m,
1525744753.7058,0.99970000,34.06337000,s,l,
1525721795.8526,0.99980000,34.04686000,s,m,
1525744753.6383,0.99970000,34.06337000,s,l,
1525728577.2674,0.99940000,34.04795000,s,m,
1525733361.8228,0.99960000,34.04936000,s,l,
1525727079.2488,0.99940000,34.02659000,s,m,
1525746426.4587,0.99950000,9311.00650986,b,m,
1525730871.6847,0.99960000,5.44195000,s,l,
1525806261.3289,1.00080000,34.04224000,b,m,
1525784101.2032,0.99760000,2212.77021329,s,m,
1525806261.3244,1.00080000,34.04224000,b,m,
1525727079.205,0.99940000,34.02693000,s,m,
1525741721.0669,0.99960000,7152.74697952,b,l,
1525778647.5272,0.99800000,33.60176000,s,m,
1525722505.6905,0.99990000,0.55572510,b,l,
1525784677.8422,0.99980000,34.07740000,b,l,
1525725363.1117,0.99990000,34.02725000,b,m,
1525744753.7572,0.99880000,1182.30968922,s,l,
1525738385.1904,0.99930000,75.00000000,s,l,
1525723279.0015,0.99930000,34.03531000,s,l,
1525747464.1578,0.99710000,474.73200000,s,l,
1525737051.113,0.99900000,0.00069506,s,m,
1525790464.1809,0.99920000,33.12803000,b,l,
1525747413.2065,0.99720000,483.77400000,s,l,
1525725363.1304,0.99990000,34.02725000,b,m,
1525740918.7358,0.99950000,37.50000000,b,l,
1525792457.6508,0.99970000,18.84598879,b,l,
1525721850.8389,1.00000000,13076.38900000,b,l,
1525781881.3537,0.99870000,74.99870840,b,l,
1525766777.1148,0.99910000,1559.19036025,s,l,
1525778647.5356,0.99780000,33.60246000,s,m,
1525778121.0535,0.99980000,34.05499000,b,l,
1525784677.7947,0.99920000,30.06675000,b,l,
1525721846.9125,0.99980000,34.04206000,b,l,
1525727079.2514,0.99940000,34.02659000,s,m,
1525723058.6998,0.99940000,34.04206000,s,m,
1525757916.3587,0.99800000,30.07368000,b,l,
1525727079.2835,0.99940000,34.02897000,s,m,
1525721846.9152,0.99980000,34.04206000,b,l,
1525777987.5549,0.99940000,0.00081670,s,m,
1525727079.2303,0.99940000,34.02659000,s,m,
1525779353.2672,0.99900000,34.08177000,s,l,
1525787579.3287,0.99760000,25459.22978671,s,m,
1525740777.2311,0.99960000,34.05743000,b,l,
1525736863.3169,0.99960000,34.05672000,b,l,
1525771754.3827,0.99960000,75.00000000,s,m,
1525778297.1281,0.99960000,75.00000000,s,l,
1525721795.8669,0.99980000,34.04686000,s,m,
1525722505.6451,0.99980000,34.02470000,b,l,
1525746859.1249,0.99890000,34.05478000,s,l,
1525747415.7956,0.99720000,1000.00000000,b,l,
1525779353.2717,0.99900000,34.08177000,s,l,
1525790464.3135,0.99920000,30.06946000,b,l,
1525787579.228,0.99920000,34.14089000,s,m,
1525746859.2698,0.99880000,6.00720865,s,l,
1525727079.2229,0.99940000,34.02659000,s,m,
1525725363.0826,0.99930000,34.03732000,b,m,
1525784677.907,0.99980000,34.07936000,b,l,
1525744393.7545,0.99970000,37.50000000,b,l,
1525744393.813,0.99990000,34.05672000,b,l,
1525736756.3325,0.99960000,34.05148000,s,m,
1525733361.8686,0.99940000,9.75496000,s,l,
1525744753.7527,0.99920000,34.06140000,s,l,
1525727079.2593,0.99940000,34.02897000,s,m,
1525740777.2464,0.99960000,34.05668000,b,l,
1525780044.1984,0.99810000,30.06795000,b,l,
1525747416.4066,0.99720000,1000.00000000,b,l,
1525790464.215,0.99920000,30.06946000,b,l,
1525806550.611,1.00080000,17.19300559,s,l,
1525740918.7391,0.99960000,4347.36024410,b,l,
1525727671.9239,0.99990000,34.04260000,b,l,
1525798366.0591,1.00100000,0.00003866,s,m,
1525782096.113,0.99870000,22.77735781,s,l,
1525725363.0914,0.99930000,34.03732000,b,m,
1525727079.167,0.99940000,34.02693000,s,m,
1525733361.8467,0.99960000,34.04946000,s,l,
1525787579.1483,0.99930000,34.14089000,s,m,
1525773803.3547,0.99910000,34.07341000,s,m,
1525721795.8789,0.99940000,0.00356799,s,m,
1525746859.1325,0.99890000,34.05478000,s,l,
1525730641.9862,0.99990000,34.04815000,b,l,
1525784677.8911,0.99980000,34.07936000,b,l,
1525790464.2539,0.99920000,30.06946000,b,l,
1525782002.0782,0.99870000,398.48370000,b,l,
1525779353.2761,0.99900000,34.08177000,s,l,
1525805310.444,1.00050000,75.00000000,b,m,
1525805310.4898,1.00080000,34.04214000,b,m,
1525725363.0989,0.99990000,34.02725000,b,m,
1525727672.0102,0.99990000,34.04260000,b,l,
1525727079.2954,0.99940000,34.02897000,s,m,
1525784101.1771,0.99820000,34.02720880,s,m,
1525773803.3416,0.99910000,34.07476000,s,m,
1525777922.5425,0.99940000,75.00000000,b,l,
1525744753.6353,0.99970000,34.06337000,s,l,
1525773803.305,0.99950000,75.00000000,s,m,
1525784677.7762,0.99920000,30.06675000,b,l,
1525744753.6249,0.99970000,34.06337000,s,l,
1525773803.3394,0.99910000,34.07476000,s,m,
1525723279.0084,0.99930000,34.03531000,s,l,
1525782028.1035,0.99880000,34.08846000,b,m,
1525746859.2678,0.99880000,2500.00000000,s,l,
1525798366.0569,1.00100000,0.04768299,s,m,
1525752810.543,0.99760000,30.07127000,s,l,
1525803467.5978,1.00110000,0.01992024,s,m,
1525745170.6536,0.99900000,75.00000000,s,m,
1525741721.0865,0.99960000,34.06140000,b,l,
1525737051.1061,0.99960000,34.05790000,s,m,
1525794393.4518,1.00100000,23.38973026,s,l,
1525804142.0629,1.00100000,75.00000000,s,l,
1525761203.7695,0.99860000,33.60092000,b,l,
1525746426.4681,0.99960000,34.06503000,b,m,
1525746859.2016,0.99890000,34.05478000,s,l,
1525771754.3979,0.99940000,34.05097000,s,m,
1525784677.9181,0.99980000,34.07936000,b,l,
1525778118.2275,0.99950000,34.07386000,b,l,
1525737051.1036,0.99960000,34.05790000,s,m,
1525771754.4202,0.99940000,34.05097000,s,m,
1525790464.347,0.99920000,30.06946000,b,l,
1525727079.1746,0.99940000,34.02693000,s,m,
1525773803.3372,0.99910000,34.07476000,s,m,
1525721846.9349,0.99980000,34.04206000,b,l,
1525784677.8519,0.99980000,34.07936000,b,l,
1525778726.4292,0.99850000,75.00000000,b,m,
1525746874.4147,0.99860000,75.00000000,s,l,
1525790464.2772,0.99920000,30.06946000,b,l,
1525780063.0967,0.99880000,30.06795020,b,l,
1525779353.2695,0.99900000,34.08177000,s,l,
1525741721.0716,0.99960000,2.85995481,b,l,
1525744753.6889,0.99970000,34.06337000,s,l,
1525777987.5525,0.99940000,0.45697307,s,m,
1525747420.1869,0.99710000,6000.00000000,s,l,
1525773895.3452,0.99940000,74.99084000,b,l,
1525725363.1536,0.99990000,34.02725000,b,m,
1525723279.0673,0.99910000,34.04470000,s,l,
1525722501.1262,0.99950000,0.00000008,s,l,
1525790464.2174,0.99920000,30.06946000,b,l,
1525794339.4891,1.00100000,33.07513936,s,l,
1525806261.3436,1.00100000,214.77054839,b,m,
1525727671.98,0.99990000,34.04260000,b,l,
1525722327.2815,0.99980000,34.03732000,s,m,
1525792457.6568,0.99990000,6.00720865,b,l,
1525778121.0406,0.99980000,34.05499000,b,l,
1525787579.2651,0.99920000,34.14089000,s,m,
1525784101.1889,0.99820000,34.08937000,s,m,
1525737051.115,0.99900000,0.00000139,s,m,
1525805310.4596,1.00080000,34.04214000,b,m,
1525787579.2257,0.99920000,34.14089000,s,m,
1525744753.663,0.99970000,34.06337000,s,l,
1525744753.6532,0.99970000,34.06337000,s,l,
1525727079.2624,0.99940000,34.02897000,s,m,
1525738965.0653,0.99850000,13.01346000,s,m,
1525782124.1794,0.99960000,0.00001427,b,l,
1525730641.9795,0.99990000,34.04815000,b,l,
1525792457.6384,0.99880000,75.00000000,b,l,
1525784677.8371,0.99980000,34.07740000,b,l,
1525723058.6855,0.99950000,34.02470000,s,m,
1525773803.3438,0.99910000,34.07476000,s,m,
1525746426.508,0.99960000,34.06503000,b,m,
1525790464.1982,0.99920000,30.06946000,b,l,
1525744753.7484,0.99920000,34.06140000,s,l,
1525722501.1191,0.99950000,33.62640000,s,l,
1525778121.0488,0.99980000,34.05499000,b,l,
1525782124.1719,0.99940000,34.08956000,b,l,
1525771754.4067,0.99940000,34.05097000,s,m,
1525747559.2277,0.99730000,30.11081000,b,l,
1525722327.2765,0.99980000,34.04526000,s,m,
1525777348.6473,0.99950000,34.07386000,b,m,
1525723279.0364,0.99930000,34.03531000,s,l,
1525727671.9102,0.99990000,34.04260000,b,l,
1525722327.2696,0.99980000,34.04526000,s,m,
1525746426.4749,0.99960000,34.06503000,b,m,
1525761199.0988,0.99830000,33.60092000,b,l,
1525798575.2537,1.00110000,859.49405654,b,m,
1525773803.3572,0.99910000,34.07341000,s,m,
1525740777.2266,0.99950000,565.70335989,b,l,
1525744753.755,0.99920000,34.05721000,s,l,
1525747248.2746,0.99700000,0.00000064,s,m,
1525738965.0678,0.99840000,13.01346000,s,m,
1525787579.1981,0.99920000,34.05976892,s,m,
1525778297.1638,0.99950000,34.07673000,s,l,
1525767427.28,0.99930000,33.11394000,b,m,
1525780009.0765,0.99780000,1013.37067780,s,l,
1525777348.661,0.99950000,34.07386000,b,m,
1525790464.286,0.99920000,30.06946000,b,l,
1525746426.5218,0.99960000,34.06503000,b,m,
1525725362.9897,0.99930000,34.03732000,b,m,
1525778118.2629,0.99980000,3.32386595,b,l,
1525778121.0636,0.99980000,34.05499000,b,l,
1525727671.9262,0.99990000,34.04260000,b,l,
1525805310.4728,1.00080000,34.04214000,b,m,
1525780719.0179,0.99850000,75.00000000,b,l,
1525786326.17,0.99940000,74.99890000,b,l,
1525733361.8184,0.99960000,34.04936000,s,l,
1525804173.5176,1.00090000,34.04089000,s,l,
1525794523.4139,1.00100000,96.62109890,s,l,
1525746426.5888,0.99960000,34.06503000,b,m,
1525746859.1973,0.99890000,34.05478000,s,l,
1525778118.2561,0.99950000,34.07386000,b,l,
1525750153.1552,0.99750000,1.42100000,s,m,
1525790464.1958,0.99920000,31.26117000,b,l,
1525778726.4353,0.99860000,30.06615000,b,m,
1525727079.2906,0.99940000,34.02897000,s,m,
1525802727.8718,1.00110000,139.14180938,s,l,
1525784101.1336,0.99860000,34.09377000,s,m,
1525794541.2276,1.00100000,327.72110889,s,l,
1525723058.6405,0.99980000,34.02435000,s,m,
1525778358.0939,0.99920000,34.07286000,s,l,
1525725363.1395,0.99990000,34.02725000,b,m,
1525729720.4375,0.99940000,10.71925000,s,l,
1525790800.123,0.99860000,34.15387000,s,m,
1525782028.1281,0.99940000,34.08463000,b,m,
1525744393.8369,0.99990000,34.05790000,b,l,
1525777348.6526,0.99950000,34.07386000,b,m,
1525790464.2325,0.99920000,30.06946000,b,l,
1525794561.0599,1.00100000,146.55344655,s,l,
1525792457.7351,1.00100000,0.00444837,b,l,
1525778121.0298,0.99980000,34.05499000,b,l,
1525777348.6552,0.99950000,34.07386000,b,m,
1525784101.1435,0.99860000,34.09377000,s,m,
1525794571.034,1.00100000,16.12043956,s,l,
1525746426.4704,0.99960000,34.06503000,b,m,
1525784677.7733,0.99920000,30.06675000,b,l,
1525746859.1399,0.99890000,34.05478000,s,l,
1525794578.0577,1.00100000,16.12043956,s,l,
1525804675.1593,1.00030000,75.00000000,s,l,
1525744753.6703,0.99970000,34.06337000,s,l,
1525792457.7327,1.00100000,2.26153716,b,l,
1525723279.0797,0.99910000,0.00000012,s,l,
1525790464.2929,0.99920000,30.06946000,b,l,
1525723439.2109,0.99910000,903.28367172,s,l,
1525771754.3911,0.99940000,34.05097000,s,m,
1525730641.9977,1.00000000,6.25075000,b,l,
1525761203.7717,0.99860000,33.60092000,b,l,
1525746859.228,0.99890000,34.05478000,s,l,
1525804173.5054,1.00090000,30.09896000,s,l,
1525746859.2164,0.99890000,34.05478000,s,l,
1525780980.9459,0.99830000,11.84746333,s,l,
1525746426.584,0.99960000,34.06503000,b,m,
1525773803.348,0.99910000,34.07476000,s,m,
1525780719.0262,0.99870000,30.06584000,b,l,
1525794609.7231,1.00100000,15.38664335,s,l,
1525787579.1365,0.99930000,34.14089000,s,m,
1525733361.859,0.99960000,105.00000000,s,l,
1525798709.5809,1.00100000,60.94297562,s,l,
1525727079.3122,0.99940000,34.02897000,s,m,
1525804576.6907,1.00050000,74.92404797,s,l,
1525727079.2813,0.99940000,34.02897000,s,m,
1525784677.8155,0.99980000,34.05522000,b,l,
1525725362.9982,0.99930000,34.03732000,b,m,
1525727671.918,0.99990000,34.04260000,b,l,
1525790464.1732,0.99850000,75.00000000,b,l,
1525744753.6993,0.99970000,34.06337000,s,l,
1525778358.1635,0.99900000,34.07151000,s,l,
1525765959.9191,0.99920000,51.00000000,b,m,
1525723279.0061,0.99930000,34.03531000,s,l,
1525806261.3485,1.00100000,268.16899012,b,m,
1525746859.2516,0.99890000,34.05478000,s,l,
1525723058.6584,0.99980000,34.02435000,s,m,
1525725363.0501,0.99930000,34.03732000,b,m,
1525727671.989,0.99990000,34.04260000,b,l,
1525723058.6352,0.99980000,34.02435000,s,m,
1525723279.0201,0.99930000,34.03531000,s,l,
1525741721.0744,0.99960000,0.00114352,b,l,
1525723279.0439,0.99910000,34.04470000,s,l,
1525727671.9731,0.99990000,34.04260000,b,l,
1525721523.5632,1.00000000,12450.67675928,b,l,
1525727079.3412,0.99900000,0.03194963,s,m,
1525723279.0388,0.99910000,34.04470000,s,l,
1525723058.6608,0.99980000,34.02425000,s,m,
1525721526.757,1.00000000,3061.74916600,b,l,
1525778118.2358,0.99950000,34.07386000,b,l,
1525790464.263,0.99920000,30.06946000,b,l,
1525744753.7283,0.99970000,34.06298000,s,l,
1525747248.2686,0.99700000,79.84031936,s,m,
1525778647.5415,0.99780000,33.60101000,s,m,
1525778297.178,0.99950000,34.07673000,s,l,
1525778299.0515,0.99930000,800.27740284,s,l,
1525798780.5132,1.00100000,59.11448551,s,l,
1525752810.523,0.99760000,2444.79107000,s,l,
1525778726.4551,0.99860000,30.06615000,b,m,
1525778297.1488,0.99950000,34.07673000,s,l,
1525770164.6742,0.99930000,33.60092000,b,l,
1525784677.8721,0.99980000,34.07936000,b,l,
1525744753.6845,0.99970000,34.06337000,s,l,
1525727079.1911,0.99940000,34.02693000,s,m,
1525792457.6667,1.00000000,134723.69630000,b,l,
1525723279.0314,0.99930000,34.03531000,s,l,
1525723058.7115,0.99930000,34.03531000,s,m,
1525727671.9576,0.99990000,34.04260000,b,l,
1525747431.6053,0.99670000,1000.00000000,b,l,
1525727079.2159,0.99940000,34.02659000,s,m,
1525784677.9211,0.99980000,34.07936000,b,l,
1525787579.1396,0.99930000,34.14089000,s,m,
1525744393.8809,0.99990000,34.05743000,b,l,
1525806261.351,1.00110000,1935.72059151,b,m,
1525784677.7845,0.99920000,30.06675000,b,l,
1525727671.9641,0.99990000,34.04260000,b,l,
1525778297.2018,0.99950000,34.07673000,s,l,
1525730641.9771,0.99990000,34.04815000,b,l,
1525744393.9165,1.00000000,22496.87759824,b,l,
1525778297.2068,0.99950000,34.07673000,s,l,
1525767427.2687,0.99930000,33.11394000,b,m,
1525784677.9459,0.99980000,34.07931000,b,l,
1525770429.7458,0.99960000,75.00000000,s,m,
1525770164.6641,0.99930000,33.60092000,b,l,
1525778358.1071,0.99920000,34.07286000,s,l,
1525721518.8522,1.00000000,3290.20055928,b,l,
1525797488.4389,1.00100000,1971.05788423,s,m,
1525782002.0726,0.99870000,75.00000000,b,l,
1525744393.8744,0.99990000,34.05743000,b,l,
1525727671.9285,0.99990000,34.04260000,b,l,
1525770174.0308,0.99980000,955.72219419,b,l,
1525736756.3738,0.99900000,0.00906141,s,m,
1525770177.1008,0.99990000,13076.38900000,b,l,
1525725362.9956,0.99930000,34.03732000,b,m,
1525725362.9706,0.99930000,34.03732000,b,m,
1525740777.2243,0.99950000,565.70335989,b,l,
1525787579.2378,0.99920000,34.14089000,s,m,
1525778121.0383,0.99980000,34.05499000,b,l,
1525727671.9024,0.99990000,34.04260000,b,l,
1525730641.9597,0.99990000,34.04815000,b,l,
1525727079.3377,0.99900000,8019.38889222,s,m,
1525744393.8949,0.99990000,34.05743000,b,l,
1525778647.5239,0.99810000,33.59966000,s,m,
1525784101.1131,0.99920000,75.00000000,s,m,
1525757916.3561,0.99800000,30.07368000,b,l,
1525801206.4986,1.00120000,0.42350000,b,m,
1525767427.2664,0.99930000,33.11394000,b,m,
1525784677.9348,0.99980000,34.07936000,b,l,
1525725363.1418,0.99990000,34.02725000,b,m,
1525733361.8136,0.99960000,34.04936000,s,l,
1525770164.6532,0.99930000,12.71976000,b,l,
1525792457.7023,1.00050000,200.00000000,b,l,
1525787579.2705,0.99920000,34.14089000,s,m,
1525729720.4422,0.99940000,34.04795000,s,l,
1525746859.1698,0.99890000,34.05478000,s,l,
1525777348.6664,0.99950000,34.07386000,b,m,
1525784677.8263,0.99980000,34.07740000,b,l,
1525733361.8429,0.99960000,34.04946000,s,l,
1525778358.078,0.99950000,34.07740000,s,l,
1525721795.8577,0.99980000,34.04686000,s,m,
1525787579.1819,0.99930000,34.14089000,s,m,
1525725363.1605,1.00000000,34.02435000,b,m,
1525721846.9385,1.00000000,12735.96840000,b,l,
1525746426.4727,0.99960000,34.06503000,b,m,
1525727671.9314,0.99990000,34.04260000,b,l,
1525774334.7017,0.99920000,47.86378508,s,l,
1525757952.4591,0.99800000,33.60101000,b,l,
1525723058.6377,0.99980000,34.02435000,s,m,
1525727079.2542,0.99940000,34.02723000,s,m,
1525723058.6701,0.99980000,34.02425000,s,m,
1525757916.3539,0.99800000,30.07368000,b,l,
1525723279.0602,0.99910000,34.04470000,s,l,
1525804142.0501,1.00100000,34.04041000,s,l,
1525792581.0991,1.00100000,130.17828171,s,l,
1525792457.6912,1.00050000,103.34645041,b,l,
1525804142.0571,1.00100000,34.04041000,s,l,
1525738385.1926,0.99920000,75.00000000,s,l,
1525723058.6748,0.99950000,11.94066000,s,m,
1525757985.7934,0.99820000,75.00000000,b,m,
1525727671.946,0.99990000,34.04260000,b,l,
1525794856.7985,1.00110000,799.50099800,s,m,
1525777715.4474,0.99940000,75.00000000,s,l,
1525728577.2864,0.99940000,34.04795000,s,m,
1525722327.3051,0.99950000,0.41886000,s,m,
1525787579.3214,0.99780000,34.11478000,s,m,
1525778299.0444,0.99940000,10683.66633000,s,l,
1525721795.86,0.99980000,34.04686000,s,m,
1525803063.4865,1.00120000,1002.00500000,b,m,
1525778647.5304,0.99800000,33.60176000,s,m,
1525725363.1371,0.99990000,34.02725000,b,m,
1525784101.1916,0.99790000,485.59502000,s,m,
1525787579.1683,0.99930000,34.14089000,s,m,
1525778507.8297,0.99930000,1991.69968978,b,l,
1525721523.552,1.00000000,0.00039760,b,l,
1525790800.1117,0.99890000,75.00000000,s,m,
1525777348.6247,0.99940000,75.00000000,b,m,
1525725363.156,1.00000000,34.04526000,b,m,
1525744753.7791,0.99810000,11.14644035,s,l,
1525723279.0411,0.99910000,34.04470000,s,l,
1525736756.3778,0.99900000,0.00000004,s,m,
1525784101.146,0.99860000,34.09377000,s,m,
1525794908.4026,1.00110000,732.66406952,s,l,
1525740777.2536,0.99960000,10308.52262022,b,l,
1525744753.6437,0.99970000,34.06337000,s,l,
1525740561.4615,0.99880000,14089.75967780,b,l,
1525747388.6557,0.99770000,75.00000000,s,l,
1525804142.1485,1.00090000,34.04157000,s,l,
1525792457.7042,1.00050000,324.58761553,b,l,
1525784101.1212,0.99880000,34.09568000,s,m,
1525773803.3618,0.99910000,34.07341000,s,m,
1525773803.3107,0.99940000,34.05522000,s,m,
1525727672.0262,0.99990000,34.04260000,b,l,
1525746426.5056,0.99960000,34.06503000,b,m,
1525746426.5367,0.99960000,34.06503000,b,m,
1525774878.7076,0.99950000,34.07386000,b,m,
1525721451.7736,1.00000000,37.43546540,b,l,
1525733361.7943,0.99960000,6.83926000,s,l,
1525799047.3344,1.00110000,767.20000000,b,m,
1525757985.7986,0.99830000,33.60092000,b,m,
1525746426.612,0.99960000,34.06503000,b,m,
1525780719.0233,0.99870000,30.06584000,b,l,
1525784677.8045,0.99920000,30.06675000,b,l,
1525722327.2924,0.99950000,34.04206000,s,m,
1525744753.7419,0.99920000,34.06140000,s,l,
1525792457.7418,1.00100000,0.01778698,b,l,
1525741721.0897,0.99960000,34.06140000,b,l,
1525786778.1442,0.99960000,43.36937746,s,l,
1525727671.8902,0.99990000,34.04260000,b,l,
1525747440.0476,0.99660000,1000.00000000,b,l,
1525756104.9238,0.99800000,30.07368000,b,l,
1525723279.0759,0.99910000,0.02970755,s,l,
1525799073.312,1.00110000,153.36360004,b,m,
1525778118.2608,0.99950000,34.07386000,b,l,
1525721526.7679,1.00000000,10010.96575928,b,l,
1525782028.1205,0.99910000,34.08888000,b,m,
1525727079.1971,0.99940000,34.02693000,s,m,
1525804576.688,1.00050000,75.00000000,s,l,
1525725362.993,0.99930000,34.03732000,b,m,
1525725363.1441,0.99990000,34.02725000,b,m,
1525767427.312,0.99930000,20.88116000,b,m,
1525792457.6288,0.99880000,75.00000000,b,l,
1525721795.8498,0.99980000,34.04686000,s,m,
1525770429.7657,0.99950000,0.00000076,s,m,
1525740777.2486,0.99960000,34.05668000,b,l,
1525795010.1492,1.00110000,16.14234342,s,l,
1525784677.9518,0.99980000,34.07931000,b,l,
1525792460.4767,1.00100000,3.26834645,s,l,
1525782028.123,0.99920000,838.63776364,b,m,
1525790464.2795,0.99920000,30.06946000,b,l,
1525778647.533,0.99800000,723.94103124,s,m,
1525790464.2377,0.99920000,30.06946000,b,l,
1525784101.1966,0.99760000,30.07368000,s,m,
1525746859.1721,0.99890000,34.05478000,s,l,
1525778118.2475,0.99950000,34.07386000,b,l,
1525784677.8492,0.99980000,34.07936000,b,l,
1525784677.8886,0.99980000,34.07936000,b,l,
1525803236.3176,1.00110000,35.55656470,s,l,
1525727079.2253,0.99940000,34.02659000,s,m,
1525722327.3027,0.99950000,34.04526000,s,m,
1525782028.1159,0.99880000,34.08890000,b,m,
1525790464.2721,0.99920000,30.06946000,b,l,
1525733361.8309,0.99960000,34.04936000,s,l,
1525786869.3418,0.99940000,19.84103062,s,l,
1525778297.1373,0.99950000,34.07673000,s,l,
1525778297.1421,0.99950000,34.07673000,s,l,
1525792469.1329,1.00100000,13076.38900000,s,l,
1525799979.6106,1.00110000,986562.38111255,b,l,
1525778817.1826,0.99920000,263.11668350,b,l,
1525784101.1407,0.99860000,34.09377000,s,m,
1525747415.2243,0.99720000,1000.00000000,b,l,
1525778297.1832,0.99950000,34.07673000,s,l,
1525784677.821,0.99980000,34.07740000,b,l,
1525723439.2129,0.99910000,0.00000001,s,l,
1525803283.8756,1.00110000,143.69936222,s,l,
1525747444.8858,0.99670000,1000.00000000,b,l,
1525747417.2205,0.99720000,1000.00000000,b,l,
1525746859.1349,0.99890000,34.05478000,s,l,
1525787579.2765,0.99920000,34.14089000,s,m,
1525803296.9184,1.00110000,105.17550450,s,l,
1525780892.6223,0.99870000,34.08386000,b,l,
1525778726.4378,0.99860000,30.06615000,b,m,
1525744753.6678,0.99970000,34.06337000,s,l,
1525747420.3122,0.99680000,241.88700000,b,l,
1525746859.2325,0.99890000,34.05478000,s,l,
1525790464.2125,0.99920000,30.06946000,b,l,
1525790464.2817,0.99920000,30.06946000,b,l,
1525721481.8834,1.00000000,112.73152083,b,l,
1525744753.6605,0.99970000,34.06337000,s,l,
1525736756.3626,0.99940000,34.04795000,s,m,
1525790464.3338,0.99920000,30.06946000,b,l,
1525747444.0202,0.99670000,1000.00000000,b,l,
1525773803.3829,0.99900000,34.07151000,s,m,
1525747429.3436,0.99670000,1000.00000000,b,l,
1525751522.5149,0.99790000,30.07127000,s,l,
1525725362.9788,0.99930000,34.03732000,b,m,
1525790464.2676,0.99920000,30.06946000,b,l,
1525767427.273,0.99930000,33.11394000,b,m,
1525773803.3167,0.99910000,34.07476000,s,m,
1525803355.3518,1.00110000,523.13800000,s,l,
1525746859.1602,0.99890000,34.05478000,s,l,
1525722505.6339,0.99980000,34.02470000,b,l,
1525747429.1008,0.99670000,1000.00000000,b,l,
1525752810.5408,0.99760000,30.07127000,s,l,
1525730641.9654,0.99990000,34.04815000,b,l,
1525730641.984,0.99990000,34.04815000,b,l,
1525787579.256,0.99920000,34.14089000,s,m,
1525727079.2358,0.99940000,34.02659000,s,m,
1525792457.6489,0.99970000,48810.15401121,b,l,
1525721451.7795,1.00000000,359.83141937,b,l,
1525721452.2613,1.00000000,13076.38900000,b,l,
1525721454.9569,1.00000000,13076.38900000,b,l,
1525747447.5583,0.99670000,1000.00000000,b,l,
1525721456.1453,1.00000000,13076.38900000,b,l,
1525778358.1533,0.99910000,34.07685000,s,l,
1525770164.6985,0.99930000,33.60092000,b,l,
1525736756.3371,0.99960000,34.05148000,s,m,
1525721472.2063,1.00000000,13076.38900000,b,l,
1525721473.4783,1.00000000,13076.38900000,b,l,
1525723439.2083,0.99910000,34.04470000,s,l,
1525721476.2951,1.00000000,13076.38900000,b,l,
1525727671.9416,0.99990000,34.04260000,b,l,
1525723058.6432,0.99980000,34.02435000,s,m,
1525792457.6792,1.00010000,342151.03474441,b,l,
1525746859.1491,0.99890000,34.05478000,s,l,
1525727079.1996,0.99940000,34.02693000,s,m,
1525787579.1872,0.99930000,34.13321000,s,m,
1525723058.6772,0.99950000,34.04526000,s,m,
1525806261.3128,1.00080000,34.04224000,b,m,
1525747440.5508,0.99660000,1000.00000000,b,l,
1525727672.0147,0.99990000,34.04260000,b,l,
1525737051.1014,0.99960000,34.05790000,s,m,
1525747441.2999,0.99660000,1000.00000000,b,l,
1525790464.3223,0.99920000,30.06946000,b,l,
1525778297.2093,0.99950000,34.07673000,s,l,
1525734471.4141,0.99960000,25.10010000,s,l,
1525746859.2042,0.99890000,34.05478000,s,l,
1525721518.8449,1.00000000,6894.84374630,b,l,
1525767427.2708,0.99930000,33.11394000,b,m,
1525721521.8178,1.00000000,13076.38900000,b,l,
1525721523.5538,1.00000000,0.00000080,b,l,
1525721526.7626,1.00000000,0.00437935,b,l,
1525729720.4514,0.99940000,34.04795000,s,l,
1525747444.5927,0.99670000,1000.00000000,b,l,
1525721530.45,1.00000000,13076.38900000,b,l,
1525744393.8005,0.99980000,34.05743000,b,l,
1525736756.3603,0.99940000,34.04795000,s,m,
1525790464.3042,0.99920000,30.06946000,b,l,
1525722505.6599,0.99980000,34.02470000,b,l,
1525778358.1311,0.99910000,34.07450000,s,l,
1525787579.1277,0.99930000,34.14089000,s,m,
1525803467.5997,1.00110000,0.00003976,s,m,
1525746426.5034,0.99960000,34.06503000,b,m,
1525727671.9822,0.99990000,34.04260000,b,l,
1525744753.7658,0.99860000,34.05938000,s,l,
1525737051.0812,0.99970000,75.00000000,s,m,
1525747449.3578,0.99690000,1000.00000000,b,l,
1525723279.0278,0.99930000,34.03531000,s,l,
1525787579.2089,0.99920000,34.14089000,s,m,
1525730641.9678,0.99990000,34.04815000,b,l,
1525784677.938,0.99980000,34.07936000,b,l,
1525784677.9096,0.99980000,34.07936000,b,l,
1525729720.4468,0.99940000,34.04795000,s,l,
1525792460.4787,1.00100000,0.00260597,s,l,
1525744753.7397,0.99920000,34.06140000,s,l,
1525778358.1414,0.99910000,34.07685000,s,l,
1525733361.8057,0.99960000,34.04936000,s,l,
1525729769.3352,0.99940000,15.08213121,s,l,
1525803500.8871,1.00120000,49.13001803,b,l,
1525790464.3381,0.99920000,30.06946000,b,l,
1525784677.7566,0.99920000,30.06675000,b,l,
1525784677.8658,0.99980000,34.07936000,b,l,
1525744393.7857,0.99980000,34.05743000,b,l,
1525780906.6577,0.99870000,34.09112000,s,l,
1525807607.0867,1.00070000,75.00000000,s,l,
1525725363.1582,1.00000000,34.02435000,b,m,
1525746859.2258,0.99890000,34.05478000,s,l,
1525804142.0408,1.00100000,34.04077000,s,l,
1525790464.2976,0.99920000,30.06946000,b,l,
1525738965.0971,0.99560000,0.00017310,s,m,
1525771754.4023,0.99940000,34.05097000,s,m,
1525723058.6233,0.99980000,34.02435000,s,m,
1525723279.0488,0.99910000,34.04470000,s,l,
1525729720.4343,0.99960000,34.04712000,s,l,
1525721517.4151,1.00000000,13076.38900000,b,l,
1525770164.6887,0.99930000,33.60092000,b,l,
1525780227.6035,0.99810000,75.00000000,s,l,
1525721518.8489,1.00000000,2891.34469442,b,l,
1525783062.3611,0.99950000,43.11700638,s,l,
1525746426.5123,0.99960000,34.06503000,b,m,
1525774878.7099,0.99950000,34.07386000,b,m,
1525807647.8276,1.00060000,34.03918000,s,l,
1525771754.4045,0.99940000,34.05097000,s,m,
1525725363.1018,0.99990000,34.02725000,b,m,
1525787579.3154,0.99920000,34.14089000,s,m,
1525787579.3117,0.99920000,34.14089000,s,m,
1525746859.1746,0.99890000,34.05478000,s,l,
1525767261.9744,0.99920000,75.00000000,s,l,
1525738965.0988,0.99560000,0.00000035,s,m,
1525784677.9121,0.99980000,34.07936000,b,l,
1525721523.5501,1.00000000,0.19920240,b,l,
1525792457.681,1.00010000,546.56714815,b,l,
1525746426.6025,0.99960000,34.06503000,b,m,
1525730641.9886,0.99990000,34.04815000,b,l,
1525790464.2699,0.99920000,30.06946000,b,l,
1525747467.8053,0.99620000,289.29100000,b,l,
1525721526.7602,1.00000000,3.66969537,b,l,
1525727671.953,0.99990000,34.04260000,b,l,
1525747489.2603,0.99740000,75.00000000,b,l,
1525784677.8456,0.99980000,34.07936000,b,l,
1525790464.2998,0.99920000,30.06946000,b,l,
1525727672.0012,0.99990000,34.04260000,b,l,
1525752810.5254,0.99760000,30.07127000,s,l,
1525790464.1883,0.99920000,31.26117000,b,l,
1525747471.9834,0.99740000,1000.00000000,b,l,
1525746426.5102,0.99960000,34.06503000,b,m,
1525799517.8761,1.00100000,19.45781970,s,l,
1525805310.4846,1.00080000,34.04214000,b,m,
1525744753.7701,0.99860000,34.05938000,s,l,
1525787579.235,0.99920000,34.14089000,s,m,
1525778118.244,0.99950000,34.07386000,b,l,
1525784337.8431,0.99910000,75.00000000,b,l,
1525787579.1308,0.99930000,34.14089000,s,m,
1525746859.115,0.99890000,34.05478000,s,l,
1525792457.6639,0.99990000,6.00720865,b,l,
1525730642.3164,1.00000000,982.69200000,b,l,
1525788203.635,0.99870000,75.00000000,s,l,
1525780926.215,0.99820000,34.09112000,s,l,
1525773803.3075,0.99950000,75.00000000,s,m,
1525766777.1239,0.99910000,0.00215386,s,l,
1525746426.4804,0.99960000,34.06503000,b,m,
1525746859.1514,0.99890000,34.05478000,s,l,
1525746426.6144,0.99960000,34.06503000,b,m,
1525784677.7653,0.99920000,30.06675000,b,l,
1525790464.2099,0.99920000,30.06946000,b,l,
1525744753.6579,0.99970000,34.06337000,s,l,
1525778358.082,0.99950000,75.00000000,s,l,
1525744393.7802,0.99980000,34.05743000,b,l,
1525803658.7644,1.00110000,232.92877834,s,l,
1525747440.8491,0.99660000,1000.00000000,b,l,
1525778297.1929,0.99950000,34.07673000,s,l,
1525727672.0124,0.99990000,34.04260000,b,l,
1525725363.116,0.99990000,34.02725000,b,m,
1525804142.0341,1.00100000,34.04077000,s,l,
1525727079.2858,0.99940000,34.02897000,s,m,
1525792457.7213,1.00100000,472.26688477,b,l,
1525721795.8472,0.99980000,34.04686000,s,m,
1525727671.9077,0.99990000,34.04260000,b,l,
1525790464.2271,0.99920000,30.06946000,b,l,
1525741721.0838,0.99960000,34.06140000,b,l,
1525778297.1951,0.99950000,34.07673000,s,l,
1525778358.7621,0.99880000,34.07740000,b,l,
1525744753.6503,0.99970000,34.06337000,s,l,
1525782028.135,0.99940000,12.51654272,b,m,
1525746426.6167,0.99960000,34.06503000,b,m,
1525746859.1627,0.99890000,34.05478000,s,l,
1525790464.3065,0.99920000,30.06946000,b,l,
1525721451.763,0.99990000,34.03090000,b,l,
1525738965.0598,0.99860000,75.00000000,s,m,
1525806261.3354,1.00100000,93.60146499,b,m,
1525746426.5682,0.99960000,34.06503000,b,m,
1525727671.9868,0.99990000,34.04260000,b,l,
1525804173.5292,0.99990000,2.23393000,s,l,
1525784677.9156,0.99980000,34.07936000,b,l,
1525721795.8369,0.99980000,34.04686000,s,m,
1525725363.0414,0.99930000,34.03732000,b,m,
1525747489.2581,0.99730000,30.11081000,b,l,
1525778358.1561,0.99910000,34.07685000,s,l,
1525744393.8648,0.99990000,34.05743000,b,l,
1525727672.0192,0.99990000,34.04260000,b,l,
1525736756.3279,0.99960000,34.05148000,s,m,
1525792457.6617,0.99990000,2500.00000000,b,l,
1525721954.6261,0.99990000,34.04206000,b,l,
1525778118.2508,0.99950000,34.07386000,b,l,
1525752810.5499,0.99750000,0.00483367,s,l,
1525727079.3074,0.99940000,34.02897000,s,m,
1525778297.1693,0.99950000,34.07673000,s,l,
1525750506.4691,0.99760000,30.09903000,b,l,
1525803755.585,1.00110000,7260.97870943,s,l,
1525746859.188,0.99890000,34.05478000,s,l,
1525778358.1504,0.99910000,34.07685000,s,l,
1525729720.449,0.99940000,34.04795000,s,l,
1525721846.9292,0.99980000,34.04206000,b,l,
1525721849.8741,1.00000000,13076.38900000,b,l,
1525746426.6276,0.99990000,2500.00000000,b,m,
1525740777.2087,0.99920000,75.00000000,b,l,
1525767427.2997,0.99930000,33.11394000,b,m,
1525803773.1152,1.00120000,42.93413756,b,l,
1525780892.6409,0.99920000,34.08264000,b,l,
1525725363.0854,0.99930000,34.03732000,b,m,
1525734149.2428,0.99990000,1647.36470000,b,l,
1525727079.3,0.99940000,34.02897000,s,m,
1525723279.0778,0.99910000,0.00005930,s,l,
1525777348.6499,0.99950000,34.07386000,b,m,
1525744393.8052,0.99980000,34.05743000,b,l,
1525750548.8876,0.99790000,30.10990000,s,l,
1525784696.629,0.99920000,0.05501108,s,l,
1525746426.4611,0.99960000,34.06503000,b,m,
1525778297.2168,0.99940000,11945.01037000,s,l,
1525780892.6552,0.99950000,3.07232400,b,l,
1525790464.3019,0.99920000,30.06946000,b,l,
1525744753.7235,0.99970000,34.06298000,s,l,
1525727079.1853,0.99940000,34.02693000,s,m,
1525784677.7321,0.99920000,30.06675000,b,l,
1525746859.2302,0.99890000,34.05478000,s,l,
1525752810.5338,0.99760000,30.07127000,s,l,
1525778121.0437,0.99980000,34.05499000,b,l,
1525778358.0991,0.99920000,34.07286000,s,l,
1525730807.6182,1.00000000,347.26600000,b,l,
1525746426.4537,0.99900000,34.06494000,b,m,
1525725363.0777,0.99930000,34.03732000,b,m,
1525784677.886,0.99980000,34.07936000,b,l,
1525787579.2139,0.99920000,34.14089000,s,m,
1525792457.6759,1.00000000,13076.38900000,b,l,
1525773803.3801,0.99900000,34.07316000,s,m,
1525780962.6341,0.99920000,941.26000000,b,l,
1525804142.0433,1.00100000,34.04041000,s,l,
1525804173.52,1.00090000,34.04089000,s,l,
1525744753.7749,0.99850000,6000.00000000,s,l,
1525722505.6672,0.99990000,6.92960000,b,l,
1525744753.7327,0.99920000,34.06140000,s,l,
1525747413.2039,0.99720000,241.91720000,s,l,
1525774878.7143,0.99950000,20.56398199,b,m,
1525746859.2647,0.99880000,2500.00000000,s,l,
1525736863.3297,0.99980000,75.00000000,b,l,
1525781790.3168,0.99880000,34.08846000,b,l,
1525784677.8963,0.99980000,34.07936000,b,l,
1525721954.6319,0.99990000,34.04526000,b,l,
1525790464.3091,0.99920000,30.06946000,b,l,
1525744393.783,0.99980000,34.05743000,b,l,
1525747464.1797,0.99660000,75.00000000,s,l,
1525804173.5223,1.00090000,34.04089000,s,l,
1525721451.7657,0.99990000,34.03090000,b,l,
1525729769.3404,0.99940000,26.17016073,s,l,
1525787579.2731,0.99920000,34.14089000,s,m,
1525778726.4104,0.99850000,75.00000000,b,m,
1525746426.5412,0.99960000,34.06503000,b,m,
1525722505.6963,0.99990000,34.02470000,b,l,
1525744393.9134,1.00000000,75267.87677000,b,l,
1525740918.7323,0.99950000,37.50000000,b,l,
1525792457.7236,1.00100000,150.00000000,b,l,
1525723058.7069,0.99930000,34.03531000,s,m,
1525727671.9965,0.99990000,34.04260000,b,l,
1525780892.638,0.99920000,34.08264000,b,l,
1525727079.2106,0.99940000,34.02659000,s,m,
1525728577.2914,0.99940000,34.04795000,s,m,
1525733361.8489,0.99960000,34.04946000,s,l,
1525744753.6752,0.99970000,34.06337000,s,l,
1525787579.1954,0.99930000,34.13321000,s,m,
1525779353.2739,0.99900000,34.08177000,s,l,
1525746426.619,0.99960000,34.06503000,b,m,
1525790464.2448,0.99920000,30.06946000,b,l,
1525804142.1274,1.00090000,26.68525000,s,l,
1525806261.2657,1.00070000,75.00000000,b,m,
1525805310.4822,1.00080000,34.04214000,b,m,
1525723279.0255,0.99930000,34.03531000,s,l,
1525805310.4799,1.00080000,34.04214000,b,m,
1525779353.265,0.99900000,34.08177000,s,l,
1525728577.284,0.99940000,34.04795000,s,m,
1525733361.8639,0.99960000,34.04614000,s,l,
1525806251.58,1.00060000,74.90568418,s,l,
1525727079.3395,0.99900000,16.00676425,s,m,
1525797364.3563,1.00110000,11638.56123087,s,l,
1525787579.2006,0.99920000,34.11478000,s,m,
1525744393.8096,0.99980000,34.05743000,b,l,
1525723058.6269,0.99980000,34.02435000,s,m,
1525803967.2055,1.00110000,990485.24836827,s,l,
1525744753.5275,0.99970000,34.06649000,s,l,
1525728577.298,0.99940000,23.32870000,s,m,
1525725362.9735,0.99930000,34.03732000,b,m,
1525744753.5391,0.99970000,34.06337000,s,l,
1525727079.1884,0.99940000,34.02693000,s,m,
1525771754.4332,0.99920000,0.01170282,s,m,
1525773803.3281,0.99910000,34.07476000,s,m,
1525727671.9914,0.99990000,34.04260000,b,l,
1525807607.126,1.00070000,25.00000000,s,l,
1525736756.3559,0.99940000,34.04795000,s,m,
1525744753.6653,0.99970000,34.06337000,s,l,
1525737051.0938,0.99970000,75.00000000,s,m,
1525792457.7004,1.00050000,78.14549970,b,l,
1525744393.8875,0.99990000,34.05743000,b,l,
1525787579.1212,0.99930000,34.11447000,s,m,
1525746853.4706,0.99940000,75.00000000,s,l,
1525784677.7818,0.99920000,30.06675000,b,l,
1525805310.4627,1.00080000,34.04214000,b,m,
1525733361.7992,0.99960000,34.04936000,s,l,
1525746859.18,0.99890000,34.05478000,s,l,
1525746859.2491,0.99890000,34.05478000,s,l,
1525784677.7972,0.99920000,30.06675000,b,l,
1525738965.079,0.99770000,6.00000000,s,m,
1525787579.1654,0.99930000,34.14089000,s,m,
1525727079.3023,0.99940000,34.02897000,s,m,
1525787579.1763,0.99930000,34.14089000,s,m,
1525725363.1207,0.99990000,34.02725000,b,m,
1525780991.4733,0.99830000,22.24190667,s,l,
1525727671.9482,0.99990000,34.04260000,b,l,
1525723058.6298,0.99980000,34.02435000,s,m,
1525756104.9214,0.99800000,30.07368000,b,l,
1525746859.1579,0.99890000,34.05478000,s,l,
1525792457.7117,1.00100000,5441.63620681,b,l,
1525723279.0626,0.99910000,34.04470000,s,l,
1525771754.409,0.99940000,34.05097000,s,m,
1525787579.1709,0.99930000,34.14089000,s,m,
1525725363.0803,0.99930000,34.03732000,b,m,
1525804142.0455,1.00100000,34.04041000,s,l,
1525761199.0964,0.99830000,9.40368000,b,l,
1525744393.8998,0.99990000,1317.69031078,b,l,
1525771754.4001,0.99940000,34.05097000,s,m,
1525792457.6866,1.00010000,0.00000223,b,l,
1525803527.4349,1.00120000,55.40819107,b,l,
1525787579.2678,0.99920000,34.14089000,s,m,
1525728577.2958,0.99940000,34.04795000,s,m,
1525799979.6144,1.00110000,14089.75967780,b,l,
1525729720.4537,0.99940000,18.96581879,s,l,
1525761203.7537,0.99860000,33.60092000,b,l,
1525727079.2651,0.99940000,34.02897000,s,m,
1525773803.3349,0.99910000,34.07476000,s,m,
1525744393.8552,0.99990000,34.05790000,b,l,
1525806261.3265,1.00080000,34.04224000,b,m,
1525784677.7596,0.99920000,30.06675000,b,l,
1525744393.8247,0.99990000,34.05790000,b,l,
1525738385.1955,0.99900000,1122.76447106,s,l,
1525744753.7147,0.99970000,34.06337000,s,l,
1525734471.4096,0.99970000,75.00000000,s,l,
1525767244.8976,0.99920000,56.08506805,s,l,
1525738965.0701,0.99810000,6000.00000000,s,m,
1525790464.2196,0.99920000,30.06946000,b,l,
1525784677.8184,0.99980000,34.07522000,b,l,
1525725363.0382,0.99930000,34.03732000,b,m,
1525767261.9826,0.99920000,18.99019114,s,l,
1525805310.497,1.00080000,21.28546000,b,m,
1525723058.7092,0.99930000,34.03531000,s,m,
1525727672.0215,0.99990000,34.04260000,b,l,
1525787579.1145,0.99940000,75.00000000,s,m,
1525725363.1467,0.99990000,34.02725000,b,m,
1525744753.6279,0.99970000,34.06337000,s,l,
1525746426.5546,0.99960000,34.06503000,b,m,
1525727079.3145,0.99940000,34.02897000,s,m,
1525746859.2372,0.99890000,34.05478000,s,l,
1525804142.1603,1.00090000,34.04089000,s,l,
1525778297.1973,0.99950000,34.07673000,s,l,
1525787579.3087,0.99920000,34.14089000,s,m,
1525800050.7106,1.00110000,105.72826808,s,l,
1525744753.6411,0.99970000,34.06337000,s,l,
1525792457.7259,1.00100000,53.14549970,b,l,
1525773803.3502,0.99910000,34.07476000,s,m,
1525792482.6716,1.00100000,13.39079824,s,l,
1525784677.7871,0.99920000,30.06675000,b,l,
1525792457.7188,1.00100000,0.00000009,b,l,
1525746426.6002,0.99960000,34.06503000,b,m,
1525774878.7121,0.99950000,34.07386000,b,m,
1525790464.2747,0.99920000,30.06946000,b,l,
1525721795.8553,0.99980000,34.04686000,s,m,
1525804173.5124,1.00090000,34.04089000,s,l,
1525752810.5479,0.99750000,4.09612139,s,l,
1525804179.3458,0.99990000,184.96900000,s,l,
1525736863.3128,0.99960000,34.05672000,b,l,
1525787579.2195,0.99920000,34.14089000,s,m,
1525777348.6754,0.99950000,34.07386000,b,m,
1525727671.9362,0.99990000,34.04260000,b,l,
1525736756.3348,0.99960000,34.05148000,s,m,
1525770164.7012,0.99930000,33.60092000,b,l,
1525740777.2443,0.99960000,34.05668000,b,l,
1525746853.4672,0.99940000,75.00000000,s,l,
1525780892.632,0.99910000,34.08264000,b,l,
1525782028.1257,0.99930000,876.13776364,b,m,
1525784677.8019,0.99920000,30.06675000,b,l,
1525746859.1952,0.99890000,34.05478000,s,l,
1525736756.3442,0.99940000,34.04795000,s,m,
1525792457.717,1.00100000,0.00004327,b,l,
1525778297.1906,0.99950000,34.07673000,s,l,
1525736756.3419,0.99940000,34.04795000,s,m,
1525771754.431,0.99920000,5.86311267,s,m,
1525746426.4967,0.99960000,34.06503000,b,m,
1525781022.8218,0.99900000,74.99922040,b,l,
1525746889.7658,0.99820000,7013.37067780,s,l,
1525784677.7791,0.99920000,30.06675000,b,l,
1525746874.4191,0.99840000,6000.00000000,s,l,
1525807647.8314,1.00060000,15.96082000,s,l,
1525736756.3181,0.99960000,8.95138000,s,m,
1525746859.2187,0.99890000,34.05478000,s,l,
1525778297.1737,0.99950000,34.07673000,s,l,
1525771754.3765,0.99960000,75.00000000,s,m,
1525725362.9813,0.99930000,34.03732000,b,m,
1525727079.3344,0.99940000,34.02897000,s,m,
1525746887.7269,0.99830000,6000.00000000,s,l,
1525746889.7605,0.99830000,6000.00000000,s,l,
1525784101.1098,0.99940000,34.09568000,s,m,
1525804239.1479,1.00070000,18.00000000,b,m,
1525771754.4157,0.99940000,34.05097000,s,m,
1525723058.7044,0.99930000,34.03531000,s,m,
1525727672.0169,0.99990000,34.04260000,b,l,
1525722327.2728,0.99980000,34.04526000,s,m,
1525804173.5268,1.00090000,75.00000000,s,l,
1525780892.6528,0.99920000,34.08264000,b,l,
1525746426.4778,0.99960000,34.06503000,b,m,
1525785393.4029,0.99940000,75.00000000,s,l,
1525778118.2408,0.99950000,34.07386000,b,l,
1525738965.0847,0.99630000,2010.00000000,s,m,
1525771754.386,0.99950000,207.83921961,s,m,
1525806261.3176,1.00080000,34.04224000,b,m,
1525733361.7889,0.99980000,75.00000000,s,l,
1525744753.7355,0.99920000,34.06140000,s,l,
1525790464.2472,0.99920000,30.06946000,b,l,
1525721523.5476,1.00000000,99.80039920,b,l,
1525727671.9505,0.99990000,34.04260000,b,l,
1525736863.3239,0.99980000,44.24015656,b,l,
1525778358.0884,0.99920000,34.07432000,s,l,
1525778297.1716,0.99950000,34.07673000,s,l,
1525721523.5439,1.00000000,0.00008710,b,l,
1525744393.7884,0.99980000,34.05743000,b,l,
1525727671.9709,0.99990000,34.04260000,b,l,
1525804142.0596,1.00100000,34.04041000,s,l,
1525767427.2556,0.99930000,33.11394000,b,m,
1525780906.6599,0.99850000,34.08463000,s,l,
1525787579.1066,0.99940000,75.00000000,s,m,
1525722505.6428,0.99980000,34.02470000,b,l,
1525725363.0713,0.99930000,34.03732000,b,m,
1525787579.3186,0.99800000,1244.41517366,s,m,
1525722327.279,0.99980000,34.03732000,s,m,
1525746426.5469,0.99960000,34.06503000,b,m,
1525804142.1579,1.00090000,34.04089000,s,l,
1525727671.9663,0.99990000,34.04260000,b,l,
1525725363.1638,1.00000000,918.11168000,b,m,
1525744753.5369,0.99970000,34.06337000,s,l,
1525727079.1693,0.99940000,34.02693000,s,m,
1525756104.9163,0.99800000,30.07368000,b,l,
1525787579.1899,0.99930000,34.13321000,s,m,
1525777348.6863,0.99950000,33.61190595,b,m,
1525744753.7101,0.99970000,34.06337000,s,l,
1525778647.5478,0.99770000,294.65981912,s,m,
1525780892.6473,0.99920000,34.08264000,b,l,
1525778358.1224,0.99910000,34.07450000,s,l,
1525746859.1535,0.99890000,34.05478000,s,l,
1525744393.8575,0.99990000,34.05790000,b,l,
1525790464.2517,0.99920000,30.06946000,b,l,
1525725363.0939,0.99930000,34.03794000,b,m,
1525744753.6946,0.99970000,34.06337000,s,l,
1525744393.853,0.99990000,34.05790000,b,l,
1525773803.326,0.99910000,34.07476000,s,m,
1525790464.2881,0.99920000,30.06946000,b,l,
1525722327.2655,0.99980000,34.04526000,s,m,
1525727079.2205,0.99940000,34.02659000,s,m,
1525784677.9238,0.99980000,34.07936000,b,l,
1525790464.3295,0.99920000,30.06946000,b,l,
1525787579.1926,0.99930000,34.13321000,s,m,
1525804142.1431,1.00090000,34.04157000,s,l,
1525787579.2855,0.99920000,34.14089000,s,m,
1525805310.4751,1.00080000,34.04214000,b,m,
1525778297.2115,0.99950000,34.07673000,s,l,
1525744393.9105,0.99990000,2500.00000000,b,l,
1525741721.0768,0.99960000,0.00000046,b,l,
1525746426.4659,0.99960000,34.06503000,b,m,
1525746859.2395,0.99890000,34.05478000,s,l,
1525722505.7053,1.00000000,513.03300000,b,l,
1525782124.1668,0.99940000,21.57301728,b,l,
1525744753.621,0.99970000,34.06337000,s,l,
1525744753.7506,0.99920000,34.06140000,s,l,
1525805310.4501,1.00080000,34.04117000,b,m,
1525747602.9745,0.99740000,30.11081000,s,l,
1525725363.044,0.99930000,34.03732000,b,m,
1525770164.659,0.99930000,33.60092000,b,l,
1525722327.2972,0.99950000,34.04206000,s,m,
1525740777.2376,0.99960000,34.05668000,b,l,
1525787579.288,0.99920000,34.14089000,s,m,
1525806261.3079,1.00080000,12.75678000,b,m,
1525804142.146,1.00090000,34.04157000,s,l,
1525778121.0557,0.99980000,34.05499000,b,l,
1525784677.8236,0.99980000,34.07740000,b,l,
1525722501.1243,0.99950000,0.04403306,s,l,
1525740777.2398,0.99960000,34.05668000,b,l,
1525723279.023,0.99930000,34.03531000,s,l,
1525722505.6936,0.99990000,34.02470000,b,l,
1525722506.3996,1.00000000,2051.02000000,b,l,
1525778358.1595,0.99900000,3.39946072,s,l,
1525804142.0658,1.00100000,75.00000000,s,l,
1525773803.3238,0.99910000,34.07476000,s,m,
1525727079.2976,0.99940000,34.02897000,s,m,
1525721846.906,0.99980000,34.04206000,b,l,
1525790464.2952,0.99920000,30.06946000,b,l,
1525744753.7125,0.99970000,34.06337000,s,l,
1525778358.0965,0.99920000,34.07286000,s,l,
1525790464.3651,0.99970000,10429.74492348,b,l,
1525787579.2405,0.99920000,34.14089000,s,m,
1525727079.2275,0.99940000,34.02659000,s,m,
1525806261.3462,1.00100000,93.60146499,b,m,
1525736863.437,0.99990000,0.00060690,b,l,
1525729720.44,0.99940000,34.04795000,s,l,
1525757985.8031,0.99830000,33.60092000,b,m,
1525746859.1468,0.99890000,34.05478000,s,l,
1525778297.1667,0.99950000,34.07673000,s,l,
1525784101.1382,0.99860000,34.09377000,s,m,
1525730641.9725,0.99990000,34.04815000,b,l,
1525746859.221,0.99890000,34.05478000,s,l,
1525767427.3047,0.99930000,33.60092000,b,m,
1525736863.4333,0.99990000,152.33063872,b,l,
1525792179.2449,0.99870000,29.94011976,s,m,
1525796280.3457,1.00110000,787.88883953,s,m,
1525779898.3406,0.99880000,35.94339252,s,l,
1525744393.8178,0.99990000,34.05790000,b,l,
1525730641.9913,0.99990000,34.04815000,b,l,
1525778118.2381,0.99950000,34.07386000,b,l,
1525736756.3536,0.99940000,34.04795000,s,m,
1525746426.5814,0.99960000,34.06503000,b,m,
1525788099.7851,0.99870000,74.99954000,b,l,
1525784677.8096,0.99920000,30.06675000,b,l,
1525729720.4445,0.99940000,34.04795000,s,l,
1525723058.6631,0.99980000,34.02425000,s,m,
1525806261.3105,1.00080000,34.04224000,b,m,
1525746859.2136,0.99890000,34.05478000,s,l,
1525804142.1312,1.00090000,34.04366000,s,l,
1525784018.1887,0.99950000,14.19225000,b,l,
1525746426.5273,0.99960000,34.06503000,b,m,
1525738965.0569,0.99870000,75.00000000,s,m,
1525737051.1111,0.99900000,0.34822670,s,m,
1525787579.2033,0.99920000,34.14089000,s,m,
1525804508.7606,1.00060000,35.12174366,b,l,
1525746859.1651,0.99890000,34.05478000,s,l,
1525730783.2414,1.00000000,255.15500000,b,l,
1525790464.3179,0.99920000,30.06946000,b,l,
1525733361.8276,0.99960000,34.04936000,s,l,
1525727079.2183,0.99940000,34.02659000,s,m,
1525733361.8088,0.99960000,34.04936000,s,l,
1525787579.3246,0.99780000,2671.95515133,s,m,
1525771754.423,0.99940000,34.05097000,s,m,
1525751719.2944,0.99800000,30.07127000,s,l,
1525777348.6443,0.99950000,13.50987801,b,m,
1525723058.6531,0.99980000,34.02435000,s,m,
1525784677.8835,0.99980000,34.07936000,b,l,
1525773803.314,0.99920000,1143.70570961,s,m,
1525738385.1976,0.99900000,2.24104685,s,l,
1525725363.0743,0.99930000,34.03732000,b,m,
1525730811.585,1.00000000,1658.84000000,b,l,
1525746426.5492,0.99960000,34.06503000,b,m,
1525770174.0345,0.99980000,955.72219419,b,l,
1525727079.3098,0.99940000,34.02897000,s,m,
1525771754.3887,0.99940000,34.05097000,s,m,
1525778726.4598,0.99860000,30.06615000,b,m,
1525728577.2816,0.99940000,34.04795000,s,m,
1525784101.116,0.99910000,75.00000000,s,m,
1525723279.0696,0.99910000,34.04470000,s,l,
1525746426.6304,1.00000000,53161.67870000,b,m,
1525744393.9083,0.99990000,1182.30968922,b,l,
1525778297.1538,0.99950000,34.07673000,s,l,
1525730833.9958,0.99960000,10.88391000,s,l,
1525767427.3072,0.99930000,33.60092000,b,m,
1525757916.3613,0.99800000,30.07368000,b,l,
1525792457.6828,1.00010000,0.87311046,b,l,
1525804142.0383,1.00100000,34.04077000,s,l,
1525744393.8598,0.99990000,34.05790000,b,l,
1525771754.4351,0.99920000,0.00002336,s,m,
1525780003.9893,0.99810000,75.00000000,s,l,
1525784101.1235,0.99880000,34.09568000,s,m,
1525805310.4675,1.00080000,34.04214000,b,m,
1525780009.0655,0.99790000,75.00000000,s,l,
1525728577.2935,0.99940000,34.04795000,s,m,
1525739051.3563,0.99850000,1120.00000000,b,l,
1525746426.4561,0.99900000,34.06494000,b,m,
1525723058.6504,0.99980000,34.02435000,s,m,
1525778297.1464,0.99950000,34.07673000,s,l,
1525747248.2709,0.99700000,0.15936192,s,m,
1525721846.9245,0.99980000,34.04206000,b,l,
1525725363.1326,0.99990000,34.02725000,b,m,
1525767427.2756,0.99930000,33.11394000,b,m,
1525778647.5444,0.99780000,33.60106000,s,m,
1525784677.8126,0.99980000,13.72896405,b,l,
1525770164.669,0.99930000,33.60092000,b,l,
1525746426.4943,0.99960000,34.06503000,b,m,
1525722686.2412,1.00000000,1900.00000000,b,m,
1525744753.7037,0.99970000,34.06337000,s,l,
1525790464.3492,0.99920000,30.06946000,b,l,
1525725363.0888,0.99930000,34.03732000,b,m,
1525780906.6543,0.99870000,34.09112000,s,l,
1525778358.102,0.99920000,34.07286000,s,l,
1525723058.6724,0.99980000,34.02425000,s,m,
1525784677.9407,0.99980000,34.07931000,b,l,
1525773803.3759,0.99900000,34.07317000,s,m,
1525746426.5241,0.99960000,34.06503000,b,m,
1525780044.204,0.99880000,44.93204980,b,l,
1525746859.2418,0.99890000,34.05478000,s,l,
1525804142.0683,1.00090000,7.35841000,s,l,
1525790464.1858,0.99920000,32.18107000,b,l,
1525738965.0622,0.99860000,75.00000000,s,m,
1525745170.6736,0.99850000,663.37325349,s,m,
1525778358.1192,0.99910000,34.07450000,s,l,
1525778297.1996,0.99950000,34.07673000,s,l,
1525792457.7305,1.00100000,1133.03011447,b,l,
1525770164.6837,0.99930000,33.60092000,b,l,
1525787579.1513,0.99930000,34.14089000,s,m,
1525723058.6827,0.99950000,34.02470000,s,m,
1525743670.1041,0.99960000,573.85229541,s,m,
1525738385.1827,0.99930000,75.00000000,s,l,
1525805310.487,1.00080000,34.04214000,b,m,
1525780063.1033,0.99880000,31.48118994,b,l,
1525778121.0685,0.99980000,20.32602595,b,l,
1525727671.8968,0.99990000,34.04260000,b,l,
1525744753.6328,0.99970000,34.06337000,s,l,
1525738385.2018,0.99900000,0.00000893,s,l,
1525721846.9219,0.99980000,34.04206000,b,l,
1525767427.3097,0.99930000,33.60092000,b,m,
1525792457.7071,1.00090000,62.90000000,b,l,
1525736756.3671,0.99940000,34.04795000,s,m,
1525790464.356,0.99920000,30.06946000,b,l,
1525790464.3157,0.99920000,30.06946000,b,l,
1525746426.4501,0.99890000,75.00000000,b,m,
1525784677.9486,0.99980000,34.07931000,b,l,
1525770174.0403,0.99990000,11130.85671162,b,l,
1525743670.106,0.99960000,1.14541376,s,m,
1525773803.3642,0.99910000,34.07341000,s,m,
1525727672.0057,0.99990000,34.04260000,b,l,
1525744393.7975,0.99980000,34.05743000,b,l,
1525757916.3469,0.99800000,23.97730000,b,l,
1525746426.5979,0.99960000,34.06503000,b,m,
1525746426.5345,0.99960000,34.06503000,b,m,
1525770164.6789,0.99930000,33.60092000,b,l,
1525804675.1517,1.00030000,75.00000000,s,l,
1525778297.1883,0.99950000,34.07673000,s,l,
1525744753.6555,0.99970000,34.06337000,s,l,
1525727079.2438,0.99940000,34.02659000,s,m,
1525770164.6936,0.99930000,33.60092000,b,l,
1525770164.6719,0.99930000,33.60092000,b,l,
1525722327.2949,0.99950000,34.04206000,s,m,
1525746859.1421,0.99890000,34.05478000,s,l,
1525752810.5198,0.99770000,6000.00000000,s,l,
1525722327.2899,0.99980000,34.03732000,s,m,
1525792457.6933,1.00050000,150.00000000,b,l,
1525773803.378,0.99900000,34.07317000,s,m,
1525722505.6624,0.99980000,34.02470000,b,l,
1525721795.8398,0.99980000,34.04686000,s,m,
1525727671.9845,0.99990000,34.04260000,b,l,
1525744393.8302,0.99990000,34.05790000,b,l,
1525784677.9044,0.99980000,34.07936000,b,l,
1525797488.4519,1.00100000,0.00001568,s,m,
1525746859.1994,0.99890000,34.05478000,s,l,
1525790464.3246,0.99920000,30.06946000,b,l,
1525782028.1304,0.99940000,34.08956000,b,m,
1525773803.3714,0.99910000,34.07026000,s,m,
1525792625.9346,1.00100000,247.48469158,s,l,
1525784677.7626,0.99920000,30.06675000,b,l,
1525770164.6862,0.99930000,33.60092000,b,l,
1525781790.3204,0.99880000,6.52978000,b,l,
1525736863.3022,0.99960000,34.05672000,b,l,
1525787579.2942,0.99920000,34.14089000,s,m,
1525747388.6595,0.99760000,75.00000000,s,l,
1525744393.8853,0.99990000,34.05743000,b,l,
1525778358.1129,0.99920000,34.07286000,s,l,
1525739051.352,0.99850000,75.00000000,b,l,
1525778726.4576,0.99860000,30.06615000,b,m,
1525790464.2051,0.99920000,30.06946000,b,l,
1525722505.6996,1.00000000,1050.63387490,b,l,
1525792457.7395,1.00100000,8.98221302,b,l,
1525796554.2718,1.00110000,113.89103599,s,l,
1525792460.4706,1.00100000,4088.70140758,s,l,
1525730853.9203,0.99960000,10.88391000,s,l,
1525792463.0302,1.00100000,13076.38900000,s,l,
1525792465.1046,1.00100000,13076.38900000,s,l,
1525727672.0034,0.99990000,34.04260000,b,l,
1525792467.4983,1.00100000,13076.38900000,s,l,
1525747413.199,0.99740000,75.00000000,s,l,
1525747414.4219,0.99720000,1000.00000000,b,l,
1525747415.4575,0.99720000,1000.00000000,b,l,
1525747416.0934,0.99720000,1000.00000000,b,l,
1525790464.3202,0.99920000,30.06946000,b,l,
1525723279.0038,0.99930000,34.03531000,s,l,
1525747420.1827,0.99720000,483.77400000,s,l,
1525778118.2583,0.99950000,34.07386000,b,l,
1525773803.369,0.99910000,34.07026000,s,m,
1525747426.9466,0.99670000,1000.00000000,b,l,
1525733361.8663,0.99960000,34.04614000,s,l,
1525747429.6673,0.99670000,1000.00000000,b,l,
1525747431.1001,0.99670000,1000.00000000,b,l,
1525747432.4622,0.99690000,1000.00000000,b,l,
1525747433.7174,0.99660000,1000.00000000,b,l,
1525727672.0237,0.99990000,34.04260000,b,l,
1525787579.1736,0.99930000,34.14089000,s,m,
1525747437.7147,0.99660000,1000.00000000,b,l,
1525784677.869,0.99980000,34.07936000,b,l,
1525747440.2988,0.99660000,1000.00000000,b,l,
1525778358.1045,0.99920000,34.07286000,s,l,
1525747442.1158,0.99660000,1000.00000000,b,l,
1525725363.1283,0.99990000,34.02725000,b,m,
1525747444.3274,0.99670000,1000.00000000,b,l,
1525747445.2386,0.99670000,1000.00000000,b,l,
1525747446.0194,0.99670000,1000.00000000,b,l,
1525747447.8136,0.99670000,1000.00000000,b,l,
1525747448.8716,0.99690000,1000.00000000,b,l,
1525747449.1261,0.99690000,1000.00000000,b,l,
1525747450.7234,0.99690000,1000.00000000,b,l,
1525744753.7305,0.99920000,34.06140000,s,l,
1525746426.4853,0.99960000,34.06503000,b,m,
1525723058.648,0.99980000,34.02435000,s,m,
1525780892.6256,0.99870000,75.00000000,b,l,
1525778297.1807,0.99950000,34.07673000,s,l,
1525761323.7528,0.99920000,75.00000000,b,l,
1525722505.64,0.99980000,34.02470000,b,l,
1525747464.1688,0.99710000,237.36600000,s,l,
1525747465.0668,0.99620000,6000.00000000,b,l,
1525778647.514,0.99870000,75.00000000,s,m,
1525747467.809,0.99620000,710.70900000,b,l,
1525747468.7406,0.99620000,1000.00000000,b,l,
1525747469.0836,0.99620000,6000.00000000,b,l,
1525747470.6575,0.99740000,1000.00000000,b,l,
1525747471.5899,0.99740000,1000.00000000,b,l,
1525747472.8806,0.99740000,1000.00000000,b,l,
1525784677.829,0.99980000,34.07740000,b,l,
1525805310.4466,1.00080000,34.04117000,b,m,
1525790464.1833,0.99920000,32.18107000,b,l,
1525746426.4921,0.99960000,34.06503000,b,m,
1525805310.4922,1.00080000,34.04214000,b,m,
1525756104.9105,0.99780000,75.00000000,b,l,
1525721451.7608,0.99990000,34.03090000,b,l,
1525804142.1337,1.00090000,34.04366000,s,l,
1525738965.0817,0.99690000,13076.38900000,s,m,
1525747489.2554,0.99730000,30.11081000,b,l,
1525730641.9632,0.99990000,34.04815000,b,l,
1525725363.1349,0.99990000,34.02725000,b,m,
1525790464.2561,0.99920000,30.06946000,b,l,
1525757916.3663,0.99800000,33.60069000,b,l,
1525746859.1223,0.99890000,34.05478000,s,l,
1525752810.5173,0.99790000,75.00000000,s,l,
1525777348.6694,0.99950000,34.07386000,b,m,
1525751600.5132,0.99790000,30.07127000,s,l,
1525738965.0918,0.99560000,21767.95503256,s,m,
1525777715.4691,0.99920000,366.92200000,s,l,
1525790464.2838,0.99920000,30.06946000,b,l,
1525778726.4495,0.99860000,30.06615000,b,m,
1525728577.2745,0.99940000,34.04795000,s,m,
1525736756.3701,0.99900000,2274.42250499,s,m,
1525740777.2419,0.99960000,34.05668000,b,l,
1525746426.5955,0.99960000,34.06503000,b,m,
1525746859.2441,0.99890000,34.05478000,s,l,
1525751452.5647,0.99790000,30.07127000,s,l,
1525744753.6868,0.99970000,34.06337000,s,l,
1525804142.1408,1.00090000,34.04366000,s,l,
1525746426.5323,0.99960000,34.06503000,b,m,
1525736863.4387,0.99990000,0.00000121,b,l,
1525777348.6579,0.99950000,34.07386000,b,m,
1525782124.1754,0.99940000,34.08937000,b,l,
1525722505.6572,0.99980000,34.02470000,b,l,
1525784400.4645,0.99900000,74.99308360,b,l,
1525784677.8543,0.99980000,34.07936000,b,l,
1525733361.8404,0.99960000,34.04940000,s,l,
1525727079.2134,0.99940000,34.02659000,s,m,
1525741721.0801,0.99960000,34.06140000,b,l,
1525746859.1084,0.99890000,34.05478000,s,l,
1525746426.5657,0.99960000,34.06503000,b,m,
1525727671.9619,0.99990000,34.04260000,b,l,
1525721523.5386,1.00000000,38.45539634,b,l,
1525744393.8347,0.99990000,34.05790000,b,l,
1525744753.7014,0.99970000,34.06337000,s,l,
1525790464.3628,0.99970000,34.11447000,b,l,
1525730641.9748,0.99990000,34.04815000,b,l,
1525778358.1252,0.99910000,34.07450000,s,l,
1525733361.8367,0.99960000,34.04940000,s,l,
1525727079.293,0.99940000,34.02897000,s,m,
1525787579.3337,0.99760000,8000.00000000,s,m,
1525744393.7774,0.99980000,34.05743000,b,l,
1525804142.1553,1.00090000,34.04089000,s,l,
1525752810.5102,0.99790000,75.00000000,s,l,
1525784101.1359,0.99860000,34.09377000,s,m,
1525780892.6349,0.99920000,34.08264000,b,l,
1525721451.7708,1.00000000,602.73311523,b,l,
1525807647.7387,1.00070000,50.00000000,s,l,
1525752810.5314,0.99760000,30.07127000,s,l,
1525751675.6666,0.99790000,30.07127000,s,l,
1525736756.3511,0.99940000,34.04795000,s,m,
1525787579.1455,0.99930000,34.14089000,s,m,
1525778297.1442,0.99950000,34.07673000,s,l,
1525778121.066,0.99980000,34.05499000,b,l,
1525728577.2636,0.99940000,34.04795000,s,m,
1525774878.7029,0.99940000,75.00000000,b,m,
1525723058.7137,0.99930000,2.05931000,s,m,
1525746426.5145,0.99960000,34.06503000,b,m,
1525723058.6881,0.99950000,34.02474000,s,m,
1525723058.6324,0.99980000,34.02435000,s,m,
1525727079.1801,0.99940000,34.02693000,s,m,
1525728577.2723,0.99940000,34.04795000,s,m,
1525740777.2214,0.99940000,13076.38900000,b,l,
1525727079.1939,0.99940000,34.02693000,s,m,
1525787579.2526,0.99920000,34.14089000,s,m,
1525744393.8924,0.99990000,34.05743000,b,l,
1525746426.591,0.99960000,34.06503000,b,m,
1525746859.1303,0.99890000,34.05478000,s,l,
1525752810.5461,0.99750000,3417.53061494,s,l,
1525806261.3152,1.00080000,34.04224000,b,m,
1525790464.2006,0.99920000,30.06946000,b,l,
1525751718.4194,0.99800000,30.07127000,s,l,
1525733361.7968,0.99960000,34.04936000,s,l,
1525779806.3486,0.99890000,74.99078000,b,l,
1525778297.1856,0.99950000,34.07673000,s,l,
1525780892.6442,0.99920000,34.08264000,b,l,
1525797488.4536,1.00100000,0.00000003,s,m,
1525746859.1557,0.99890000,34.05478000,s,l,
1525777987.5362,0.99940000,228.94351023,s,m,
1525767427.2884,0.99930000,33.11394000,b,m,
1525746426.5515,0.99960000,34.06503000,b,m,
1525723058.6904,0.99950000,34.02474000,s,m,
1525790800.1256,0.99860000,15.84613000,s,m,
1525722505.6474,0.99980000,34.02470000,b,l,
1525792457.6845,1.00010000,0.00139475,b,l,
1525787579.2303,0.99920000,34.14089000,s,m,
1525730641.9818,0.99990000,34.04815000,b,l,
1525744393.8463,0.99990000,34.05790000,b,l,
1525771754.437,0.99920000,0.00000005,s,m,
1525790464.2653,0.99920000,30.06946000,b,l,
1525736756.3394,0.99940000,24.29299000,s,m,
1525790464.3359,0.99920000,30.06946000,b,l,
1525725362.9871,0.99930000,34.03732000,b,m,
1525804142.0524,1.00100000,34.04041000,s,l,
1525740777.2181,0.99930000,34.05668000,b,l,
1525770164.6615,0.99930000,33.60092000,b,l,
1525746426.5576,0.99960000,34.06503000,b,m,
1525722327.2874,0.99980000,34.03732000,s,m,
1525767427.2861,0.99930000,33.11394000,b,m,
1525804142.1508,1.00090000,34.04157000,s,l,
1525777715.4502,0.99930000,75.00000000,s,l,
1525790464.2296,0.99920000,30.06946000,b,l,
1525736863.3209,0.99970000,75.00000000,b,l,
1525804142.1361,1.00090000,34.04366000,s,l,
1525768150.1351,0.99920000,22.67498373,s,l,
1525721451.7681,0.99990000,34.02036000,b,l,
1525736756.3466,0.99940000,34.04795000,s,m,
1525746859.1847,0.99890000,34.05478000,s,l,
1525733361.8252,0.99960000,34.04936000,s,l,
1525784677.9269,0.99980000,34.07936000,b,l,
1525751777.4231,0.99800000,30.07127000,s,l,
1525784101.1261,0.99880000,34.09568000,s,m,
1525778121.0511,0.99980000,34.05499000,b,l,
1525730641.9701,0.99990000,34.04815000,b,l,
1525773803.3896,0.99900000,0.00000001,s,m,
1525787579.1567,0.99930000,34.14089000,s,m,
1525771754.4179,0.99940000,34.05097000,s,m,
1525736756.2804,0.99970000,75.00000000,s,m,
1525727671.9938,0.99990000,34.04260000,b,l,
1525790464.327,0.99920000,30.06946000,b,l,
1525784677.7898,0.99920000,30.06675000,b,l,
1525790464.2222,0.99920000,30.06946000,b,l,
1525784677.8571,0.99980000,34.07936000,b,l,
1525733361.8344,0.99960000,34.04940000,s,l,
1525725363.0587,0.99930000,34.03732000,b,m,
1525746859.1773,0.99890000,34.05478000,s,l,
1525721795.8446,0.99980000,34.04686000,s,m,
