time,bid,ask
1525753222.0,0.9977,0.9979
1525753224.0,0.9978,0.9979
1525753328.0,0.9978,0.998
1525753333.0,0.9977,0.998
1525753362.0,0.9978,0.998
1525753363.0,0.9978,0.9979
1525753438.0,0.9977,0.9978
1525753469.0,0.9976,0.9978
1525753470.0,0.9977,0.9978
1525753541.0,0.9977,0.998
1525753546.0,0.9978,0.998
1525753577.0,0.9978,0.9979
1525753580.0,0.9977,0.9979
1525753620.0,0.9978,0.9979
1525753758.0,0.9977,0.9979
1525753763.0,0.9978,0.9979
1525753837.0,0.9976,0.9979
1525753838.0,0.9977,0.9979
1525753866.0,0.9978,0.9979
1525753938.0,0.9978,0.9979
1525753978.0,0.9978,0.9979
1525754083.0,0.9978,0.998
1525754118.0,0.9978,0.9979
1525754191.0,0.9977,0.9978
1525754299.0,0.9978,0.998
1525754334.0,0.9978,0.9979
1525754442.0,0.9978,0.998
1525754443.0,0.9979,0.998
1525754550.0,0.9977,0.998
1525754552.0,0.9978,0.998
1525754586.0,0.9978,0.9979
1525754628.0,0.9977,0.9979
1525754658.0,0.9977,0.9978
1525754766.0,0.9977,0.9979
1525754802.0,0.9978,0.9979
1525754982.0,0.9977,0.9979
1525754985.0,0.9978,0.9979
1525755060.0,0.9977,0.9979
1525755090.0,0.9977,0.9979
1525755093.0,0.9978,0.9979
1525755239.0,0.9978,0.9979
1525755346.0,0.9977,0.9979
1525755377.0,0.9978,0.9979
1525755486.0,0.9978,0.9979
1525755564.0,0.9976,0.9979
1525755569.0,0.9977,0.9979
1525755599.0,0.9978,0.9979
1525755738.0,0.9978,0.9979
1525755810.0,0.9978,0.9979
1525756063.0,0.9976,0.9978
1525756064.0,0.9977,0.9978
1525756104.0,0.9977,0.998
1525756108.0,0.9978,0.998
1525756139.0,0.9979,0.998
1525756243.0,0.9978,0.998
1525756279.0,0.9979,0.998
1525756494.0,0.9979,0.998
1525756674.0,0.9978,0.998
1525756675.0,0.9978,0.9979
1525757286.0,0.9979,0.998
1525757723.0,0.9978,0.9979
1525757827.0,0.9978,0.998
1525757862.0,0.9979,0.998
1525757916.0,0.9981,0.9983
1525757920.0,0.9979,0.9983
1525757921.0,0.9982,0.9983
1525757938.0,0.9979,0.9983
1525757941.0,0.9981,0.9983
1525757942.0,0.9979,0.9983
1525757943.0,0.9982,0.9983
1525757944.0,0.9979,0.9983
1525757947.0,0.9979,0.9983
1525757950.0,0.9979,0.998
1525757952.0,0.9981,0.9983
1525757960.0,0.9979,0.9983
1525757975.0,0.9979,0.9982
1525757985.0,0.9979,0.9983
1525757992.0,0.998,0.9983
1525758006.0,0.9981,0.9983
1525758079.0,0.9982,0.9983
1525758187.0,0.998,0.9982
1525758188.0,0.9981,0.9982
1525758296.0,0.9981,0.9983
1525758298.0,0.9981,0.9982
1525758403.0,0.9981,0.9983
1525758475.0,0.9982,0.9983
1525758619.0,0.9982,0.9983
1525758727.0,0.9981,0.9983
1525758763.0,0.9981,0.9982
1525758875.0,0.9982,0.9983
1525758980.0,0.998,0.9983
1525759015.0,0.9981,0.9982
1525759123.0,0.9981,0.9982
1525759195.0,0.9981,0.9983
1525759304.0,0.9982,0.9983
1525759416.0,0.998,0.9983
1525759448.0,0.9981,0.9983
1525759518.0,0.9982,0.9983
1525759628.0,0.9981,0.9983
1525759704.0,0.9982,0.9983
1525759812.0,0.998,0.9983
1525759843.0,0.9981,0.9983
1525759916.0,0.9982,0.9983
1525760023.0,0.9981,0.9983
1525760095.0,0.9982,0.9983
1525760209.0,0.9981,0.9983
1525760275.0,0.9982,0.9983
1525760388.0,0.9981,0.9983
1525760455.0,0.9982,0.9983
1525760568.0,0.9981,0.9982
1525760671.0,0.9981,0.9983
1525760672.0,0.9981,0.9982
1525760851.0,0.9981,0.9983
1525760852.0,0.9981,0.9982
1525760964.0,0.9981,0.9982
1525761175.0,0.998,0.9981
1525761199.0,0.9985,0.9986
1525761202.0,0.998,0.9986
1525761203.0,0.9992,0.9993
1525761208.0,0.998,0.9993
1525761212.0,0.9981,0.9992
1525761215.0,0.9992,0.9993
1525761226.0,0.9981,0.9993
1525761228.0,0.9992,0.9993
1525761229.0,0.9981,0.9993
1525761230.0,0.9992,0.9993
1525761233.0,0.9981,0.9993
1525761237.0,0.9982,0.9993
1525761252.0,0.9982,0.9992
1525761254.0,0.9982,0.9993
1525761256.0,0.9992,0.9993
1525761260.0,0.9982,0.9993
1525761261.0,0.9992,0.9993
1525761262.0,0.9982,0.9993
1525761288.0,0.9983,0.9993
1525761290.0,0.9984,0.9993
1525761319.0,0.9984,0.9992
1525761320.0,0.9985,0.9992
1525761321.0,0.9985,0.9991
1525761323.0,0.9992,0.9993
1525761326.0,0.9985,0.9993
1525761327.0,0.9992,0.9993
1525761329.0,0.9985,0.9993
1525761355.0,0.9985,0.9992
1525761392.0,0.9986,0.9992
1525761416.0,0.999,0.9992
1525761418.0,0.9991,0.9992
1525761468.0,0.9991,0.9992
1525761967.0,0.999,0.9992
1525761968.0,0.9991,0.9992
1525762044.0,0.9992,0.9993
1525762226.0,0.999,0.9993
1525762256.0,0.999,0.9992
1525762257.0,0.9991,0.9992
1525762436.0,0.9991,0.9992
1525762437.0,0.9991,0.9992
1525762836.0,0.9991,0.9992
1525762940.0,0.9991,0.9993
1525762980.0,0.9992,0.9993
1525763083.0,0.9991,0.9993
1525763120.0,0.9992,0.9993
1525763448.0,0.9991,0.9993
1525763449.0,0.9991,0.9992
1525763551.0,0.9992,0.9993
1525763659.0,0.9991,0.9993
1525763660.0,0.9992,0.9993
1525763948.0,0.9991,0.9993
1525763949.0,0.9992,0.9993
1525764057.0,0.9991,0.9993
1525764091.0,0.9992,0.9993
1525764525.0,0.9991,0.9993
1525764560.0,0.9991,0.9992
1525764668.0,0.9991,0.9993
1525764669.0,0.9991,0.9992
1525764889.0,0.9992,0.9993
1525764993.0,0.9991,0.9992
1525765209.0,0.9991,0.9992
1525765893.0,0.9991,0.9993
1525765894.0,0.9991,0.9992
1525766721.0,0.9991,0.9993
1525766722.0,0.9991,0.9992
1525767157.0,0.9991,0.9993
1525767189.0,0.9992,0.9993
1525767371.0,0.9991,0.9993
1525767372.0,0.9992,0.9993
1525767513.0,0.9991,0.9993
1525767514.0,0.9992,0.9993
1525767621.0,0.9992,0.9993
1525767733.0,0.9992,0.9993
1525767945.0,0.9991,0.9993
1525767981.0,0.9992,0.9993
1525770164.0,0.9995,0.9998
1525770169.0,0.9993,0.9998
1525770174.0,0.9993,0.9999
1525770175.0,0.9992,0.9999
1525770177.0,0.9993,0.9998
1525770179.0,0.9994,0.9998
1525770182.0,0.9993,0.9998
1525770184.0,0.9995,0.9998
1525770201.0,0.9994,0.9998
1525770202.0,0.9996,0.9998
1525770213.0,0.9997,0.9998
1525770285.0,0.9996,0.9998
1525770286.0,0.9997,0.9998
1525770395.0,0.9996,0.9999
1525770396.0,0.9996,0.9998
1525770429.0,0.9995,0.9998
1525770434.0,0.9996,0.9998
1525770502.0,0.9997,0.9998
1525770610.0,0.9996,0.9997
1525770754.0,0.9996,0.9998
1525770826.0,0.9996,0.9997
1525770862.0,0.9996,0.9997
1525771043.0,0.9997,0.9998
1525771151.0,0.9996,0.9998
1525771222.0,0.9996,0.9997
1525771258.0,0.9996,0.9997
1525771366.0,0.9995,0.9997
1525771367.0,0.9996,0.9997
1525771547.0,0.9996,0.9997
1525771658.0,0.9996,0.9997
1525771754.0,0.9992,0.9997
1525771762.0,0.9993,0.9996
1525771838.0,0.9994,0.9996
1525771839.0,0.9994,0.9995
1525771943.0,0.9992,0.9995
1525771979.0,0.9992,0.9997
1525771980.0,0.9993,0.9997
1525772050.0,0.9994,0.9997
1525772087.0,0.9994,0.9998
1525772122.0,0.9994,0.9997
1525772123.0,0.9995,0.9997
1525772194.0,0.9996,0.9997
1525772230.0,0.9996,0.9997
1525772267.0,0.9993,0.9997
1525772302.0,0.9993,0.9996
1525772343.0,0.9994,0.9996
1525772374.0,0.9994,0.9995
1525772446.0,0.9993,0.9995
1525772447.0,0.9993,0.9994
1525772554.0,0.9992,0.9994
1525772555.0,0.9993,0.9998
1525772591.0,0.9993,0.9997
1525772627.0,0.9994,0.9997
1525772663.0,0.9994,0.9996
1525772698.0,0.9995,0.9996
1525772733.0,0.9995,0.9998
1525772734.0,0.9995,0.9996
1525772805.0,0.9994,0.9996
1525772882.0,0.9994,0.9995
1525772914.0,0.9993,0.9995
1525772986.0,0.9994,0.9998
1525773021.0,0.9995,0.9998
1525773022.0,0.9995,0.9997
1525773094.0,0.9996,0.9997
1525773203.0,0.9995,0.9997
1525773204.0,0.9995,0.9996
1525773310.0,0.9994,0.9996
1525773311.0,0.9995,0.9996
1525773418.0,0.9995,0.9998
1525773454.0,0.9995,0.9997
1525773489.0,0.9996,0.9997
1525773598.0,0.9995,0.9997
1525773636.0,0.9995,0.9996
1525773747.0,0.9995,0.9997
1525773778.0,0.9996,0.9997
1525773803.0,0.999,0.9997
1525773814.0,0.999,0.9995
1525773850.0,0.9991,0.9994
1525773927.0,0.9991,0.9995
1525773957.0,0.9991,0.9994
1525773958.0,0.9992,0.9994
1525774030.0,0.9993,0.9994
1525774139.0,0.9991,0.9994
1525774140.0,0.9992,0.9994
1525774210.0,0.9992,0.9993
1525774354.0,0.9991,0.9994
1525774390.0,0.9991,0.9995
1525774391.0,0.9991,0.9994
1525774462.0,0.9992,0.9994
1525774463.0,0.9992,0.9993
1525774571.0,0.9992,0.9994
1525774643.0,0.9993,0.9994
1525774751.0,0.9991,0.9994
1525774752.0,0.9992,0.9993
1525774823.0,0.9992,0.9994
1525774878.0,0.9992,0.9995
1525774895.0,0.9992,0.9994
1525774930.0,0.9993,0.9994
1525775044.0,0.9992,0.9994
1525775074.0,0.9992,0.9993
1525775152.0,0.9991,0.9993
1525775183.0,0.9992,0.9993
1525775327.0,0.9992,0.9995
1525775362.0,0.9992,0.9994
1525775434.0,0.9992,0.9993
1525775470.0,0.9992,0.9993
1525775543.0,0.9992,0.9995
1525775544.0,0.9993,0.9994
1525775691.0,0.9991,0.9994
1525775727.0,0.9992,0.9994
1525775794.0,0.9993,0.9994
1525775830.0,0.9993,0.9995
1525775831.0,0.9993,0.9994
1525775909.0,0.9992,0.9994
1525775974.0,0.9993,0.9994
1525776010.0,0.9993,0.9994
1525776082.0,0.9991,0.9993
1525776083.0,0.9992,0.9993
1525776190.0,0.9991,0.9994
1525776191.0,0.9992,0.9994
1525776264.0,0.9992,0.9993
1525776376.0,0.9992,0.9994
1525776406.0,0.9992,0.9994
1525776479.0,0.9993,0.9995
1525776515.0,0.9993,0.9994
1525776587.0,0.9992,0.9994
1525776660.0,0.9993,0.9994
1525776766.0,0.9991,0.9994
1525776768.0,0.9992,0.9994
1525776803.0,0.9992,0.9993
1525776874.0,0.9991,0.9993
1525776875.0,0.9991,0.9992
1525776983.0,0.9991,0.9994
1525776984.0,0.9992,0.9994
1525777055.0,0.9993,0.9994
1525777167.0,0.9992,0.9993
1525777272.0,0.9993,0.9994
1525777344.0,0.9992,0.9994
1525777345.0,0.9993,0.9994
1525777348.0,0.9993,0.9995
1525777414.0,0.9994,0.9995
1525777525.0,0.9992,0.9995
1525777559.0,0.9992,0.9994
1525777595.0,0.9993,0.9994
1525777667.0,0.9994,0.9995
1525777715.0,0.9992,0.9995
1525777739.0,0.9993,0.9994
1525777919.0,0.9993,0.9994
1525777922.0,0.9994,0.9995
1525778118.0,0.9994,0.9998
1525778136.0,0.9995,0.9997
1525778171.0,0.9996,0.9997
1525778297.0,0.9994,0.9997
1525778299.0,0.9993,0.9997
1525778315.0,0.9994,0.9996
1525778321.0,0.9995,0.9996
1525778358.0,0.9983,0.9988
1525778361.0,0.9983,0.9996
1525778387.0,0.9984,0.9995
1525778429.0,0.9984,0.9994
1525778430.0,0.9984,0.9993
1525778460.0,0.9985,0.9993
1525778496.0,0.9985,0.9992
1525778507.0,0.9985,0.9993
1525778531.0,0.9985,0.9992
1525778532.0,0.9986,0.9992
1525778604.0,0.9987,0.9992
1525778640.0,0.9987,0.9991
1525778647.0,0.9977,0.9991
1525778650.0,0.9978,0.9991
1525778657.0,0.9979,0.9991
1525778663.0,0.9979,0.9986
1525778671.0,0.9978,0.9986
1525778674.0,0.9978,0.9985
1525778675.0,0.9979,0.9985
1525778680.0,0.998,0.9985
1525778712.0,0.9981,0.9985
1525778726.0,0.9981,0.9996
1525778738.0,0.9982,0.9996
1525778748.0,0.9983,0.9995
1525778749.0,0.9983,0.9994
1525778783.0,0.9983,0.9993
1525778788.0,0.9983,0.9992
1525778819.0,0.9984,0.9992
1525778833.0,0.999,0.9992
1525778855.0,0.999,0.9991
1525778928.0,0.999,0.9993
1525778963.0,0.9991,0.9993
1525779004.0,0.9991,0.9992
1525779079.0,0.9991,0.9996
1525779082.0,0.9991,0.9992
1525779084.0,0.9991,0.9996
1525779108.0,0.9991,0.9995
1525779111.0,0.9991,0.9994
1525779143.0,0.9992,0.9993
1525779257.0,0.999,0.9992
1525779258.0,0.9991,0.9992
1525779353.0,0.9978,0.9989
1525779355.0,0.9977,0.9992
1525779356.0,0.9977,0.9988
1525779357.0,0.9978,0.9988
1525779358.0,0.9979,0.9988
1525779359.0,0.998,0.9988
1525779360.0,0.998,0.9987
1525779386.0,0.9981,0.9987
1525779395.0,0.9982,0.9987
1525779439.0,0.9982,0.999
1525779468.0,0.9983,0.999
1525779539.0,0.9984,0.9992
1525779575.0,0.9984,0.9991
1525779617.0,0.9985,0.9991
1525779683.0,0.9986,0.9991
1525779720.0,0.9986,0.999
1525779756.0,0.9987,0.999
1525779791.0,0.9987,0.9989
1525779828.0,0.9988,0.9989
1525779864.0,0.9988,0.999
1525779940.0,0.998,0.999
1525779942.0,0.9981,0.9989
1525780003.0,0.9977,0.9989
1525780005.0,0.9978,0.9989
1525780007.0,0.9979,0.9989
1525780008.0,0.9979,0.9988
1525780009.0,0.9977,0.9978
1525780014.0,0.9977,0.9988
1525780017.0,0.9978,0.9988
1525780025.0,0.9977,0.9988
1525780043.0,0.9977,0.9981
1525780044.0,0.9978,0.9988
1525780066.0,0.9978,0.9989
1525780067.0,0.9978,0.9987
1525780069.0,0.9978,0.9989
1525780070.0,0.9978,0.9986
1525780072.0,0.9978,0.9989
1525780079.0,0.9978,0.999
1525780080.0,0.9979,0.9989
1525780112.0,0.9979,0.9987
1525780153.0,0.998,0.9987
1525780225.0,0.9981,0.9986
1525780227.0,0.998,0.9981
1525780230.0,0.998,0.9986
1525780231.0,0.998,0.9981
1525780233.0,0.998,0.9986
1525780260.0,0.9979,0.9986
1525780295.0,0.9979,0.9985
1525780332.0,0.998,0.9985
1525780368.0,0.998,0.9984
1525780405.0,0.9981,0.9984
1525780476.0,0.9982,0.9986
1525780547.0,0.9983,0.9986
1525780548.0,0.9983,0.9985
1525780561.0,0.9983,0.9984
1525780566.0,0.9983,0.9985
1525780621.0,0.9984,0.9986
1525780692.0,0.9984,0.9985
1525780719.0,0.9984,0.9987
1525780726.0,0.9985,0.9987
1525780837.0,0.9985,0.9986
1525780892.0,0.9985,0.9995
1525780895.0,0.9985,0.9994
1525780897.0,0.9987,0.9994
1525780906.0,0.9981,0.9994
1525780907.0,0.9978,0.9994
1525780908.0,0.9982,0.9994
1525780912.0,0.9982,0.9993
1525780944.0,0.9982,0.9994
1525780947.0,0.9982,0.9992
1525780969.0,0.9982,0.9991
1525780974.0,0.9983,0.9991
1525780982.0,0.9983,0.999
1525781051.0,0.9984,0.999
1525781093.0,0.9984,0.9989
1525781124.0,0.9985,0.9989
1525781126.0,0.9985,0.9988
1525781164.0,0.9985,0.9989
1525781196.0,0.9986,0.9988
1525781269.0,0.9987,0.9989
1525781270.0,0.9987,0.9988
1525781376.0,0.9987,0.999
1525781377.0,0.9987,0.9989
1525781412.0,0.9984,0.9989
1525781484.0,0.9985,0.9989
1525781526.0,0.9985,0.9988
1525781556.0,0.9986,0.9988
1525781628.0,0.9987,0.999
1525781638.0,0.9987,0.9991
1525781649.0,0.9987,0.9988
1525781741.0,0.9983,0.9988
1525781802.0,0.9986,0.9988
1525781808.0,0.9986,0.9987
1525781880.0,0.9986,0.9987
1525781952.0,0.9986,0.9988
1525781989.0,0.9986,0.9987
1525782027.0,0.9986,0.9988
1525782028.0,0.9986,0.9994
1525782060.0,0.9987,0.9994
1525782124.0,0.9987,0.9996
1525782133.0,0.9988,0.9996
1525782135.0,0.9988,0.9995
1525782158.0,0.9994,0.9995
1525782196.0,0.9994,0.9996
1525782205.0,0.9994,0.9997
1525782244.0,0.9994,0.9996
1525782312.0,0.9994,0.9995
1525782421.0,0.9994,0.9995
1525782534.0,0.9994,0.9997
1525782565.0,0.9994,0.9996
1525782677.0,0.9995,0.9996
1525782679.0,0.9995,0.9998
1525782713.0,0.9995,0.9997
1525782714.0,0.9995,0.9996
1525782781.0,0.9995,0.9997
1525782817.0,0.9995,0.9996
1525783029.0,0.9995,0.9997
1525783032.0,0.9995,0.9996
1525783108.0,0.9995,0.9997
1525783119.0,0.9995,0.9996
1525783215.0,0.9995,0.9997
1525783218.0,0.9995,0.9996
1525783226.0,0.9995,0.9997
1525783231.0,0.9995,0.9996
1525783240.0,0.9995,0.9997
1525783244.0,0.9995,0.9996
1525783427.0,0.9994,0.9996
1525783428.0,0.9995,0.9996
1525783435.0,0.9995,0.9998
1525783436.0,0.9995,0.9997
1525783443.0,0.9995,0.9996
1525783574.0,0.9995,0.9997
1525783608.0,0.9995,0.9996
1525783644.0,0.9994,0.9995
1525783790.0,0.9994,0.9998
1525783794.0,0.9994,0.9995
1525783830.0,0.9994,0.9998
1525783860.0,0.9994,0.9997
1525783863.0,0.9994,0.9996
1525783896.0,0.9994,0.9995
1525784101.0,0.9976,0.9995
1525784103.0,0.9977,0.9995
1525784108.0,0.9977,0.9994
1525784109.0,0.9978,0.9994
1525784114.0,0.9978,0.9992
1525784117.0,0.9979,0.9992
1525784184.0,0.9979,0.9991
1525784225.0,0.998,0.9991
1525784292.0,0.9981,0.9991
1525784328.0,0.9981,0.9992
1525784329.0,0.9981,0.9991
1525784365.0,0.9982,0.999
1525784427.0,0.9982,0.9989
1525784436.0,0.9983,0.9989
1525784478.0,0.9983,0.9991
1525784509.0,0.9984,0.9992
1525784544.0,0.9984,0.9991
1525784582.0,0.9985,0.9991
1525784636.0,0.9991,0.9992
1525784654.0,0.9985,0.9992
1525784677.0,0.9985,0.9998
1525784684.0,0.9985,0.9997
1525784686.0,0.9992,0.9997
1525784699.0,0.9993,0.9997
1525784726.0,0.9994,0.9997
1525784762.0,0.9994,0.9996
1525784791.0,0.9994,0.9997
1525784801.0,0.9994,0.9996
1525784828.0,0.9994,0.9997
1525784832.0,0.9995,0.9996
1525784909.0,0.9996,0.9997
1525785013.0,0.9993,0.9996
1525785049.0,0.9994,0.9996
1525785052.0,0.9994,0.9995
1525785086.0,0.9994,0.9996
1525785121.0,0.9994,0.9995
1525785228.0,0.9994,0.9995
1525785265.0,0.9994,0.9995
1525785517.0,0.9994,0.9995
1525785734.0,0.9994,0.9995
1525785807.0,0.9993,0.9995
1525785841.0,0.9993,0.9994
1525785949.0,0.9994,0.9995
1525786059.0,0.9994,0.9997
1525786093.0,0.9995,0.9996
1525786184.0,0.9995,0.9997
1525786202.0,0.9993,0.9997
1525786203.0,0.9994,0.9996
1525786237.0,0.9994,0.9995
1525786309.0,0.9993,0.9994
1525786381.0,0.9993,0.9995
1525786384.0,0.9993,0.9996
1525786418.0,0.9994,0.9996
1525786420.0,0.9994,0.9995
1525786489.0,0.9994,0.9995
1525786490.0,0.9994,0.9997
1525786526.0,0.9994,0.9996
1525786560.0,0.9994,0.9995
1525786597.0,0.9994,0.9995
1525786669.0,0.9995,0.9996
1525786707.0,0.9995,0.9997
1525786741.0,0.9996,0.9997
1525786850.0,0.9994,0.9996
1525786870.0,0.9994,0.9995
1525786924.0,0.9994,0.9997
1525786956.0,0.9993,0.9997
1525786957.0,0.9994,0.9997
1525786959.0,0.9994,0.9996
1525786994.0,0.9994,0.9995
1525787353.0,0.9994,0.9995
1525787579.0,0.9975,0.9995
1525787581.0,0.9976,0.9995
1525787585.0,0.9977,0.9994
1525787586.0,0.9977,0.9992
1525787589.0,0.9978,0.9992
1525787594.0,0.9977,0.9991
1525787605.0,0.9978,0.999
1525787608.0,0.9979,0.999
1525787641.0,0.998,0.999
1525787718.0,0.998,0.999
1525787750.0,0.998,0.9989
1525787785.0,0.9981,0.9989
1525787834.0,0.9981,0.9988
1525787857.0,0.9982,0.9987
1525787930.0,0.9983,0.9987
1525787931.0,0.9983,0.9991
1525787969.0,0.9983,0.999
1525788006.0,0.9984,0.9989
1525788028.0,0.9984,0.9988
1525788038.0,0.9984,0.9987
1525788073.0,0.9985,0.9987
1525788110.0,0.9985,0.9992
1525788114.0,0.9986,0.9992
1525788146.0,0.9987,0.9992
1525788147.0,0.9987,0.9991
1525788182.0,0.9988,0.9991
1525788203.0,0.9987,0.9991
1525788217.0,0.9988,0.999
1525788256.0,0.9988,0.9989
1525788294.0,0.9979,0.9988
1525788363.0,0.998,0.9988
1525788398.0,0.998,0.9988
1525788440.0,0.9981,0.9988
1525788469.0,0.9981,0.9989
1525788470.0,0.9981,0.9988
1525788505.0,0.9982,0.9988
1525788546.0,0.9982,0.9988
1525788577.0,0.9983,0.9988
1525788616.0,0.9983,0.9987
1525788650.0,0.9984,0.9986
1525788722.0,0.9985,0.9988
1525788724.0,0.9985,0.9987
1525788758.0,0.9985,0.9986
1525788829.0,0.9978,0.999
1525788832.0,0.9979,0.999
1525788865.0,0.998,0.9989
1525788937.0,0.9981,0.9989
1525788938.0,0.9981,0.9988
1525789014.0,0.9982,0.9987
1525789086.0,0.9983,0.9991
1525789087.0,0.9983,0.9987
1525789153.0,0.9984,0.9987
1525789196.0,0.9984,0.9991
1525789225.0,0.9985,0.9991
1525789226.0,0.9985,0.999
1525789266.0,0.9985,0.9989
1525789333.0,0.9985,0.9988
1525789336.0,0.9985,0.9987
1525789369.0,0.9985,0.9986
1525789370.0,0.998,0.9986
1525789443.0,0.9981,0.9987
1525789478.0,0.9981,0.9991
1525789482.0,0.9981,0.999
1525789513.0,0.9982,0.9989
1525789590.0,0.9983,0.999
1525789591.0,0.9983,0.9989
1525789593.0,0.9983,0.9988
1525789622.0,0.9983,0.9987
1525789662.0,0.9984,0.9987
1525789694.0,0.9984,0.999
1525789735.0,0.9985,0.999
1525789766.0,0.9985,0.9991
1525789767.0,0.9985,0.999
1525789768.0,0.9985,0.9989
1525789799.0,0.9985,0.999
1525789802.0,0.9986,0.999
1525789841.0,0.9986,0.9992
1525789842.0,0.9986,0.999
1525789874.0,0.9987,0.999
1525789875.0,0.9987,0.9989
1525789913.0,0.9987,0.999
1525789946.0,0.9988,0.999
1525790018.0,0.9989,0.999
1525790128.0,0.998,0.999
1525790198.0,0.9981,0.9989
1525790271.0,0.9982,0.9988
1525790308.0,0.9982,0.9987
1525790343.0,0.9983,0.9986
1525790415.0,0.9984,0.9986
1525790416.0,0.9984,0.9985
1525790464.0,0.9984,0.9997
1525790469.0,0.9984,0.9998
1525790471.0,0.9984,0.9996
1525790472.0,0.9985,0.9996
1525790479.0,0.9986,0.9998
1525790486.0,0.9986,0.9997
1525790522.0,0.9987,0.9997
1525790523.0,0.9987,0.9996
1525790594.0,0.9987,0.9995
1525790667.0,0.9987,0.9994
1525790702.0,0.9988,0.9994
1525790739.0,0.9988,0.9993
1525790774.0,0.9989,0.9993
1525790800.0,0.9986,0.9993
1525790810.0,0.9987,0.9993
1525790824.0,0.9987,0.9989
1525790882.0,0.9988,0.9989
1525790990.0,0.9986,0.9989
1525790992.0,0.9987,0.9989
1525791062.0,0.9987,0.9988
1525791171.0,0.9987,0.9988
1525791207.0,0.9987,0.9988
1525791278.0,0.9987,0.9989
1525791314.0,0.9987,0.9989
1525791386.0,0.9988,0.9989
1525791495.0,0.9987,0.9989
1525791566.0,0.9988,0.9989
1525791855.0,0.9988,0.9989
1525791963.0,0.9986,0.9989
1525791999.0,0.9987,0.9989
1525792036.0,0.9987,0.9988
1525792180.0,0.9987,0.9988
1525792287.0,0.9986,0.9988
1525792322.0,0.9987,0.9988
1525792457.0,1.001,1.0012
1525792460.0,1.001,1.0011
1525794704.0,1.001,1.0012
1525794742.0,1.0011,1.0012
1525794775.0,1.001,1.0012
1525794796.0,1.0011,1.0012
1525794829.0,1.001,1.0012
1525794846.0,1.0011,1.0012
1525794910.0,1.001,1.0012
1525794918.0,1.0011,1.0012
1525794946.0,1.001,1.0012
1525794955.0,1.0011,1.0012
1525795012.0,1.001,1.0012
1525795030.0,1.0011,1.0012
1525795207.0,1.001,1.0012
1525795236.0,1.0011,1.0012
1525795300.0,1.001,1.0012
1525795311.0,1.0011,1.0012
1525795338.0,1.001,1.0012
1525795354.0,1.0011,1.0012
1525795450.0,1.001,1.0012
1525795457.0,1.0011,1.0012
1525795525.0,1.001,1.0012
1525795527.0,1.0011,1.0012
1525795557.0,1.001,1.0012
1525795572.0,1.0011,1.0012
1525795600.0,1.001,1.0012
1525795609.0,1.0011,1.0012
1525795783.0,1.001,1.0012
1525795817.0,1.0011,1.0012
1525795981.0,1.001,1.0012
1525795987.0,1.0011,1.0012
1525796073.0,1.001,1.0012
1525796081.0,1.0011,1.0012
1525796137.0,1.001,1.0012
1525796143.0,1.0011,1.0012
1525796190.0,1.001,1.0012
1525796202.0,1.0011,1.0012
1525796281.0,1.001,1.0012
1525796290.0,1.0011,1.0012
1525796429.0,1.001,1.0012
1525796468.0,1.0011,1.0012
1525796501.0,1.001,1.0012
1525796537.0,1.0011,1.0012
1525796571.0,1.001,1.0012
1525796576.0,1.0011,1.0012
1525796661.0,1.001,1.0012
1525796672.0,1.0011,1.0012
1525796703.0,1.001,1.0012
1525796720.0,1.0011,1.0012
1525796787.0,1.001,1.0012
1525796790.0,1.0011,1.0012
1525796897.0,1.001,1.0012
1525796910.0,1.0011,1.0012
1525797042.0,1.001,1.0012
1525797077.0,1.0011,1.0012
1525797190.0,1.001,1.0012
1525797211.0,1.0011,1.0012
1525797364.0,1.001,1.0011
1525799979.0,1.0011,1.0012
1525803967.0,1.001,1.0011
1525804142.0,1.0009,1.0011
1525804168.0,1.0009,1.001
1525804173.0,0.9999,1.001
1525804183.0,0.9999,1.0008
1525804203.0,1.0,1.0008
1525804210.0,1.0,1.0007
1525804281.0,1.0001,1.0007
1525804317.0,1.0002,1.0007
1525804349.0,1.0002,1.0008
1525804350.0,1.0002,1.0007
1525804385.0,1.0003,1.0007
1525804421.0,1.0003,1.0007
1525804457.0,1.0004,1.0007
1525804499.0,1.0004,1.0006
1525804530.0,1.0005,1.0006
1525804638.0,1.0003,1.0006
1525804674.0,1.0003,1.0005
1525804675.0,1.0004,1.0005
1525804782.0,1.0004,1.0007
1525804853.0,1.0003,1.0006
1525804998.0,1.0004,1.0007
1525804999.0,1.0004,1.0006
1525805069.0,1.0005,1.0008
1525805070.0,1.0005,1.0007
1525805141.0,1.0005,1.0006
1525805182.0,1.0004,1.0006
1525805214.0,1.0004,1.0005
1525805310.0,1.0004,1.0008
1525805318.0,1.0005,1.0008
1525805322.0,1.0005,1.0007
1525805357.0,1.0006,1.0007
1525805609.0,1.0006,1.0008
1525805646.0,1.0006,1.0007
1525805753.0,1.0006,1.0008
1525805754.0,1.0006,1.0007
1525805826.0,1.0005,1.0007
1525805827.0,1.0006,1.0007
1525805974.0,1.0006,1.0007
1525806046.0,1.0006,1.0007
1525806150.0,1.0005,1.0007
1525806185.0,1.0006,1.0007
1525806258.0,1.0006,1.0007
1525806261.0,1.0006,1.0011
1525806294.0,1.0006,1.001
1525806331.0,1.0007,1.001
1525806402.0,1.0008,1.001
1525806726.0,1.0008,1.0011
1525806762.0,1.0008,1.001
1525807054.0,1.0007,1.001
1525807085.0,1.0007,1.0008
1525807162.0,1.0006,1.0007
1525807234.0,1.0006,1.0008
1525807235.0,1.0007,1.0008
1525807343.0,1.0006,1.001
1525807374.0,1.0006,1.0008
1525807446.0,1.0007,1.0008
1525807482.0,1.0007,1.0008
1525807647.0,1.0006,1.0008
1525807666.0,1.0006,1.0007
1525807913.0,1.0005,1.0007
1525807914.0,1.0006,1.0007
1525808130.0,1.0006,1.0007
1525808350.0,1.0005,1.0006
1525809160.0,1.0006,1.0007
1525809299.0,0.9991,0.9992
1525809302.0,0.999,1.0006
1525809311.0,0.9991,1.0006
1525809318.0,0.9992,1.0005
1525809320.0,0.9992,1.0004
1525809321.0,0.9992,1.0005
1525809323.0,0.9992,1.0003
1525809342.0,0.9992,1.0004
1525809344.0,0.9992,1.0002
1525809345.0,0.9992,1.0004
1525809347.0,0.9992,1.0001
1525809348.0,0.9992,1.0004
1525809349.0,0.9992,1.0
1525809355.0,0.9993,0.9999
1525809390.0,0.9994,0.9999
1525809426.0,0.9995,1.0002
1525809462.0,0.9996,1.0002
1525809503.0,0.9997,1.0001
1525809507.0,0.9996,0.9997
1525809514.0,0.9996,1.0001
1525809515.0,0.9996,0.9997
1525809519.0,0.9996,1.0001
1525809521.0,0.9996,0.9997
1525809522.0,0.9996,1.0001
1525809534.0,0.9997,1.0001
1525809536.0,0.9991,0.9997
1525809542.0,0.999,1.0001
1525809545.0,0.9991,1.0001
1525809570.0,0.9992,1.0
1525809606.0,0.9993,0.9999
1525809607.0,0.9993,1.0
1525809611.0,0.9993,0.9999
1525809642.0,0.9994,0.9999
1525809678.0,0.9995,0.9998
1525809714.0,0.9996,0.9998
1525809750.0,0.9997,0.9998
1525809786.0,0.9998,0.9999
1525809859.0,0.999,0.9999
1525809893.0,0.999,0.9998
1525809894.0,0.9991,0.9998
1525809931.0,0.9992,0.9998
1525809966.0,0.9993,0.9998
1525809967.0,0.9993,0.9997
1525810003.0,0.9994,0.9997
1525810039.0,0.9995,0.9998
1525810075.0,0.9996,0.9998
1525810110.0,0.9996,0.9997
1525810146.0,0.999,0.9997
1525810187.0,0.9991,0.9997
1525810188.0,0.9991,0.9998
1525810218.0,0.9992,0.9998
1525810259.0,0.9993,0.9998
1525810295.0,0.9994,0.9998
1525810326.0,0.9995,0.9998
1525810365.0,0.9996,0.9998
1525810398.0,0.9996,0.9997
1525810471.0,0.9997,0.9998
1525810579.0,0.9991,0.9998
1525810615.0,0.9992,0.9998
1525810650.0,0.9993,0.9998
1525810686.0,0.9994,0.9997
1525810725.0,0.9995,0.9997
1525810763.0,0.9996,0.9997
1525810867.0,0.999,0.9997
1525810903.0,0.9991,0.9998
1525810939.0,0.9992,0.9998
1525810975.0,0.9993,0.9997
1525811010.0,0.9994,0.9997
1525811047.0,0.9995,0.9997
1525811050.0,0.9995,0.9996
1525811118.0,0.9991,0.9995
1525811154.0,0.9992,0.9995
1525811227.0,0.9992,0.9999
1525811299.0,0.9993,0.9999
1525811371.0,0.9994,0.9999
1525811408.0,0.9994,0.9998
1525811483.0,0.9992,0.9998
1525811485.0,0.9992,0.9997
1525811586.0,0.9993,1.0
1525811587.0,0.9993,0.9996
1525811659.0,0.9993,0.9998
1525811670.0,0.9992,0.9998
1525811674.0,0.9991,0.9998
1525811695.0,0.9992,0.9998
1525811731.0,0.9992,0.9997
1525811771.0,0.9993,0.9997
1525811803.0,0.9993,0.9996
1525811838.0,0.9994,0.9996
1525811874.0,0.9994,1.0
1525811875.0,0.9994,0.9996
1525811910.0,0.9995,0.9996
1525811946.0,0.9995,0.9999
1525811947.0,0.9995,0.9998
1525811983.0,0.9991,0.9998
1525812019.0,0.9992,0.9998
1525812020.0,0.9992,0.9997
1525812091.0,0.9992,0.9999
1525812199.0,0.9992,1.0
1525812200.0,0.9992,0.9999
1525812237.0,0.9993,0.9999
1525812262.0,0.999,0.9999
1525812272.0,0.999,0.9998
1525812273.0,0.9991,0.9998
1525812274.0,0.9991,0.9993
1525812408.0,0.9991,1.0
1525812415.0,0.9991,0.9999
1525812523.0,0.9992,0.9999
1525812595.0,0.9993,0.9999
1525812596.0,0.9993,0.9999
1525812671.0,0.9994,0.9998
1525812738.0,0.9995,0.9998
1525812779.0,0.9995,0.9997
1525812810.0,0.9996,0.9997
1525812884.0,0.9996,0.9999
1525812920.0,0.9992,0.9999
1525812990.0,0.9993,0.9999
1525812991.0,0.9993,0.9998
1525813010.0,0.9992,0.9993
1525813026.0,0.9991,0.9993
1525813063.0,0.9992,0.9993
1525813133.0,0.9992,1.0
1525813135.0,0.9992,0.9999
1525813147.0,0.999,0.9999
1525813159.0,0.999,0.9992
1525813171.0,0.9991,0.9992
1525813387.0,0.999,0.9992
1525813388.0,0.9991,0.9992
1525813531.0,0.999,0.9991
1525813855.0,0.9991,0.9992
1525813917.0,0.9991,1.0007
1525813920.0,0.9992,1.0007
1525813923.0,0.9992,1.0006
1525813925.0,0.9992,1.0005
1525813927.0,0.9993,1.0005
1525813928.0,0.9993,1.0004
1525813963.0,0.9994,1.0003
1525814003.0,0.9995,1.0002
1525814035.0,0.9996,1.0002
1525814071.0,0.9997,1.0002
1525814107.0,0.9998,1.0002
1525814143.0,0.9999,1.0002
1525814179.0,1.0,1.0002
1525814216.0,1.0001,1.0002
1525814360.0,1.0002,1.0003
1525814611.0,1.0001,1.0003
1525814612.0,1.0002,1.0003
1525814635.0,1.0001,1.0003
1525814652.0,1.0002,1.0003
1525814976.0,1.0001,1.0003
1525814977.0,1.0001,1.0002
1525816450.0,1.0001,1.0003
1525816483.0,1.0002,1.0003
1525816596.0,1.0002,1.0003
1525816735.0,1.0001,1.0002
1525816917.0,1.0001,1.0002
1525817024.0,1.0002,1.0003
1525817312.0,1.0002,1.0003
1525817747.0,1.0002,1.0004
1525817779.0,1.0002,1.0003
1525817816.0,1.0002,1.0003
1525817960.0,1.0001,1.0002
1525818176.0,1.0001,1.0002
1525820246.0,1.0001,1.0003
1525820265.0,1.0002,1.0003
1525820376.0,1.0001,1.0002
1525827633.0,1.0002,1.0003
1525828557.0,1.0001,1.0003
1525828583.0,1.0001,1.0002
1525828645.0,1.0001,1.0003
1525828655.0,1.0002,1.0003
1525828906.0,1.0002,1.0003
1525829051.0,1.0001,1.0003
1525829087.0,1.0001,1.0002
1525829194.0,1.0002,1.0003
1525830315.0,1.0001,1.0002
1525830423.0,1.0002,1.0003
1525830532.0,1.0001,1.0002
1525830635.0,1.0002,1.0003
1525830743.0,1.0001,1.0003
1525830744.0,1.0002,1.0003
1525831000.0,1.0002,1.0003
1525831254.0,1.0002,1.0004
1525831286.0,1.0002,1.0003
1525832110.0,1.0001,1.0002
1525833592.0,0.9993,1.0
1525833595.0,0.9991,1.0
1525833598.0,0.9994,1.0
1525833600.0,0.9991,1.0
1525833601.0,0.9995,1.0
1525833603.0,0.9991,1.0
1525833604.0,0.9991,1.0
1525833623.0,0.9992,0.9999
1525833696.0,0.9993,0.9998
1525833768.0,0.9994,0.9998
1525833839.0,0.9995,0.9998
1525833875.0,0.9995,0.9999
1525833912.0,0.9996,0.9999
1525833952.0,0.9996,0.9998
1525833984.0,0.9997,0.9998
1525834055.0,0.9998,1.0
1525834091.0,0.9998,0.9999
1525834166.0,0.9993,0.9999
1525834167.0,0.9993,0.9998
1525834236.0,0.9994,0.9997
1525834260.0,0.9994,1.0
1525834273.0,0.9994,0.9999
1525834307.0,0.9995,0.9999
1525834344.0,0.9995,0.9998
1525834380.0,0.9996,0.9998
1525834415.0,0.9996,0.9997
1525834490.0,0.9993,0.9997
1525834495.0,0.9993,1.0
1525834525.0,0.9993,0.9999
1525834559.0,0.9994,0.9999
1525834596.0,0.9995,0.9999
1525834631.0,0.9995,0.9998
1525834659.0,0.9995,0.9999
1525834665.0,0.999,0.9999
1525834668.0,0.9991,0.9999
1525834679.0,0.9991,0.9998
1525834739.0,0.9992,0.9997
1525834811.0,0.9993,0.9996
1525834884.0,0.9994,0.9996
1525834957.0,0.9995,0.9996
1525835033.0,0.9995,1.0
1525835047.0,0.9996,1.0
1525835063.0,0.9996,0.9999
1525835099.0,0.9997,0.9999
1525835176.0,0.9998,0.9999
1525835320.0,0.9996,0.9999
1525835321.0,0.9997,0.9999
1525835362.0,0.999,0.9991
1525835365.0,0.999,0.9999
1525835388.0,0.9991,0.9998
1525835460.0,0.9992,0.9998
1525835465.0,0.9995,0.9998
1525835469.0,0.9992,0.9994
1525835472.0,0.9992,0.9998
1525835473.0,0.9992,0.9997
1525835475.0,0.9992,0.9998
1525835532.0,0.9993,0.9997
1525835603.0,0.9994,0.9996
1525835676.0,0.9995,0.9999
1525835748.0,0.9996,0.9998
1525835820.0,0.9997,0.9998
1525835856.0,0.9997,0.9999
1525835892.0,0.9998,0.9999
1525835963.0,0.9998,1.0
1525835964.0,0.9998,0.9999
1525836001.0,0.9991,0.9999
1525836037.0,0.9991,0.9998
1525836072.0,0.9992,0.9998
1525836144.0,0.9993,0.9998
1525836223.0,0.9994,0.9997
1525836288.0,0.9995,0.9997
1525836326.0,0.9995,0.9996
1525836435.0,0.9992,0.9996
1525836436.0,0.9992,0.9999
1525836468.0,0.9992,0.9998
1525836504.0,0.9993,0.9998
1525836541.0,0.9993,0.9997
1525836576.0,0.9994,0.9997
1525836626.0,0.9994,0.9996
1525836627.0,0.9994,0.9995
1525836685.0,0.9991,0.9994
1525836720.0,0.9991,0.9993
1525836757.0,0.9992,0.9993
1525836828.0,0.9992,0.9993
1525836864.0,0.9991,0.9993
1525836900.0,0.9991,0.9993
1525836936.0,0.9992,0.9993
1525836972.0,0.9992,0.9994
1525837012.0,0.9993,0.9994
1525837116.0,0.999,0.9997
1525837152.0,0.9991,0.9997
1525837188.0,0.9991,0.9996
1525837225.0,0.9992,0.9996
1525837300.0,0.9993,0.9998
1525837368.0,0.9994,0.9998
1525837404.0,0.9994,0.9999
1525837439.0,0.9995,0.9998
1525837511.0,0.9995,0.9997
1525837512.0,0.9996,0.9997
1525837561.0,0.999,0.9997
1525837586.0,0.9991,0.9996
1525837589.0,0.9991,0.9995
1525837656.0,0.9992,0.9995
1525837692.0,0.9992,0.9994
1525837703.0,0.999,0.9994
1525837729.0,0.9991,0.9994
1525837737.0,0.9991,0.9992
1525837890.0,0.999,0.9992
1525837913.0,0.9991,0.9992
1525838016.0,0.999,0.9992
1525838052.0,0.9991,0.9992
1525838418.0,0.9991,0.9992
1525838556.0,0.9991,0.9992
1525838845.0,0.9991,0.9992
1525839349.0,0.999,0.9991
1525839457.0,0.999,0.9992
1525839458.0,0.9991,0.9992
1525839605.0,0.999,0.9991
1525839785.0,0.9991,0.9992
1525839896.0,0.999,0.9992
1525839925.0,0.9991,0.9992
1525840033.0,0.9991,0.9992
1525840429.0,0.9991,0.9992
1525840542.0,0.999,0.9991
1525840686.0,0.999,0.9991
1525840790.0,0.999,0.9992
1525840831.0,0.9991,0.9992
1525840934.0,0.999,0.9992
1525840974.0,0.9991,0.9992
1525841078.0,0.999,0.9992
1525841118.0,0.999,0.9991
1525841364.0,0.999,0.9991
1525841473.0,0.999,0.9991
1525841503.0,0.9991,0.9992
1525841596.0,0.9991,1.0
1525841603.0,0.9993,1.0
1525841617.0,0.9993,0.9999
1525841657.0,0.9994,0.9999
1525841694.0,0.9994,0.9998
1525841725.0,0.9995,0.9998
1525841798.0,0.9995,0.9997
1525841799.0,0.9996,0.9997
1525841871.0,0.9996,0.9998
1525841891.0,1.0,1.0001
1525848195.0,0.9992,0.9993
1525848200.0,0.9992,1.0
1525848201.0,0.9992,0.9999
1525848202.0,0.9992,0.9998
1525848206.0,0.9992,0.9999
1525848208.0,0.9993,0.9998
1525848283.0,0.9994,0.9998
1525848351.0,0.9995,0.9998
1525848423.0,0.9996,0.9998
1525848495.0,0.9997,0.9998
1525848602.0,0.9997,0.9998
1525848603.0,0.9993,0.9998
1525848675.0,0.9994,0.9998
1525848697.0,0.9991,0.9998
1525848699.0,0.9991,0.9994
1525848712.0,0.9992,0.9994
1525848750.0,0.9992,0.9993
1525848819.0,0.9991,0.9992
1525849071.0,0.9991,0.9993
1525849106.0,0.9992,0.9993
1525849396.0,0.9993,0.9994
1525849539.0,0.9993,0.9994
1525849791.0,0.9992,0.9993
1525849899.0,0.9992,0.9993
1525850013.0,0.9992,0.9993
1525850120.0,0.9991,0.9992
1525850223.0,0.9991,0.9994
1525850264.0,0.9992,0.9993
1525850474.0,0.9991,0.9993
1525850475.0,0.9991,0.9994
1525850511.0,0.9992,0.9993
1525850799.0,0.9992,0.9994
1525850839.0,0.9991,0.9993
1525850840.0,0.9992,0.9993
1525850979.0,0.9992,0.9993
1525851088.0,0.9992,0.9993
1525851303.0,0.9992,0.9994
1525851304.0,0.9993,0.9994
1525851314.0,0.9991,0.9994
1525851322.0,0.9991,0.9993
1525851339.0,0.9992,0.9993
1525851448.0,0.9992,0.9993
1525851699.0,0.9991,0.9993
1525851700.0,0.9992,0.9993
1525851812.0,0.9991,0.9992
1525852095.0,0.9991,0.9993
1525852132.0,0.9991,0.9992
1525852244.0,0.9992,0.9993
1525852315.0,0.9991,0.9993
1525852316.0,0.9991,0.9992
1525852419.0,0.9992,0.9993
1525852516.0,0.9992,0.9999
1525852524.0,0.9994,0.9999
1525852528.0,0.9995,0.9998
1525852590.0,0.9994,0.9998
1525852599.0,0.9995,0.9998
1525852600.0,0.9995,0.9997
1525852610.0,0.9991,0.9995
1525852636.0,0.9992,0.9994
1525852659.0,0.9991,0.9994
1525852671.0,0.9992,0.9994
1525852685.0,0.9991,0.9994
1525852708.0,0.9992,0.9993
1525852713.0,0.9991,0.9993
1525852744.0,0.9992,0.9993
1525852763.0,0.9991,0.9993
1525852779.0,0.9991,0.9992
1525852923.0,0.9991,0.9992
1525853032.0,0.9992,0.9993
1525853320.0,0.9992,0.9994
1525853321.0,0.9992,0.9993
1525853428.0,0.9992,0.9993
1525853536.0,0.9992,0.9994
1525853537.0,0.9992,0.9993
1525853644.0,0.9992,0.9993
1525853932.0,0.9991,0.9993
1525853934.0,0.9992,0.9993
1525854018.0,0.9992,1.0
1525854019.0,0.9993,1.0
1525854020.0,0.9993,0.9999
1525854030.0,0.9994,0.9999
1525854043.0,0.9994,0.9998
1525854076.0,0.9995,0.9998
1525854148.0,0.9996,0.9997
1525854157.0,0.9996,0.9999
1525854185.0,0.9996,0.9998
1525854203.0,0.9996,0.9999
1525854220.0,0.9996,0.9998
1525854221.0,0.9997,0.9998
1525854228.0,0.9997,0.9999
1525854232.0,0.9997,1.0
1525854234.0,0.9997,0.9998
1525854249.0,0.9997,0.9999
1525854256.0,0.9998,0.9999
1525854728.0,0.9998,0.9999
1525854868.0,0.9999,1.0
1525854976.0,0.9999,1.0
1525855233.0,0.9999,1.0
1525855336.0,0.9998,0.9999
1525855500.0,0.9998,1.0
1525855502.0,0.9998,0.9999
1525855590.0,0.9998,1.0
1525855626.0,0.9999,1.0
1525855820.0,0.9998,1.0
1525855830.0,0.9998,0.9999
1525855831.0,0.9998,0.9999
1525855836.0,0.9998,1.0
1525855838.0,0.9998,0.9999
1525855839.0,0.9998,1.0
1525855840.0,0.9999,1.0
1525855868.0,0.9994,1.0
1525855881.0,0.9992,0.9999
1525855882.0,0.9995,1.0
1525855884.0,0.9995,0.9999
1525855887.0,0.9991,0.9999
1525855891.0,0.9993,0.9999
1525855892.0,0.9993,0.9998
1525855897.0,0.9991,0.9992
1525855900.0,0.9991,0.9998
1525855903.0,0.999,0.9998
1525855904.0,0.999,0.9997
1525855907.0,0.999,0.9996
1525855909.0,0.999,0.9995
1525855911.0,0.999,0.9994
1525855912.0,0.9991,0.9993
1525855949.0,0.9991,0.9992
1525855950.0,0.9991,0.9993
1525855953.0,0.9991,0.9994
1525855954.0,0.9991,0.9992
1525855972.0,0.9991,0.9994
1525855984.0,0.9992,0.9993
1525855986.0,0.999,0.9994
1525855991.0,0.9992,0.9994
1525855997.0,0.999,0.9994
1525856020.0,0.9991,0.9993
1525856021.0,0.9991,0.9994
1525856024.0,0.999,0.9994
1525856034.0,0.999,0.9993
1525856050.0,0.999,0.9994
1525856056.0,0.999,0.9993
1525856057.0,0.9991,0.9993
1525856058.0,0.9991,0.9994
1525856060.0,0.999,0.9994
1525856097.0,0.9991,0.9993
1525856098.0,0.999,0.9993
1525856099.0,0.999,0.9994
1525856106.0,0.999,0.9993
1525856121.0,0.999,0.9994
1525856122.0,0.999,0.9992
1525856124.0,0.999,0.9992
1525856125.0,0.999,0.9994
1525856128.0,0.999,0.9993
1525856130.0,0.9991,0.9993
1525856133.0,0.999,0.9994
1525856166.0,0.9991,0.9993
1525856169.0,0.999,0.9993
1525856170.0,0.999,0.9994
1525856172.0,0.999,0.9995
1525856174.0,0.999,0.9993
1525856190.0,0.999,0.9994
1525856192.0,0.999,0.9992
1525856194.0,0.999,0.9994
1525856196.0,0.999,0.9994
1525856200.0,0.9991,0.9993
1525856202.0,0.999,0.9993
1525856205.0,0.999,0.9994
1525856236.0,0.9991,0.9993
1525856240.0,0.999,0.9993
1525856241.0,0.999,0.9994
1525856250.0,0.999,0.9995
1525856251.0,0.999,0.9994
1525856273.0,0.9991,0.9993
1525856274.0,0.9991,0.9994
1525856280.0,0.999,0.9994
1525856310.0,0.9991,0.9993
1525856321.0,0.9991,0.9994
1525856345.0,0.9991,0.9993
1525856358.0,0.9991,0.9994
1525856360.0,0.9991,0.9995
1525856362.0,0.9991,0.9994
1525856378.0,0.9991,0.9995
1525856379.0,0.9991,0.9993
1525856381.0,0.9992,0.9995
1525856395.0,0.9993,0.9997
1525856400.0,0.9993,0.9998
1525856403.0,0.9993,0.9999
1525856406.0,0.9993,0.9998
1525856408.0,0.9993,0.9997
1525856417.0,0.9994,0.9997
1525856425.0,0.9994,0.9996
1525856428.0,0.9994,0.9995
1525856457.0,0.9994,0.9999
1525856471.0,0.9995,0.9999
1525856480.0,0.9995,0.9998
1525856481.0,0.9995,0.9997
1525856489.0,0.9995,0.9996
1525856491.0,0.9995,0.9997
1525856498.0,0.9995,0.9996
1525856523.0,0.9995,0.9999
1525856526.0,0.9996,0.9999
1525856554.0,0.9996,0.9998
1525856558.0,0.9996,0.9997
1525856562.0,0.9999,1.0
1525859980.0,0.9997,0.9999
1525860009.0,0.9997,1.0
1525860017.0,0.9998,0.9999
1525860023.0,0.9996,0.9999
1525860054.0,0.9997,0.9999
1525860126.0,0.9997,1.0
1525860127.0,0.9998,1.0
1525860128.0,0.9998,0.9999
1525860239.0,0.9997,0.9999
1525860305.0,0.9997,0.9998
1525860413.0,0.9997,0.9999
1525860450.0,0.9998,0.9999
1525860557.0,0.9997,0.9999
1525860598.0,0.9997,0.9998
1525860738.0,0.9997,0.9999
1525860809.0,0.9998,0.9999
1525860918.0,0.9997,0.9999
1525860994.0,0.9998,0.9999
1525861030.0,0.9998,0.9999
1525861133.0,0.9997,0.9998
1525861210.0,0.9997,0.9998
1525861313.0,0.9996,0.9997
1525861386.0,0.9997,0.9998
1525861457.0,0.9998,0.9999
1525861601.0,0.9997,0.9999
1525861602.0,0.9997,0.9998
1525861639.0,0.9997,0.9998
1525861746.0,0.9998,0.9999
1525861926.0,0.9996,0.9998
1525861962.0,0.9997,0.9998
1525861998.0,0.9997,0.9999
1525862034.0,0.9998,0.9999
1525862106.0,0.9999,1.0
1525862213.0,0.9997,1.0
1525862251.0,0.9997,0.9999
1525862286.0,0.9998,0.9999
1525862358.0,0.9998,1.0
1525862393.0,0.9997,0.9999
1525862471.0,0.9997,0.9998
1525862576.0,0.9997,0.9999
1525862651.0,0.9997,0.9998
1525862755.0,0.9998,1.0
1525862791.0,0.9998,0.9999
1525862863.0,0.9997,0.9999
1525862935.0,0.9998,0.9999
1525863078.0,0.9997,0.9998
1525863150.0,0.9997,0.9999
1525863187.0,0.9998,0.9999
1525863295.0,0.9996,0.9999
1525863330.0,0.9997,0.9999
1525863366.0,0.9997,0.9999
1525863402.0,0.9998,0.9999
1525863465.0,0.9998,1.0
1525863478.0,0.9998,0.9999
1525863514.0,0.9997,0.9999
1525863586.0,0.9998,0.9999
1525863587.0,0.9998,1.0
1525863618.0,0.9998,0.9999
1525863695.0,0.9996,0.9999
1525863696.0,0.9996,0.9998
1525863727.0,0.9997,0.9998
1525863798.0,0.9998,0.9999
1525863907.0,0.9997,0.9999
1525863946.0,0.9997,0.9999
1525863978.0,0.9998,0.9999
1525864050.0,0.9998,1.0
1525864086.0,0.9996,0.9999
1525864087.0,0.9997,0.9999
1525864159.0,0.9998,0.9999
1525864271.0,0.9997,0.9998
1525864375.0,0.9996,0.9998
1525864415.0,0.9997,0.9998
1525864518.0,0.9998,0.9999
1525864554.0,0.9998,0.9999
1525864583.0,0.9996,0.9999
1525864586.0,0.9996,0.9998
1525864627.0,0.9997,0.9998
1525864842.0,0.9996,0.9997
1525864939.0,0.9992,0.9997
1525864952.0,0.9993,0.9997
1525865023.0,0.9994,0.9996
1525865098.0,0.9995,0.9996
1525865130.0,0.9995,0.9997
1525865166.0,0.9996,0.9997
1525865312.0,0.9993,0.9997
1525865346.0,0.9993,0.9997
1525865418.0,0.9993,0.9996
1525865491.0,0.9994,0.9995
1525865562.0,0.9994,0.9997
1525865603.0,0.9992,0.9997
1525865670.0,0.9993,0.9997
1525865707.0,0.9993,0.9996
1525865709.0,0.9994,0.9996
1525865745.0,0.9995,0.9996
1525865887.0,0.9993,0.9996
1525865964.0,0.9994,0.9995
1525866066.0,0.9994,0.9996
1525866107.0,0.9992,0.9996
1525866179.0,0.9993,0.9997
1525866247.0,0.9994,0.9996
1525866319.0,0.9995,0.9996
1525866390.0,0.9995,0.9997
1525866391.0,0.9996,0.9997
1525866426.0,0.9996,0.9998
1525866427.0,0.9996,0.9997
1525866428.0,0.9991,0.9997
1525866465.0,0.9992,0.9997
1525866504.0,0.9992,0.9996
1525866534.0,0.9993,0.9996
1525866576.0,0.9993,0.9995
1525866611.0,0.9994,0.9995
1525866719.0,0.9992,0.9996
1525866751.0,0.9993,0.9996
1525866788.0,0.9993,0.9995
1525866826.0,0.9994,0.9995
1525866936.0,0.9994,0.9996
1525866937.0,0.9992,0.9996
1525866967.0,0.9993,0.9996
1525867003.0,0.9993,0.9995
1525867039.0,0.9994,0.9995
1525867056.0,0.9994,1.0
1525867058.0,0.9995,1.0
1525867059.0,0.9996,1.0
1525867075.0,0.9997,1.0
1525867147.0,0.9998,0.9999
1525867195.0,0.9998,1.0
1525867199.0,0.9999,1.0
1525867203.0,0.9998,1.0
1525867220.0,0.9999,1.0
1525867237.0,1.0,1.0001
1525869294.0,0.9997,1.0001
1525869297.0,0.9996,1.0001
1525869298.0,0.9998,1.0001
1525869307.0,0.9999,1.0
1525869379.0,0.9999,1.0
1525869487.0,0.9998,0.9999
1525869682.0,0.9997,1.0
1525869787.0,0.9998,0.9999
1525869805.0,0.9998,1.0
1525869811.0,0.9998,0.9999
1525869883.0,0.9999,1.0
1525869957.0,0.9998,0.9999
1525870068.0,0.9998,1.0
1525870069.0,0.9999,1.0
1525870172.0,0.9997,0.9999
1525870208.0,0.9998,0.9999
1525870280.0,0.9998,0.9999
1525870316.0,0.9997,0.9999
1525870317.0,0.9998,0.9999
1525870423.0,0.9998,0.9999
1525870856.0,0.9998,0.9999
1525870928.0,0.9998,0.9999
1525870963.0,0.9997,0.9999
1525870964.0,0.9998,0.9999
1525871040.0,0.9998,1.0
1525871041.0,0.9998,0.9999
1525871179.0,0.9997,0.9999
1525871220.0,0.9998,0.9999
1525871324.0,0.9997,0.9999
1525871360.0,0.9997,0.9998
1525871684.0,0.9997,0.9998
1525871702.0,0.9997,0.9999
1525871720.0,0.9997,0.9998
1525872115.0,0.9997,0.9998
1525872118.0,0.999,0.9998
1525872120.0,0.999,0.9996
1525872152.0,0.9991,0.9995
1525872224.0,0.9991,0.9994
1525872225.0,0.9992,0.9994
1525872296.0,0.9992,0.9993
1525872332.0,0.9991,0.9993
1525872372.0,0.9991,0.9993
1525872403.0,0.9992,0.9993
1525872481.0,0.9992,0.9993
1525872511.0,0.999,0.9993
1525872513.0,0.9991,0.9993
1525872584.0,0.9992,0.9996
1525872621.0,0.9992,0.9995
1525872656.0,0.9993,0.9995
1525872696.0,0.9993,0.9994
1525872800.0,0.9992,0.9994
1525872801.0,0.9992,0.9993
1525872877.0,0.9993,0.9995
1525872948.0,0.9994,0.9995
1525872967.0,0.9994,0.9999
1525872971.0,0.9995,0.9999
1525872985.0,0.9996,0.9998
1525873053.0,0.9997,0.9998
1525873165.0,0.9996,0.9997
1525873268.0,0.9995,0.9999
1525873304.0,0.9995,0.9998
1525873305.0,0.9996,0.9998
1525873377.0,0.9997,0.9998
1525873485.0,0.9996,0.9998
1525873557.0,0.9997,0.9998
1525873669.0,0.9995,0.9997
1525873705.0,0.9996,0.9997
1525873742.0,0.9996,0.9998
1525873776.0,0.9997,0.9998
1525873881.0,0.9995,0.9998
1525873916.0,0.9996,0.9998
1525873953.0,0.9996,0.9997
1525874060.0,0.9996,0.9998
1525874102.0,0.9997,0.9998
1525874210.0,0.9995,0.9998
1525874241.0,0.9996,0.9998
1525874312.0,0.9997,0.9998
1525874350.0,0.9997,0.9998
1525874420.0,0.9996,0.9997
1525874565.0,0.9996,0.9998
1525874601.0,0.9996,0.9998
1525874633.0,0.9996,0.9999
1525874641.0,0.9996,0.9998
1525874677.0,0.9997,0.9998
1525874780.0,0.9997,0.9999
1525874781.0,0.9995,0.9998
1525874818.0,0.9996,0.9998
1525874858.0,0.9996,0.9997
1525874965.0,0.9997,0.9999
1525874998.0,0.9997,0.9998
1525875069.0,0.9995,0.9998
1525875105.0,0.9996,0.9997
1525875178.0,0.9996,0.9998
1525875285.0,0.9996,0.9997
1525875573.0,0.9995,0.9997
1525875608.0,0.9996,0.9997
1525875789.0,0.9995,0.9999
1525875790.0,0.9996,0.9998
1525875860.0,0.9996,0.9997
1525875973.0,0.9996,0.9998
1525876041.0,0.9997,0.9998
1525876078.0,0.9997,0.9999
1525876113.0,0.9997,0.9998
1525876149.0,0.9996,0.9998
1525876186.0,0.9996,0.9997
1525876293.0,0.9996,0.9998
1525876329.0,0.9997,0.9998
1525876429.0,0.9995,0.9998
1525876437.0,0.9996,0.9998
1525876445.0,0.9996,0.9997
1525876545.0,0.9996,0.9997
1525876775.0,0.9996,0.9999
1525876784.0,0.9996,0.9999
1525876785.0,0.9997,0.9999
1525876796.0,0.9997,0.9998
1525877229.0,0.9998,0.9999
1525877518.0,0.9998,0.9999
1525877625.0,0.9998,0.9999
1525877733.0,0.9997,0.9998
1525878023.0,0.9997,0.9999
1525878063.0,0.9997,0.9998
1525878166.0,0.9997,0.9999
1525878201.0,0.9998,0.9999
1525878670.0,0.9997,0.9998
1525878777.0,0.9997,0.9998
1525879030.0,0.9998,0.9999
1525879138.0,0.9997,0.9998
1525879245.0,0.9998,0.9999
1525879354.0,0.9998,0.9999
1525879570.0,0.9998,0.9999
1525879786.0,0.9997,0.9999
1525879822.0,0.9997,0.9998
1525879827.0,0.9995,0.9998
1525879831.0,0.999,0.9998
1525879839.0,0.999,0.9996
1525879857.0,0.9991,0.9995
1525879929.0,0.9991,0.9994
1525879931.0,0.9992,0.9994
1525880002.0,0.9993,0.9994
1525880145.0,0.9992,0.9994
1525880182.0,0.9992,0.9993
1525880254.0,0.9991,0.9992
1525880327.0,0.9992,0.9993
1525880434.0,0.9993,0.9994
1525880506.0,0.9992,0.9994
1525880543.0,0.9992,0.9993
1525880614.0,0.9991,0.9993
1525880654.0,0.9991,0.9994
1525880655.0,0.9991,0.9992
1525880727.0,0.9991,0.9993
1525880794.0,0.9992,0.9993
1525880905.0,0.9991,0.9993
1525880938.0,0.9991,0.9992
1525881009.0,0.9991,0.9993
1525881082.0,0.9992,0.9993
1525881117.0,0.9992,0.9994
1525881118.0,0.9992,0.9993
1525881190.0,0.9991,0.9993
1525881263.0,0.9991,0.9992
1525881334.0,0.9991,0.9993
1525881371.0,0.9992,0.9993
1525881550.0,0.9992,0.9994
1525881586.0,0.9993,0.9994
1525881694.0,0.9991,0.9994
1525881695.0,0.9991,0.9993
1525881771.0,0.9991,0.9992
1525881910.0,0.9991,0.9993
1525882019.0,0.9992,0.9993
1525882054.0,0.9992,0.9994
1525882091.0,0.9993,0.9994
1525882095.0,0.999,0.9994
1525882126.0,0.9991,0.9994
1525882138.0,0.9991,0.9993
1525882203.0,0.9992,0.9993
1525882306.0,0.999,0.9992
1525882343.0,0.9991,0.9992
1525882387.0,0.9991,0.9999
1525882394.0,0.9991,0.9998
1525882406.0,0.9993,0.9998
1525882414.0,0.9994,0.9998
1525882450.0,0.9994,0.9997
1525882486.0,0.9995,0.9997
1525882522.0,0.9995,0.9996
1525882630.0,0.9995,0.9997
1525882703.0,0.9996,0.9997
1525882811.0,0.9994,0.9997
1525882883.0,0.9995,0.9997
1525882918.0,0.9995,0.9998
1525882919.0,0.9995,0.9997
1525882955.0,0.9996,0.9997
1525883031.0,0.9996,0.9997
1525883062.0,0.9994,0.9997
1525883134.0,0.9995,0.9997
1525883135.0,0.9995,0.9996
1525883247.0,0.9994,0.9996
1525883315.0,0.9995,0.9996
1525883391.0,0.9995,0.9997
1525883423.0,0.9994,0.9997
1525883459.0,0.9994,0.9996
1525883495.0,0.9995,0.9996
1525883567.0,0.9996,0.9997
1525883710.0,0.9995,0.9996
1525883820.0,0.9995,0.9997
1525883821.0,0.9994,0.9997
1525883895.0,0.9995,0.9996
1525883998.0,0.9993,0.9995
1525884035.0,0.9994,0.9995
1525884071.0,0.9994,0.9996
1525884107.0,0.9995,0.9996
1525884179.0,0.9995,0.9997
1525884250.0,0.9994,0.9996
1525884251.0,0.9995,0.9996
1525884322.0,0.9995,0.9997
1525884323.0,0.9995,0.9996
1525884358.0,0.9993,0.9996
1525884359.0,0.9994,0.9996
1525884395.0,0.9994,0.9997
1525884432.0,0.9995,0.9997
1525884503.0,0.9996,0.9997
1525884647.0,0.9995,0.9997
1525884683.0,0.9995,0.9996
1525884754.0,0.9993,0.9995
1525884755.0,0.9994,0.9995
1525884863.0,0.9994,0.9997
1525884938.0,0.9995,0.9997
1525885007.0,0.9996,0.9997
1525885079.0,0.9996,0.9998
1525885080.0,0.9997,0.9998
1525885175.0,0.9997,0.9999
1525885187.0,0.9995,0.9998
1525885258.0,0.9995,0.9999
1525885259.0,0.9996,0.9998
1525885331.0,0.9997,0.9998
1525885475.0,0.9994,0.9998
1525885476.0,0.9995,0.9998
1525885548.0,0.9996,0.9998
1525885568.0,0.9996,0.9997
1525885692.0,0.9995,0.9997
1525885696.0,0.9995,0.9999
1525885702.0,0.9996,0.9999
1525885707.0,0.9995,0.9999
1525885727.0,0.9996,0.9998
1525885801.0,0.9996,0.9997
1525885840.0,0.9995,0.9997
1525885871.0,0.9995,0.9996
1525885879.0,0.9994,0.9996
1525885881.0,0.9993,0.9996
1525885907.0,0.9994,0.9996
1525885943.0,0.9994,0.9995
1525886016.0,0.9994,0.9995
1525886055.0,0.9994,0.9999
1525886056.0,0.9994,0.9998
1525886086.0,0.9995,0.9998
1525886123.0,0.9995,0.9997
1525886159.0,0.9996,0.9997
1525886231.0,0.9997,0.9998
1525886345.0,0.9994,0.9998
1525886410.0,0.9995,0.9998
1525886412.0,0.9995,0.9997
1525886483.0,0.9996,0.9997
1525886524.0,0.9996,0.9999
1525886525.0,0.9996,0.9998
1525886555.0,0.9997,0.9998
1525886631.0,0.9997,0.9999
1525886632.0,0.9998,0.9999
1525886735.0,0.9994,0.9998
1525886807.0,0.9995,0.9997
1525886879.0,0.9996,0.9997
1525886951.0,0.9996,0.9998
1525886952.0,0.9996,0.9997
1525886988.0,0.9995,0.9997
1525886999.0,0.9997,0.9999
1525887008.0,0.9995,0.9999
1525887024.0,0.9996,0.9998
1525887096.0,0.9997,0.9998
1525887203.0,0.9996,0.9998
1525887276.0,0.9997,0.9998
1525887311.0,0.9997,0.9998
1525887384.0,0.9996,0.9998
1525887419.0,0.9996,0.9998
1525887455.0,0.9997,0.9998
1525887568.0,0.9996,0.9998
1525887635.0,0.9997,0.9998
1525887707.0,0.9997,0.9998
1525887748.0,0.9996,0.9998
1525887809.0,0.999,0.9998
1525887815.0,0.9991,0.9998
1525887825.0,0.9991,0.9995
1525887834.0,0.999,0.9995
1525887852.0,0.9991,0.9994
1525887924.0,0.9992,0.9993
1525887995.0,0.9992,0.9994
1525887996.0,0.9993,0.9994
1525888103.0,0.9991,0.9994
1525888140.0,0.9991,0.9993
1525888176.0,0.9992,0.9993
1525888284.0,0.9991,0.9993
1525888319.0,0.9991,0.9992
1525888464.0,0.9991,0.9994
1525888519.0,0.999,0.9994
1525888535.0,0.9991,0.9993
1525888612.0,0.9991,0.9994
1525888613.0,0.9992,0.9994
1525888618.0,0.999,0.9994
1525888643.0,0.9991,0.9994
1525888677.0,0.9991,0.9992
1525888735.0,0.9991,0.9995
1525888751.0,0.9992,0.9995
1525888752.0,0.9992,0.9994
1525888754.0,0.9992,0.9995
1525888788.0,0.9992,0.9994
1525888789.0,0.9992,0.9995
1525888823.0,0.9993,0.9995
1525888860.0,0.9993,0.9994
1525888862.0,0.9993,0.9995
1525888900.0,0.9994,0.9995
1525889004.0,0.9992,0.9995
1525889040.0,0.9992,0.9994
1525889046.0,0.9992,0.9995
1525889075.0,0.9992,0.9994
1525889079.0,0.9992,0.9995
1525889117.0,0.9993,0.9994
1525889121.0,0.9993,0.9995
1525889148.0,0.9993,0.9995
1525889183.0,0.9993,0.9994
1525889185.0,0.9993,0.9995
1525889219.0,0.9994,0.9995
1525889293.0,0.9993,0.9994
1525889296.0,0.9993,0.9995
1525889328.0,0.9993,0.9994
1525889333.0,0.9993,0.9995
1525889364.0,0.9993,0.9994
1525889369.0,0.9993,0.9995
1525889399.0,0.9994,0.9995
1525889476.0,0.9993,0.9994
1525889477.0,0.9993,0.9995
1525889508.0,0.9993,0.9994
1525889511.0,0.9993,0.9995
1525889543.0,0.9994,0.9995
1525889653.0,0.9992,0.9994
1525889654.0,0.9993,0.9994
1525889658.0,0.9993,0.9995
1525889688.0,0.9993,0.9994
1525889690.0,0.9993,0.9995
1525889724.0,0.9994,0.9995
1525889832.0,0.9992,0.9995
1525889833.0,0.9993,0.9995
1525889864.0,0.999,0.9995
1525889868.0,0.9991,0.9994
1525889873.0,0.9991,0.9995
1525889878.0,0.999,0.9995
1525889879.0,0.999,0.9993
1525889884.0,0.999,0.9995
1525889904.0,0.9991,0.9994
1525889907.0,0.9991,0.9995
1525889920.0,0.9991,0.9994
1525889923.0,0.9991,0.9995
1525889940.0,0.9991,0.9994
1525889943.0,0.9991,0.9995
1525889980.0,0.9992,0.9994
1525889994.0,0.9992,0.9995
1525890012.0,0.9992,0.9994
1525890015.0,0.9992,0.9995
1525890049.0,0.9993,0.9995
1525890050.0,0.9993,0.9994
1525890051.0,0.9993,0.9995
1525890084.0,0.9993,0.9994
1525890086.0,0.9993,0.9995
1525890125.0,0.9994,0.9995
1525890264.0,0.9991,0.9995
1525890265.0,0.9992,0.9994
1525890266.0,0.9992,0.9995
1525890300.0,0.9992,0.9994
1525890304.0,0.9992,0.9995
1525890336.0,0.9993,0.9995
1525890341.0,0.9994,0.9995
1525890370.0,0.9993,0.9995
1525890372.0,0.9993,0.9994
1525890374.0,0.9993,0.9995
1525890407.0,0.9994,0.9995
1525890521.0,0.9992,0.9995
1525890552.0,0.9992,0.9994
1525890557.0,0.9992,0.9995
1525890588.0,0.9993,0.9994
1525890589.0,0.9993,0.9995
1525890624.0,0.9993,0.9994
1525890629.0,0.9993,0.9995
1525890660.0,0.9993,0.9994
1525890665.0,0.9993,0.9995
1525890696.0,0.9992,0.9994
1525890697.0,0.9992,0.9995
1525890732.0,0.9992,0.9994
1525890735.0,0.9992,0.9995
1525890768.0,0.9992,0.9994
1525890769.0,0.9993,0.9994
1525890772.0,0.9993,0.9995
1525890839.0,0.9993,0.9994
1525890843.0,0.9993,0.9995
1525890876.0,0.9993,0.9994
1525890877.0,0.9991,0.9994
1525890880.0,0.9991,0.9995
1525890916.0,0.9992,0.9995
1525890918.0,0.9992,0.9994
1525890923.0,0.9992,0.9995
1525890948.0,0.9992,0.9994
1525890950.0,0.9992,0.9995
1525890985.0,0.9993,0.9994
1525890987.0,0.9993,0.9995
1525891021.0,0.9993,0.9994
1525891024.0,0.9993,0.9995
1525891056.0,0.9994,0.9995
1525891164.0,0.9992,0.9994
1525891169.0,0.9992,0.9995
1525891201.0,0.9992,0.9994
1525891204.0,0.9992,0.9995
1525891237.0,0.9993,0.9994
1525891242.0,0.9993,0.9995
1525891272.0,0.9993,0.9994
1525891278.0,0.9993,0.9995
1525891310.0,0.9994,0.9995
1525891416.0,0.9991,0.9994
1525891417.0,0.9992,0.9994
1525891418.0,0.9992,0.9995
1525891452.0,0.9993,0.9994
1525891456.0,0.9993,0.9995
1525891489.0,0.9993,0.9994
1525891494.0,0.9993,0.9995
1525891524.0,0.9993,0.9994
1525891528.0,0.9993,0.9995
1525891560.0,0.9994,0.9995
1525891709.0,0.9993,0.9995
1525891740.0,0.9993,0.9994
1525891741.0,0.9993,0.9995
1525891776.0,0.9993,0.9994
1525891778.0,0.9993,0.9995
1525891812.0,0.9993,0.9994
1525891813.0,0.9991,0.9994
1525891814.0,0.9991,0.9995
1525891853.0,0.9992,0.9994
1525891854.0,0.9992,0.9995
1525891920.0,0.9993,0.9994
1525891922.0,0.9993,0.9995
1525891993.0,0.9993,0.9994
1525891996.0,0.9993,0.9995
1525892031.0,0.9993,0.9994
1525892032.0,0.9993,0.9995
1525892082.0,0.9991,0.9995
1525892094.0,0.9991,0.9993
1525892096.0,0.9991,0.9995
1525892100.0,0.9992,0.9994
1525892107.0,0.9992,0.9995
1525892136.0,0.9992,0.9994
1525892140.0,0.9992,0.9995
1525892178.0,0.9993,0.9994
1525892181.0,0.9993,0.9995
1525892244.0,0.9994,0.9995
1525892394.0,0.9993,0.9995
1525892429.0,0.9993,0.9994
1525892433.0,0.9993,0.9995
1525892460.0,0.9993,0.9994
1525892462.0,0.9993,0.9995
1525892496.0,0.9994,0.9995
1525892605.0,0.9992,0.9994
1525892608.0,0.9992,0.9995
1525892640.0,0.9992,0.9994
1525892641.0,0.9993,0.9994
1525892643.0,0.9993,0.9995
1525892677.0,0.9993,0.9994
1525892682.0,0.9993,0.9995
1525892713.0,0.9993,0.9994
1525892716.0,0.9993,0.9995
1525892784.0,0.9993,0.9994
1525892786.0,0.9993,0.9995
1525892825.0,0.9993,0.9994
1525892826.0,0.9993,0.9995
1525892858.0,0.9994,0.9995
1525892964.0,0.9992,0.9995
1525892965.0,0.9993,0.9995
1525893006.0,0.9993,0.9994
1525893011.0,0.9993,0.9995
1525893036.0,0.9994,0.9995
1525893145.0,0.9992,0.9994
1525893147.0,0.9992,0.9995
1525893180.0,0.9992,0.9994
1525893182.0,0.9992,0.9995
1525893217.0,0.9993,0.9995
1525893218.0,0.9993,0.9994
1525893221.0,0.9993,0.9995
1525893237.0,0.9995,0.9997
1525893238.0,0.9993,0.9994
1525893243.0,0.9993,0.9997
1525893244.0,0.9993,0.9995
1525893246.0,0.9993,0.9997
1525893294.0,0.9994,0.9996
1525893295.0,0.9993,0.9994
1525893299.0,0.9993,0.9996
1525893396.0,0.9993,0.9995
1525893433.0,0.9994,0.9995
1525893434.0,0.9993,0.9994
1525893440.0,0.9993,0.9995
1525893460.0,0.9993,0.9994
1525893461.0,0.9993,0.9995
1525893462.0,0.9993,0.9994
1525893464.0,0.9993,0.9995
1525893465.0,0.9993,0.9994
1525893468.0,0.9992,0.9993
1525893473.0,0.9992,0.9994
1525893477.0,0.9992,0.9996
1525893478.0,0.9992,0.9993
1525893479.0,0.9992,0.9996
1525893482.0,0.9992,0.9994
1525893486.0,0.9992,0.9993
1525893487.0,0.9992,0.9996
1525893488.0,0.9992,0.9994
1525893489.0,0.9992,0.9996
1525893490.0,0.9992,0.9993
1525893491.0,0.9992,0.9996
1525893492.0,0.9992,0.9994
1525893493.0,0.9992,0.9996
1525893509.0,0.9992,0.9997
1525893541.0,0.9993,0.9996
1525893581.0,0.9994,0.9996
1525893583.0,0.9993,0.9994
1525893585.0,0.9993,0.9996
1525893586.0,0.9993,0.9995
1525893591.0,0.9993,0.9996
1525893592.0,0.9993,0.9994
1525893607.0,0.9993,0.9996
1525893613.0,0.9993,0.9995
1525893614.0,0.9994,0.9995
1525893721.0,0.9993,0.9995
1525893722.0,0.9994,0.9995
1525893792.0,0.9994,0.9997
1525893793.0,0.9994,0.9995
1525893829.0,0.9994,0.9995
1525893866.0,0.9994,0.9996
1525893907.0,0.9995,0.9996
1525894009.0,0.9994,0.9996
1525894011.0,0.9994,0.9995
1525894117.0,0.9994,0.9995
1525894301.0,0.9993,0.9995
1525894302.0,0.9994,0.9995
1525894404.0,0.9993,0.9995
1525894405.0,0.9994,0.9995
1525894478.0,0.9992,0.9995
1525894481.0,0.9992,0.9994
1525894482.0,0.9991,0.9993
1525894501.0,0.9992,0.9993
1525894672.0,0.9992,0.9994
1525894675.0,0.9992,0.9993
1525894676.0,0.9992,0.9994
1525894682.0,0.9992,0.9993
1525894950.0,0.9992,0.9994
1525894952.0,0.9992,0.9993
1525894969.0,0.9992,0.9997
1525894972.0,0.9992,0.9996
1525894974.0,0.9992,0.9995
1525894976.0,0.9992,0.9994
1525894979.0,0.9992,0.9993
1525895180.0,0.9991,0.9992
1525895187.0,0.9991,0.9993
1525895198.0,0.9991,0.9993
1525895233.0,0.9991,0.9992
1525895253.0,0.9991,0.9993
1525895269.0,0.9992,0.9993
1525895508.0,0.9992,0.9994
1525895511.0,0.9992,0.9993
1525895528.0,0.9992,0.9995
1525895530.0,0.9992,0.9994
1525895532.0,0.9992,0.9993
1525896569.0,0.9992,0.9996
1525896601.0,0.9992,0.9995
1525896602.0,0.9993,0.9995
1525896638.0,0.9994,0.9995
1525896822.0,0.9994,0.9996
1525896853.0,0.9995,0.9996
1525896961.0,0.9993,0.9995
1525897033.0,0.9993,0.9994
1525897068.0,0.9993,0.9995
1525897074.0,0.9992,0.9995
1525897075.0,0.9993,0.9996
1525897076.0,0.9993,0.9995
1525897141.0,0.9994,0.9995
1525897179.0,0.9994,0.9996
1525897213.0,0.9995,0.9996
1525897323.0,0.9993,0.9996
1525897358.0,0.9993,0.9995
1525897394.0,0.9994,0.9995
1525897408.0,0.9992,0.9995
1525897425.0,0.9992,0.9994
1525897429.0,0.9993,0.9994
1525897525.0,0.9991,0.9994
1525897540.0,0.9992,0.9993
1525897603.0,0.9992,0.9996
1525897610.0,0.9993,0.9995
1525897629.0,0.9993,0.9994
1525897631.0,0.9993,0.9995
1525897646.0,0.9994,0.9995
1525897718.0,0.9994,0.9995
1525898010.0,0.9994,0.9995
1525898113.0,0.9993,0.9994
1525898208.0,0.9993,0.9996
1525898211.0,0.9994,0.9996
1525898221.0,0.9995,0.9996
1525898366.0,0.9993,0.9995
1525898401.0,0.9994,0.9995
1525898510.0,0.9994,0.9995
1525898798.0,0.9994,0.9995
1525899013.0,0.9993,0.9995
1525899014.0,0.9994,0.9995
1525899122.0,0.9993,0.9995
1525899123.0,0.9994,0.9995
1525899131.0,0.9994,0.9996
1525899134.0,0.9994,0.9995
1525899169.0,0.9994,0.9996
1525899194.0,0.9994,0.9995
1525899302.0,0.9994,0.9996
1525899303.0,0.9994,0.9995
1525899518.0,0.9994,0.9995
1525899532.0,0.999,0.9995
1525899537.0,0.999,0.9994
1525899539.0,0.999,0.9994
1525899540.0,0.999,0.9993
1525899542.0,0.999,0.9992
1525899544.0,0.999,0.9991
1525899560.0,0.999,0.9995
1525899562.0,0.999,0.9993
1525899564.0,0.999,0.9992
1525899566.0,0.999,0.9991
1525899567.0,0.999,0.9992
1525899582.0,0.999,0.9991
1525899584.0,0.999,0.9992
1525899590.0,0.9991,0.9992
1525899603.0,0.999,0.9992
1525899625.0,0.999,0.9991
1525899626.0,0.999,0.9992
1525899627.0,0.999,0.9991
1525899672.0,0.999,0.9992
1525899698.0,0.9991,0.9992
1525900706.0,0.999,0.9992
1525900707.0,0.9991,0.9992
1525900814.0,0.9991,0.9992
1525900994.0,0.9991,0.9992
1525901005.0,0.999,0.9992
1525901031.0,0.999,0.9991
1525901035.0,0.999,0.9992
1525901066.0,0.999,0.9991
1525901069.0,0.999,0.9992
1525901102.0,0.9991,0.9992
1525901210.0,0.999,0.9992
1525901211.0,0.9991,0.9992
1525901431.0,0.999,0.9992
1525901462.0,0.999,0.9991
1525901465.0,0.999,0.9992
1525901498.0,0.999,0.9991
1525901500.0,0.999,0.9992
1525901508.0,0.999,0.9991
1525901673.0,0.999,0.9992
1525901679.0,0.999,0.9991
1525901685.0,0.999,0.9992
1525901704.0,0.999,0.9991
1525901706.0,0.999,0.9992
1525901714.0,0.999,0.9991
1525901718.0,0.999,0.9992
1525901755.0,0.999,0.9991
1525901760.0,0.999,0.9992
1525901786.0,0.9991,0.9992
1525901894.0,0.999,0.9992
1525901895.0,0.9991,0.9992
1525902003.0,0.999,0.9992
1525902038.0,0.999,0.9991
1525902041.0,0.999,0.9992
1525902074.0,0.999,0.9991
1525902075.0,0.999,0.9992
1525902111.0,0.9991,0.9992
1525902507.0,0.9991,0.9992
1525903191.0,0.999,0.9992
1525903192.0,0.9991,0.9992
1525903299.0,0.999,0.9991
1525903301.0,0.999,0.9992
1525903323.0,0.999,0.9994
1525903330.0,0.9991,0.9994
1525903335.0,0.9991,0.9993
1525903368.0,0.9992,0.9993
1525903548.0,0.999,0.9993
1525903587.0,0.9991,0.9993
1525903623.0,0.9991,0.9992
1525903695.0,0.9991,0.9992
1525903803.0,0.9991,0.9992
1525903875.0,0.9992,0.9993
1525903983.0,0.9991,0.9993
1525904055.0,0.9992,0.9993
1525904164.0,0.9991,0.9993
1525904235.0,0.9992,0.9993
1525904275.0,0.9992,0.9994
1525904277.0,0.9992,0.9993
1525904379.0,0.9992,0.9994
1525904415.0,0.9992,0.9993
1525904487.0,0.9991,0.9993
1525904559.0,0.9992,0.9993
1525904631.0,0.9992,0.9994
1525904667.0,0.9992,0.9993
1525904813.0,0.999,0.9993
1525904850.0,0.9991,0.9993
1525904919.0,0.9991,0.9992
1525904960.0,0.999,0.9992
1525904997.0,0.9991,0.9992
1525905063.0,0.9992,0.9993
1525905172.0,0.9991,0.9993
1525905208.0,0.9991,0.9994
1525905209.0,0.9991,0.9993
1525905243.0,0.9992,0.9993
1525905356.0,0.9991,0.9993
1525905388.0,0.9991,0.9992
1525905495.0,0.999,0.9991
1525905604.0,0.9991,0.9993
1525905675.0,0.9992,0.9993
1525905712.0,0.9992,0.9993
1525905784.0,0.9991,0.9993
1525905785.0,0.9991,0.9992
1525905891.0,0.999,0.9991
1525905968.0,0.999,0.9993
1525905969.0,0.999,0.9992
1525906004.0,0.9991,0.9992
1525906071.0,0.9991,0.9992
1525906107.0,0.999,0.9992
1525906143.0,0.9991,0.9992
1525906179.0,0.9991,0.9993
1525906216.0,0.9992,0.9993
1525906295.0,1.0,1.0001
1525913091.0,1.0,1.0007
1525913092.0,1.0001,1.0006
1525913094.0,1.0002,1.0006
1525913122.0,1.0001,1.0006
1525913129.0,1.0001,1.0005
1525913141.0,1.0,1.0005
1525913201.0,1.0001,1.0004
1525913205.0,1.0,1.0004
1525913208.0,1.0,1.0002
1525913213.0,1.0,1.0004
1525913234.0,1.0,1.0001
1525925895.0,0.9994,0.9998
1525925911.0,0.9995,0.9998
1525925912.0,0.9995,0.9997
1525925938.0,0.9995,0.9998
1525925947.0,0.9995,0.9997
1525925950.0,0.9995,0.9996
1525925983.0,0.9995,0.9997
1525925988.0,0.9995,0.9996
1525926019.0,0.9994,0.9995
1525926054.0,0.9994,0.9996
1525926055.0,0.9994,0.9997
1525926058.0,0.9994,0.9996
1525926060.0,0.9995,0.9996
1525926093.0,0.9995,0.9997
1525926097.0,0.9995,0.9996
1525926130.0,0.9995,0.9998
1525926133.0,0.9996,0.9998
1525926163.0,0.9996,0.9997
1525926272.0,0.9996,0.9998
1525926273.0,0.9996,0.9997
1525926454.0,0.9996,0.9998
1525926488.0,0.9997,0.9998
1525926564.0,0.9996,0.9998
1525926565.0,0.9997,0.9998
1525926779.0,0.9997,0.9999
1525926782.0,0.9997,0.9998
1525926920.0,0.9998,0.9999
1525926992.0,0.9997,0.9999
1525926993.0,0.9998,0.9999
1525927099.0,0.9996,0.9998
1525927100.0,0.9997,0.9998
1525927175.0,0.9996,0.9998
1525927214.0,0.9996,0.9997
1525927315.0,0.999,0.9997
1525927316.0,0.999,0.9996
1525927319.0,0.999,0.9995
1525927352.0,0.999,0.9994
1525927353.0,0.9991,0.9994
1525927429.0,0.999,0.9993
1525927460.0,0.9991,0.9993
1525927531.0,0.9991,0.9992
1525927605.0,0.999,0.9993
1525927606.0,0.9991,0.9993
1525927676.0,0.9991,0.9992
1525927717.0,0.999,0.9992
1525927747.0,0.999,0.9991
1525927892.0,0.9991,0.9994
1525927928.0,0.9991,0.9995
1525927929.0,0.9991,0.9994
1525927969.0,0.9991,0.9994
1525928001.0,0.9991,0.9993
1525928037.0,0.9992,0.9993
1525928144.0,0.9992,0.9993
1525928216.0,0.9991,0.9994
1525928217.0,0.9992,0.9994
1525928288.0,0.9992,0.9993
1525928324.0,0.9992,0.9993
1525928397.0,0.9993,0.9995
1525928398.0,0.9993,0.9994
1525928506.0,0.9992,0.9994
1525928582.0,0.9991,0.9993
1525928725.0,0.9991,0.9994
1525928756.0,0.999,0.9994
1525928757.0,0.9992,0.9994
1525928793.0,0.9992,0.9993
1525928830.0,0.9991,0.9993
1525928865.0,0.9991,0.9992
1525928972.0,0.9992,0.9994
1525929045.0,0.9993,0.9994
1525929080.0,0.9993,0.9995
1525929081.0,0.9993,0.9994
1525929152.0,0.9992,0.9994
1525929225.0,0.9991,0.9994
1525929226.0,0.9992,0.9994
1525929264.0,0.9992,0.9993
1525929369.0,0.9991,0.9993
1525929370.0,0.9992,0.9993
1525929440.0,0.9992,0.9994
1525929441.0,0.9993,0.9994
1525929552.0,0.9993,0.9995
1525929553.0,0.9992,0.9994
1525929697.0,0.9993,0.9994
1525929836.0,0.9992,0.9994
1525929909.0,0.9991,0.9994
1525929910.0,0.9992,0.9994
1525929984.0,0.9992,0.9993
1525930089.0,0.9992,0.9994
1525930126.0,0.9993,0.9994
1525930233.0,0.9991,0.9994
1525930234.0,0.9992,0.9994
1525930236.0,0.9991,0.9994
1525930269.0,0.9992,0.9993
1525930340.0,0.9991,0.9993
1525930341.0,0.9992,0.9993
1525930376.0,0.9992,0.9994
1525930413.0,0.9992,0.9994
1525930485.0,0.9992,0.9994
1525930521.0,0.9991,0.9994
1525930558.0,0.9992,0.9993
1525930665.0,0.9991,0.9993
1525930666.0,0.9991,0.9995
1525930667.0,0.9991,0.9992
1525930881.0,0.9992,0.9994
1525930953.0,0.9993,0.9994
1525930989.0,0.9993,0.9995
1525931026.0,0.9993,0.9994
1525931061.0,0.9992,0.9994
1525931137.0,0.9992,0.9995
1525931138.0,0.9992,0.9994
1525931205.0,0.9992,0.9993
1525931241.0,0.999,0.9993
1525931242.0,0.9992,0.9993
1525931349.0,0.9993,0.9994
1525931457.0,0.9992,0.9994
1525931493.0,0.9992,0.9994
1525931529.0,0.9993,0.9994
1525931601.0,0.9993,0.9994
1525931781.0,0.9991,0.9994
1525931782.0,0.9992,0.9994
1525931853.0,0.9991,0.9994
1525931854.0,0.9992,0.9994
1525931907.0,0.9992,0.9993
1525931997.0,0.9991,0.9993
1525931998.0,0.9992,0.9993
1525932212.0,0.9991,0.9993
1525932214.0,0.9992,0.9993
1525932322.0,0.9992,0.9993
1525932465.0,0.9992,0.9993
1525932538.0,0.999,0.9993
1525932578.0,0.9991,0.9992
1525932682.0,0.999,0.9992
1525932717.0,0.9991,0.9992
1525933245.0,0.999,0.9991
1525933341.0,0.999,0.9992
1525933365.0,0.9991,0.9992
1525933413.0,0.999,0.9992
1525933437.0,0.9991,0.9992
1525933509.0,0.9991,0.9992
1525933581.0,0.999,0.9992
1525933582.0,0.999,0.9991
1525933690.0,0.999,0.9991
1525933870.0,0.9991,0.9992
1525933942.0,0.9991,0.9992
1525934014.0,0.999,0.9991
1525934229.0,0.999,0.9991
1525934337.0,0.999,0.9992
1525934338.0,0.999,0.9991
1525934733.0,0.999,0.9992
1525934734.0,0.999,0.9991
1525934805.0,0.9991,0.9992
1525935339.0,0.9991,0.9995
1525935351.0,0.9992,0.9994
1525935382.0,0.9993,0.9994
1525935459.0,0.9993,0.9995
1525935460.0,0.9994,0.9995
1525935562.0,0.9992,0.9995
1525935597.0,0.9992,0.9994
1525935598.0,0.9993,0.9994
1525935706.0,0.9992,0.9995
1525935707.0,0.9993,0.9994
1525935819.0,0.9993,0.9995
1525935851.0,0.9993,0.9994
1525935923.0,0.9992,0.9994
1525935959.0,0.9993,0.9994
1525936138.0,0.9993,0.9994
1525936247.0,0.9993,0.9995
1525936282.0,0.9993,0.9994
1525936354.0,0.9992,0.9993
1525936467.0,0.9992,0.9994
1525936499.0,0.9993,0.9994
1525936570.0,0.9993,0.9995
1525936607.0,0.9994,0.9995
1525936678.0,0.9993,0.9994
1525936718.0,0.9992,0.9994
1525936719.0,0.9993,0.9994
1525936827.0,0.9992,0.9994
1525936859.0,0.9993,0.9994
1525936966.0,0.9992,0.9994
1525936967.0,0.9993,0.9994
1525937043.0,0.9993,0.9995
1525937073.0,0.9992,0.9995
1525937074.0,0.9993,0.9994
1525937184.0,0.9993,0.9994
1525937362.0,0.9993,0.9994
1525937470.0,0.9993,0.9995
1525937471.0,0.9993,0.9994
1525937592.0,0.9993,1.0
1525937594.0,0.9994,1.0
1525937619.0,0.9995,0.9999
1525937650.0,0.9996,0.9998
1525937686.0,0.9997,0.9998
1525937724.0,0.9998,0.9999
1525937833.0,0.9994,0.9999
1525937867.0,0.9995,0.9998
1525937902.0,0.9996,0.9998
1525937938.0,0.9997,0.9998
1525937974.0,0.9998,0.9999
1525938085.0,0.9994,0.9998
1525938118.0,0.9995,0.9998
1525938155.0,0.9996,0.9998
1525938193.0,0.9997,0.9999
1525938227.0,0.9998,0.9999
1525938371.0,0.9994,0.9998
1525938407.0,0.9995,0.9998
1525938442.0,0.9996,0.9998
1525938479.0,0.9997,0.9998
1525938553.0,0.9992,0.9998
1525938592.0,0.9993,0.9998
1525938665.0,0.9994,0.9999
1525938695.0,0.9994,0.9998
1525938731.0,0.9995,0.9998
1525938771.0,0.9996,0.9998
1525938844.0,0.9997,0.9998
1525938866.0,0.9997,0.9999
1525938875.0,0.9998,0.9999
1525939020.0,0.9994,0.9999
1525939055.0,0.9995,0.9998
1525939090.0,0.9996,0.9998
1525939127.0,0.9997,0.9998
1525939162.0,0.9997,0.9999
1525939163.0,0.9997,0.9998
1525939200.0,0.9992,0.9998
1525939235.0,0.9993,0.9998
1525939307.0,0.9994,0.9998
1525939379.0,0.9995,0.9998
1525939414.0,0.9996,0.9999
1525939415.0,0.9996,0.9998
1525939450.0,0.9997,0.9998
1525939524.0,0.9995,0.9998
1525939667.0,0.9996,0.9998
1525939738.0,0.9997,0.9998
1525939848.0,0.9995,0.9998
1525939888.0,0.9995,0.9998
1525939991.0,0.9996,0.9999
1525940031.0,0.9996,0.9998
1525940063.0,0.9997,0.9998
1525940172.0,0.9995,0.9998
1525940182.0,0.9992,0.9998
1525940187.0,0.9992,0.9995
1525940207.0,0.9993,0.9995
1525940208.0,0.9993,0.9994
1525940387.0,0.9992,0.9994
1525940423.0,0.9993,0.9994
1525940424.0,0.9993,0.9994
1525940571.0,0.9992,0.9994
1525940603.0,0.9993,0.9994
1525940675.0,0.9993,0.9995
1525940676.0,0.9993,0.9994
1525940751.0,0.9992,0.9994
1525940785.0,0.9993,0.9994
1525940927.0,0.9993,0.9994
1525941360.0,0.9993,0.9995
1525941395.0,0.9994,0.9995
1525941539.0,0.9993,0.9995
1525941575.0,0.9993,0.9994
1525941899.0,0.9993,0.9995
1525941900.0,0.9994,0.9995
1525942008.0,0.9993,0.9995
1525942043.0,0.9993,0.9994
1525942121.0,0.9993,0.9995
1525942151.0,0.9994,0.9995
1525942168.0,0.9994,1.0
1525942188.0,0.9995,1.0
1525942189.0,0.9996,1.0
1525942224.0,0.9997,1.0
1525942333.0,0.9998,1.0
1525942366.0,0.9998,0.9999
1525942386.0,0.9998,1.0
1525942408.0,0.9999,1.0
1525942427.0,0.9998,1.0
1525942444.0,0.9998,0.9999
1525942984.0,0.9997,0.9999
1525942986.0,0.9998,0.9999
1525943628.0,0.9997,0.9999
1525943629.0,0.9997,0.9998
1525943669.0,0.9996,0.9998
1525943699.0,0.9997,0.9998
1525943700.0,0.9997,0.9998
1525943992.0,0.9996,0.9998
1525944024.0,0.9997,0.9998
1525944038.0,0.9997,1.0
1525944052.0,0.9998,1.0
1525944060.0,0.9998,0.9999
1525944275.0,0.9998,0.9999
1525944383.0,0.9999,1.0
1525944817.0,0.9998,1.0
1525944852.0,0.9998,0.9999
1525944896.0,0.9998,1.0
1525944929.0,0.9999,1.0
1525945033.0,0.9998,1.0
1525945068.0,0.9999,1.0
1525945140.0,0.9998,1.0
1525945176.0,0.9999,1.0
1525945249.0,0.9998,1.0
1525945285.0,0.9999,1.0
1525945752.0,0.9998,1.0
1525945789.0,0.9999,1.0
1525945975.0,0.9998,1.0
1525946004.0,0.9998,0.9999
1525946220.0,0.9999,1.0
1525946292.0,0.9998,1.0
1525946293.0,0.9999,1.0
1525946544.0,0.9999,1.0
1525946588.0,0.9992,1.0
1525946594.0,0.9991,1.0
1525946607.0,0.9991,0.9998
1525946617.0,0.9992,0.9997
1525946652.0,0.9993,0.9997
1525946688.0,0.9993,0.9996
1525946724.0,0.9994,0.9996
1525946761.0,0.9994,0.9995
1525946862.0,0.9991,0.9995
1525946868.0,0.9991,0.9994
1525946869.0,0.9992,0.9994
1525946904.0,0.9992,0.9993
1525946940.0,0.9991,0.9993
1525946977.0,0.9992,0.9993
1525947084.0,0.9992,0.9994
1525947085.0,0.9993,0.9994
1525947192.0,0.9992,0.9994
1525947193.0,0.9992,0.9993
1525947481.0,0.9993,0.9994
1525947590.0,0.9992,0.9993
1525947696.0,0.9993,0.9994
1525947773.0,0.9992,0.9994
1525947804.0,0.9993,0.9994
1525947805.0,0.999,0.9994
1525947808.0,0.9991,0.9994
1525947812.0,0.999,0.9994
1525947814.0,0.999,0.9993
1525947876.0,0.9991,0.9992
1525947949.0,0.999,0.9992
1525947986.0,0.9991,0.9992
1525948061.0,0.999,0.9992
1525948062.0,0.9991,0.9992
1525948164.0,0.999,0.9992
1525948165.0,0.9991,0.9992
1525948173.0,0.999,0.9991
1525951889.0,0.999,1.0
1525951891.0,0.9991,1.0
1525951897.0,0.9991,0.9992
1525951917.0,0.999,0.9992
1525951946.0,0.9991,0.9992
1525952161.0,0.999,0.9992
1525952202.0,0.9991,0.9992
1525952276.0,0.999,0.9992
1525952307.0,0.9991,0.9992
1525952383.0,0.999,0.9992
1525952414.0,0.9991,0.9992
1525952521.0,0.9991,0.9992
1525952595.0,0.999,0.9992
1525952629.0,0.9991,0.9992
1525952701.0,0.999,0.9992
1525952737.0,0.9991,0.9992
1525952812.0,0.999,0.9992
1525952850.0,0.9991,0.9992
1525952955.0,0.999,0.9992
1525952990.0,0.9991,0.9992
1525953064.0,0.999,0.9992
1525953097.0,0.9991,0.9992
1525953170.0,0.999,0.9992
1525953207.0,0.9991,0.9992
1525953282.0,0.999,0.9992
1525953313.0,0.9991,0.9992
1525953390.0,0.999,0.9992
1525953424.0,0.9991,0.9992
1525953531.0,0.999,0.9992
1525953570.0,0.9991,0.9992
1525953675.0,0.999,0.9992
1525953711.0,0.9991,0.9992
1525953818.0,0.999,0.9992
1525953843.0,0.999,1.0
1525953846.0,0.999,1.0001
1525953854.0,0.9991,1.0001
1525953855.0,0.9991,1.0
1525953856.0,0.9992,1.0
1525953857.0,0.9993,1.0
1525953863.0,0.9994,1.0
1525953865.0,0.9995,1.0
1525953890.0,0.9996,1.0
1525953932.0,0.9997,1.0
1525953959.0,0.9996,0.9997
1525953962.0,0.9995,0.9997
1525953968.0,0.9993,0.9997
1525953998.0,0.9993,0.9996
1525953999.0,0.9994,0.9996
1525954070.0,0.9994,0.9995
1525954142.0,0.9995,0.9999
1525954143.0,0.9995,0.9998
1525954178.0,0.9996,0.9998
1525954179.0,0.9996,0.9997
1525954324.0,0.9996,0.9998
1525954358.0,0.9996,0.9997
1525954471.0,0.9996,0.9997
1525954543.0,0.9996,0.9997
1525954652.0,0.9996,0.9998
1525954653.0,0.9997,0.9998
1525954759.0,0.9997,0.9998
1525954862.0,0.9997,0.9998
1525954971.0,0.9994,0.9998
1525955007.0,0.9994,0.9997
1525955011.0,0.9995,0.9997
1525955047.0,0.9996,0.9997
1525955228.0,0.9996,0.9997
1525955331.0,0.9995,0.9997
1525955334.0,0.9993,0.9997
1525955367.0,0.9994,0.9997
1525955406.0,0.9995,0.9997
1525955439.0,0.9995,0.9996
1525955516.0,0.9993,0.9995
1525955551.0,0.9993,0.9994
1525955690.0,0.9993,0.9994
1525955798.0,0.9994,0.9995
1525956087.0,0.9994,0.9995
1525956159.0,0.9993,0.9994
1525956446.0,0.9993,0.9995
1525956447.0,0.9994,0.9995
1525956757.0,0.9997,0.9998
1525956806.0,0.9997,0.9998
1525957061.0,0.9997,0.9999
1525957063.0,0.9998,0.9999
1525957074.0,0.9997,0.9999
1525957099.0,0.9997,0.9998
1525957208.0,0.9997,0.9999
1525957210.0,0.9997,0.9998
1525957564.0,0.9997,0.9999
1525957565.0,0.9997,0.9998
1525957675.0,0.9997,0.9999
1525957676.0,0.9997,0.9998
1525957910.0,0.9995,0.9998
1525957923.0,0.9995,0.9997
1525957925.0,0.9996,0.9997
1525957929.0,0.9996,1.0
1525957943.0,0.9997,1.0
1525957960.0,0.9997,0.9999
1525957995.0,0.9998,0.9999
1525959599.0,0.9997,0.9998
1525960261.0,0.9993,0.9998
1525960268.0,0.9993,0.9997
1525960300.0,0.9994,0.9996
1525960372.0,0.9995,0.9996
1525960479.0,0.9993,0.9996
1525960515.0,0.9994,0.9996
1525960548.0,0.9991,0.9996
1525960551.0,0.9994,0.9996
1525960552.0,0.9994,0.9995
1525960648.0,0.9991,0.9995
1525960651.0,0.9991,0.9994
1525960654.0,0.999,0.9994
1525960659.0,0.9991,0.9994
1525960660.0,0.9991,0.9993
1525960695.0,0.9992,0.9993
1525960732.0,0.9992,0.9996
1525960733.0,0.9992,0.9995
1525960754.0,0.9993,0.9995
1525960759.0,0.9993,0.9996
1525960767.0,0.9994,0.9996
1525960769.0,0.9995,0.9996
1525960848.0,0.9991,0.9996
1525960849.0,0.9994,0.9996
1525960851.0,0.9992,0.9996
1525960852.0,0.9995,0.9996
1525960871.0,0.9993,0.9996
1525960876.0,0.9994,0.9996
1525960879.0,0.9995,0.9996
1525960948.0,0.9996,0.9997
1525960981.0,0.9998,0.9999
1525960985.0,0.9997,0.9999
1525961019.0,0.9998,0.9999
1525963468.0,0.9998,0.9999
1525963469.0,0.9991,0.9998
1525963471.0,0.999,0.9997
1525963481.0,0.9992,0.9997
1525963497.0,0.9992,0.9999
1525963499.0,0.9993,0.9999
1525963500.0,0.9993,0.9998
1525963508.0,0.9994,0.9998
1525963540.0,0.9995,0.9997
1525963550.0,0.9997,0.9998
1525969841.0,0.9992,0.9997
1525969864.0,0.9995,0.9997
1525969878.0,0.9995,0.9996
1525969950.0,0.9995,0.9996
1525969990.0,0.9992,0.9993
1525970052.0,0.9992,0.9995
1525970057.0,0.9993,0.9995
1525970094.0,0.9994,0.9995
1525970183.0,0.999,0.9995
1525970195.0,0.999,0.9994
1525970206.0,0.9991,0.9994
1525970242.0,0.9991,0.9993
1525970273.0,0.9992,0.9993
1525970282.0,0.9992,0.9994
1525970311.0,0.9992,0.9993
1525970381.0,0.999,0.9993
1525970382.0,0.9991,0.9992
1525970490.0,0.9991,0.9994
1525970491.0,0.9991,0.9993
1525970562.0,0.9991,0.9992
1525970674.0,0.9992,0.9993
1525970782.0,0.999,0.9993
1525970783.0,0.999,0.9992
1525970814.0,0.9991,0.9992
1525970922.0,0.9991,0.9993
1525970994.0,0.9992,0.9993
1525971034.0,0.9992,0.9993
1525971246.0,0.9991,0.9994
1525971247.0,0.9992,0.9994
1525971286.0,0.9992,0.9993
1525971394.0,0.9992,0.9994
1525971426.0,0.9991,0.9994
1525971427.0,0.9992,0.9993
1525971528.0,1.0,1.0002
1525971530.0,1.0001,1.0002
1525971556.0,1.0,1.0002
1525971569.0,1.0,1.0001
1525971714.0,1.0,1.0002
1525971750.0,1.0,1.0001
1525972002.0,1.0001,1.0002
1525972111.0,1.0,1.0002
1525972146.0,1.0,1.0001
1525972440.0,1.0,1.0002
1525972441.0,1.0,1.0001
1525972445.0,1.0,1.0002
1525972466.0,1.0,1.0001
1525972467.0,1.0,1.0002
1525972470.0,1.0001,1.0002
1525972749.0,1.0,1.0002
1525972758.0,1.0,1.0001
1525972974.0,1.0,1.0002
1525973010.0,1.0,1.0001
1525973231.0,1.0,1.0002
1525973232.0,1.0001,1.0002
1525973274.0,1.0,1.0001
1525975913.0,0.9999,1.0001
1525975918.0,0.9999,1.0
1525975926.0,0.9994,0.9997
1525975933.0,0.9991,0.9993
1525975935.0,0.9991,0.9998
1525975936.0,0.999,0.9998
1525975937.0,0.9998,0.9999
1525975941.0,0.999,0.9999
1525975951.0,0.999,0.9998
1525975963.0,0.9991,0.9997
1525975964.0,0.999,0.9997
1525975965.0,0.999,0.9997
1525975968.0,0.999,0.9996
1525975969.0,0.999,0.9995
1525975971.0,0.999,0.9996
1525975985.0,0.9991,0.9997
1525975995.0,0.999,0.9997
1525975999.0,0.999,0.9996
1525976005.0,0.999,0.9995
1525976007.0,0.9991,0.9995
1525976008.0,0.9991,0.9993
1525976009.0,0.9991,0.9992
1525976011.0,0.999,0.9992
1525976023.0,0.999,0.9991
1525976028.0,0.999,0.9996
1525976030.0,0.9991,0.9995
1525976031.0,0.9991,0.9994
1525976033.0,0.9991,0.9993
1525976035.0,0.9991,0.9992
1525976127.0,0.999,0.9992
1525976129.0,0.999,0.9993
1525976135.0,0.999,0.9996
1525976137.0,0.999,0.9992
1525976138.0,0.999,0.9996
1525976139.0,0.999,0.9991
1525976143.0,0.999,0.9997
1525976146.0,0.999,0.9996
1525976147.0,0.9991,0.9996
1525976148.0,0.999,0.9996
1525976157.0,0.9991,0.9995
1525976158.0,0.999,0.9991
1525976159.0,0.999,0.9994
1525976161.0,0.999,0.9994
1525976162.0,0.9991,0.9994
1525976164.0,0.9991,0.9993
1525976166.0,0.999,0.9993
1525976168.0,0.999,0.9992
1525976170.0,0.999,0.9994
1525976171.0,0.999,0.9996
1525976172.0,0.999,0.9993
1525976173.0,0.999,0.9991
1525976175.0,0.999,0.9993
1525976179.0,0.9991,0.9993
1525976180.0,0.999,0.9993
1525976186.0,0.9991,0.9993
1525976189.0,0.9991,0.9992
1525976192.0,0.9991,0.9995
1525976215.0,0.9991,0.9994
1525976269.0,0.9991,0.9993
1525976285.0,0.9991,0.9994
1525976288.0,0.9992,0.9993
1525976359.0,0.9993,0.9996
1525976396.0,0.9993,0.9995
1525976430.0,0.9994,0.9995
1525976540.0,0.9991,0.9995
1525976543.0,0.9992,0.9995
1525976611.0,0.9993,0.9995
1525976647.0,0.9993,0.9994
1525976720.0,0.9992,0.9994
1525976755.0,0.9992,0.9995
1525976791.0,0.9993,0.9995
1525976869.0,0.9994,0.9995
1525976971.0,0.9994,0.9996
1525976972.0,0.9991,0.9996
1525977007.0,0.9991,0.9995
1525977043.0,0.9992,0.9995
1525977084.0,0.9992,0.9994
1525977115.0,0.9993,0.9994
1525977175.0,0.999,0.9994
1525977191.0,0.9991,0.9993
1525977259.0,0.9992,0.9993
1525977295.0,0.9992,0.9994
1525977332.0,0.9993,0.9994
1525977369.0,0.9993,0.9995
1525977403.0,0.9994,0.9995
1525977441.0,0.999,0.9995
1525977475.0,0.999,0.9994
1525977476.0,0.9991,0.9994
1525977503.0,0.9991,0.9993
1525977505.0,0.9991,0.9994
1525977506.0,0.9991,0.9992
1525977507.0,0.9991,0.9994
1525977547.0,0.9992,0.9995
1525977625.0,0.9992,0.9994
1525977627.0,0.9993,0.9994
1525977728.0,0.999,0.9994
1525977766.0,0.9991,0.9994
1525977836.0,0.9992,0.9994
1525977871.0,0.9992,0.9995
1525977872.0,0.9992,0.9994
1525977913.0,0.9993,0.9994
1525977985.0,0.9993,0.9995
1525978015.0,0.9991,0.9995
1525978087.0,0.9992,0.9994
1525978159.0,0.9992,0.9995
1525978160.0,0.9993,0.9994
1525978272.0,0.9991,0.9995
1525978341.0,0.9992,0.9995
1525978375.0,0.9992,0.9994
1525978411.0,0.9993,0.9994
1525978447.0,0.9993,0.9994
1525978520.0,0.9992,0.9994
1525978521.0,0.9992,0.9993
1525978628.0,0.9993,0.9994
1525978735.0,0.9993,0.9997
1525978736.0,0.9993,0.9996
1525978776.0,0.9994,0.9996
1525978814.0,0.9994,0.9995
1525978916.0,0.9993,0.9995
1525978952.0,0.9993,0.9996
1525978988.0,0.9994,0.9996
1525979060.0,0.9995,0.9996
1525979061.0,0.9995,0.9997
1525979096.0,0.9995,0.9996
1525979169.0,0.9992,0.9995
1525979240.0,0.9993,0.9995
1525979241.0,0.9993,0.9994
1525979347.0,0.9992,0.9994
1525979348.0,0.9992,0.9996
1525979424.0,0.9992,0.9995
1525979425.0,0.9993,0.9995
1525979492.0,0.9994,0.9995
1525979528.0,0.9994,0.9997
1525979569.0,0.9995,0.9996
1525979672.0,0.9991,0.9997
1525979673.0,0.9991,0.9995
1525979745.0,0.9992,0.9995
1525979780.0,0.9992,0.9996
1525979783.0,0.9992,0.9995
1525979823.0,0.9993,0.9995
1525979853.0,0.9993,0.9994
1525979924.0,0.9991,0.9994
1525979925.0,0.9991,0.9993
1525979936.0,0.9991,0.9994
1525979951.0,0.9991,0.9997
1525979996.0,0.9992,0.9997
1525980068.0,0.9993,0.9997
1525980069.0,0.9993,0.9996
1525980140.0,0.9994,0.9995
1525980248.0,0.9994,0.9997
1525980249.0,0.9992,0.9997
1525980320.0,0.9993,0.9996
1525980391.0,0.9994,0.9996
1525980428.0,0.9994,0.9997
1525980464.0,0.9995,0.9997
1525980500.0,0.9995,0.9996
1525980572.0,0.9992,0.9995
1525980606.0,0.999,0.9995
1525980608.0,0.9991,0.9995
1525980612.0,0.9991,0.9994
1525980623.0,0.999,0.9994
1525980644.0,0.9991,0.9994
1525980715.0,0.9992,0.9993
1525980859.0,0.999,0.9993
1525980865.0,0.999,0.9992
1525980900.0,0.9991,0.9992
1525981004.0,0.999,0.9993
1525981040.0,0.9991,0.9993
1525981117.0,0.9992,0.9993
1525981215.0,1.0,1.0001
1525981816.0,0.9997,1.0001
1525981817.0,0.9997,1.0
1525981832.0,0.9998,0.9999
1525981864.0,0.9998,1.0007
1525981866.0,0.9998,1.0006
1525981868.0,0.9999,1.0006
1525981882.0,1.0,1.0006
1525981905.0,1.0001,1.0005
1525981940.0,1.0001,1.0004
1525981981.0,1.0002,1.0003
1525982089.0,1.0,1.0003
1525982091.0,1.0,1.0002
1525982121.0,1.0,1.0001
1525982132.0,0.9999,1.0001
1525982156.0,1.0,1.0001
1525982337.0,0.9997,1.0
1525982372.0,0.9998,1.0
1525982410.0,0.9999,1.0
1525982517.0,0.9994,0.9999
1525982588.0,0.9995,0.9999
1525982660.0,0.9996,0.9999
1525982696.0,0.9996,1.0
1525982697.0,0.9996,0.9999
1525982732.0,0.9997,0.9999
1525982768.0,0.9998,0.9999
1525982783.0,0.999,0.9999
1525982804.0,0.9991,0.9999
1525982807.0,0.9991,0.9997
1525982841.0,0.9992,0.9997
1525982878.0,0.9992,0.9996
1525982913.0,0.9993,0.9996
1525982985.0,0.9994,0.9995
1525983003.0,0.9992,0.9995
1525983006.0,0.999,0.9991
1525983008.0,0.999,0.9994
1525983012.0,0.999,0.9995
1525983013.0,0.999,0.9995
1525983026.0,0.9991,0.9994
1525983056.0,0.9992,0.9993
1525983129.0,0.9992,0.9994
1525983131.0,0.9992,0.9993
1525983278.0,0.9991,0.9992
1525983464.0,0.999,0.9992
1525983467.0,0.999,0.9991
1525983493.0,0.999,0.9992
1525983525.0,0.999,0.9991
1525983740.0,0.9991,0.9992
1525984095.0,0.9991,0.9993
1525984100.0,0.9991,0.9996
1525984101.0,0.9992,0.9996
1525984137.0,0.9992,0.9995
1525984173.0,0.9993,0.9995
1525984246.0,0.9994,0.9995
1525984357.0,0.9992,0.9995
1525984358.0,0.9992,0.9994
1525984437.0,0.9992,0.9996
1525984460.0,0.9993,0.9996
1525984498.0,0.9993,0.9995
1525984533.0,0.9994,0.9995
1525984786.0,0.9992,0.9995
1525984787.0,0.9993,0.9995
1525984857.0,0.9994,0.9995
1525984868.0,0.999,0.9995
1525984888.0,0.999,0.9994
1525984890.0,0.999,0.9993
1525984892.0,0.999,0.9992
1525984898.0,0.9991,0.9992
1525985002.0,0.999,0.9992
1525985042.0,0.9991,0.9992
1525985065.0,0.999,0.9992
1525985074.0,0.999,0.9991
1525985146.0,0.999,0.9992
1525985180.0,0.9991,0.9992
1525985217.0,0.9991,0.9992
1525985329.0,0.9991,0.9993
1525985361.0,0.9992,0.9993
1525985434.0,0.9992,0.9994
1525985475.0,0.9991,0.9994
1525985505.0,0.9991,0.9993
1525985542.0,0.9992,0.9993
1525985601.0,0.999,0.9993
1525985603.0,0.999,0.9992
1525985613.0,0.999,0.9991
1525985794.0,0.999,0.9993
1525985829.0,0.9991,0.9993
1525985865.0,0.9991,0.9992
1525985937.0,0.999,0.9992
1525985938.0,0.9991,0.9992
1525985973.0,0.9991,0.9993
1525986014.0,0.9992,0.9993
1525986086.0,0.999,0.9993
1525986089.0,0.999,0.9992
1525986117.0,0.999,0.9991
1525986189.0,0.999,0.9991
1525986333.0,0.999,0.9993
1525986370.0,0.9991,0.9993
1525986441.0,0.9992,0.9993
1525986483.0,0.9992,0.9994
1525986518.0,0.9993,0.9994
1525986621.0,0.9991,0.9994
1525986623.0,0.9991,0.9993
1525986694.0,0.9992,0.9993
1525986802.0,0.9991,0.9992
1525986874.0,0.9992,0.9993
1525986981.0,0.999,0.9993
1525986982.0,0.9991,0.9993
1525987053.0,0.9991,0.9992
1525987166.0,0.999,0.9993
1525987167.0,0.9991,0.9993
1525987216.0,0.999,0.9993
1525987217.0,0.999,0.9992
1525987238.0,0.9991,0.9992
1525987243.0,0.9991,0.9993
1525987270.0,0.9991,0.9994
1525987271.0,0.9991,0.9993
1525987306.0,0.9992,0.9993
1525987557.0,0.999,0.9994
1525987558.0,0.999,0.9993
1525987598.0,0.9991,0.9993
1525987629.0,0.9991,0.9992
1525987702.0,0.999,0.9992
1525987737.0,0.9991,0.9992
1525987773.0,0.9991,0.9993
1525987774.0,0.9991,0.9992
1525987845.0,0.9991,0.9992
1525987882.0,0.9991,0.9993
1525987918.0,0.9992,0.9993
1525988031.0,0.9991,0.9993
1525988097.0,0.9992,0.9993
1525988133.0,0.9992,0.9993
1525988205.0,0.999,0.9993
1525988206.0,0.9991,0.9993
1525988279.0,0.9991,0.9992
1525988318.0,0.999,0.9992
1525988319.0,0.9991,0.9992
1525988423.0,0.999,0.9993
1525988457.0,0.9991,0.9993
1525988529.0,0.9991,0.9992
1525988637.0,0.9992,0.9994
1525988638.0,0.9992,0.9993
1525988746.0,0.9991,0.9993
1525988822.0,0.9992,0.9993
1525988925.0,0.999,0.9993
1525988926.0,0.9991,0.9993
1525988998.0,0.9992,0.9993
1525989105.0,0.9991,0.9993
1525989178.0,0.9992,0.9993
1525989250.0,0.9992,0.9993
1525989286.0,0.999,0.9993
1525989289.0,0.9991,0.9993
1525989326.0,0.9991,0.9992
1525989399.0,0.999,0.9992
1525989430.0,0.9991,0.9992
1525989466.0,0.9991,0.9993
1525989502.0,0.9992,0.9993
1525989610.0,0.9991,0.9993
1525989682.0,0.9991,0.9992
1525989790.0,0.9992,0.9993
1525989898.0,0.9991,0.9993
1525989970.0,0.9992,0.9993
1525989973.0,0.999,0.9993
1525989976.0,0.999,0.9992
1525990006.0,0.9991,0.9992
1525990008.0,0.9991,0.9994
1525990077.0,0.9992,0.9994
1525990120.0,0.9992,0.9993
1525990222.0,0.9991,0.9994
1525990223.0,0.9992,0.9994
1525990294.0,0.9993,0.9994
1525990406.0,0.9991,0.9993
1525990474.0,0.9992,0.9993
1525990550.0,0.9993,0.9994
1525990655.0,0.999,0.9994
1525990690.0,0.9991,0.9994
1525990691.0,0.9991,0.9993
1525990759.0,0.9991,1.0007
1525990763.0,0.9992,1.0006
1525990767.0,0.9994,1.0006
1525990802.0,0.9995,1.0006
1525990803.0,0.9995,1.0005
1525990875.0,0.9996,1.0005
1525990942.0,0.9997,1.0005
1525990978.0,0.9998,1.0005
1525991014.0,0.9999,1.0005
1525991050.0,1.0,1.0005
1525991087.0,1.0001,1.0005
1525991158.0,1.0002,1.0005
1525991230.0,1.0003,1.0005
1525991307.0,1.0004,1.0005
1525991410.0,1.0001,1.0005
1525991483.0,0.9998,1.0005
1525991493.0,0.9998,1.0004
1525991518.0,0.9998,1.0003
1525991519.0,0.9999,1.0003
1525991554.0,1.0,1.0003
1525991557.0,1.0,1.0002
1525991591.0,1.0,1.0001
1525991663.0,0.9996,1.0001
1525991698.0,0.9997,1.0001
1525991734.0,0.9998,1.0001
1525991770.0,0.9999,1.0001
1525991807.0,1.0,1.0001
1525991915.0,0.9996,1.0001
1525991950.0,0.9997,1.0001
1525991987.0,0.9998,1.0001
1525992023.0,0.9999,1.0001
1525992059.0,1.0,1.0001
1525992203.0,0.9996,1.0001
1525992238.0,0.9997,1.0001
1525992275.0,0.9998,1.0001
1525992310.0,0.9999,1.0001
1525992346.0,1.0,1.0001
1525992454.0,0.9996,1.0001
1525992490.0,0.9997,1.0001
1525992526.0,0.9998,1.0001
1525992562.0,0.9999,1.0001
1525992603.0,1.0,1.0001
1525992694.0,0.9991,1.0001
1525992696.0,0.999,1.0001
1525992704.0,0.9991,1.0001
1525992707.0,0.9992,0.9999
1525992742.0,0.9993,0.9998
1525992748.0,0.9995,0.9998
1525992819.0,0.9995,0.9997
1525992850.0,0.9996,0.9997
1525992903.0,0.9991,0.9997
1525992906.0,0.999,0.9997
1525992914.0,0.999,0.9996
1525992923.0,0.9991,0.9996
1525992937.0,0.9992,0.9996
1525992958.0,0.9993,0.9996
1525992994.0,0.9994,0.9995
1525993003.0,0.9992,0.9995
1525993006.0,0.9991,0.9995
1525993028.0,0.9992,0.9995
1525993067.0,0.9993,0.9994
1525993175.0,0.9992,0.9995
1525993211.0,0.9993,0.9995
1525993247.0,0.9993,0.9994
1525993355.0,0.9993,0.9995
1525993356.0,0.9992,0.9995
1525993390.0,0.9993,0.9995
1525993423.0,0.999,0.9995
1525993427.0,0.9991,0.9994
1525993428.0,0.9991,0.9993
1525993463.0,0.9992,0.9993
1525993537.0,0.999,0.9993
1525993571.0,0.9991,0.9992
1525993643.0,0.999,0.9992
1525993684.0,0.9991,0.9992
1525993787.0,0.999,0.9991
1525993859.0,0.9991,0.9992
1525993967.0,0.999,0.9991
1525994080.0,0.9991,0.9992
1525994183.0,0.9992,0.9993
1525994255.0,0.999,0.9992
1525994293.0,0.9991,0.9992
1525994363.0,0.9992,0.9993
1525994470.0,0.999,0.9992
1525994507.0,0.9991,0.9992
1525994579.0,0.999,0.9992
1525994615.0,0.9991,0.9992
1525994692.0,0.999,0.9992
1525994722.0,0.9991,0.9992
1525994799.0,0.999,0.9992
1525994831.0,0.9991,0.9992
1525994903.0,0.999,0.9992
1525994904.0,0.999,0.9991
1525995049.0,0.999,0.9999
1525995053.0,0.9992,0.9999
1525995083.0,0.9993,0.9999
1525995084.0,0.9993,0.9998
1525995155.0,0.9994,0.9998
1525995227.0,0.9995,0.9997
1525995264.0,0.9996,0.9997
1525995371.0,0.9992,0.9997
1525995411.0,0.9993,0.9997
1525995412.0,0.9993,0.9998
1525995443.0,0.9993,0.9997
1525995483.0,0.9994,0.9997
1525995515.0,0.9994,0.9996
1525995551.0,0.9995,0.9996
1525995624.0,0.9992,0.9996
1525995659.0,0.9993,0.9996
1525995732.0,0.9994,0.9998
1525995803.0,0.9995,0.9997
1525995839.0,0.9996,0.9997
1525995913.0,0.9992,0.9997
1525995947.0,0.9992,0.9998
1525995948.0,0.9993,0.9997
1525996020.0,0.9994,0.9997
1525996055.0,0.9994,0.9998
1525996091.0,0.9995,0.9998
1525996127.0,0.9996,0.9997
1525996204.0,0.9992,0.9997
1525996236.0,0.9993,0.9997
1525996271.0,0.9993,0.9998
1525996272.0,0.9993,0.9997
1525996308.0,0.9994,0.9997
1525996344.0,0.9994,0.9996
1525996380.0,0.9995,0.9996
1525996451.0,0.9996,0.9998
1525996473.0,0.999,0.9998
1525996488.0,0.9991,0.9997
1525996493.0,0.9991,0.9992
1525996560.0,0.999,0.9992
1525996595.0,0.9991,0.9992
1525996668.0,0.999,0.9992
1525996704.0,0.9991,0.9992
1525996777.0,0.999,0.9992
1525996811.0,0.999,0.9991
1525996958.0,0.999,0.9992
1525996991.0,0.9991,0.9992
1525997064.0,0.999,0.9991
1525997070.0,0.999,0.9999
1525997080.0,0.9992,0.9999
1525997100.0,0.9993,0.9998
1525997172.0,0.9994,0.9998
1525997174.0,0.9994,0.9997
1525997245.0,0.9995,0.9997
1525997281.0,0.9995,0.9996
1525997356.0,0.9992,0.9995
1525997357.0,0.9993,0.9995
1525997428.0,0.9994,0.9995
1525997536.0,0.9994,0.9997
1525997569.0,0.9993,0.9997
1525997640.0,0.9994,0.9997
1525997716.0,0.9995,0.9996
1525997820.0,0.9992,0.9998
1525997821.0,0.9992,0.9995
1525997860.0,0.9993,0.9995
1525997893.0,0.9993,0.9998
1525997927.0,0.9994,0.9998
1525997928.0,0.9994,0.9997
1525998001.0,0.9995,0.9996
1525998079.0,0.9999,1.0004
1525998108.0,0.9999,1.0003
1525998109.0,1.0,1.0003
1525998111.0,1.0,1.0002
1525998144.0,1.0,1.0001
1525998216.0,1.0,1.0002
1525998252.0,1.0,1.0001
1525998365.0,1.0,1.0005
1525998366.0,1.0,1.0004
1525998396.0,1.0,1.0003
1525998397.0,1.0001,1.0003
1525998398.0,1.0001,1.0002
1525998434.0,1.0001,1.0003
1525998467.0,1.0002,1.0003
1525998721.0,1.0002,1.0004
1525998737.0,0.9992,1.0004
1525998739.0,0.9992,1.0003
1525998756.0,0.9992,1.0002
1525998758.0,0.9993,1.0002
1525998759.0,1.0004,1.0005
1525998765.0,1.0004,1.0006
1525998766.0,1.0004,1.0005
1525998849.0,1.0002,1.0005
1525998850.0,1.0002,1.0004
1525998863.0,1.0002,1.0003
1525998937.0,1.0005,1.0007
1525998940.0,1.0005,1.0006
1525999691.0,1.0002,1.0006
1525999692.0,1.0002,1.0005
1525999732.0,1.0002,1.0004
1525999794.0,1.0005,1.0006
1525999864.0,1.0002,1.0006
1525999865.0,0.9998,1.0006
1525999869.0,0.9998,1.0003
1525999877.0,0.9999,1.0003
1525999908.0,1.0,1.0003
1525999944.0,1.0001,1.0003
1526000017.0,1.0002,1.0003
1526000124.0,1.0001,1.0003
1526000161.0,1.0001,1.0002
1526000267.0,1.0001,1.0003
1526000268.0,1.0002,1.0003
1526000385.0,1.0,1.0003
1526000414.0,1.0001,1.0003
1526000449.0,1.0001,1.0002
1526000463.0,1.0001,1.0007
1526000474.0,1.0002,1.0007
1526000597.0,1.0003,1.0007
1526000664.0,1.0004,1.0007
1526000737.0,1.0005,1.0007
1526000808.0,1.0006,1.0007
1526000953.0,1.0004,1.0007
1526001025.0,1.0005,1.0007
1526001098.0,1.0006,1.0007
1526001210.0,1.0002,1.0007
1526001241.0,1.0003,1.0007
1526001317.0,1.0004,1.0007
1526001384.0,1.0005,1.0007
1526001456.0,1.0006,1.0007
1526001566.0,1.0003,1.0007
1526001636.0,1.0004,1.0007
1526001708.0,1.0005,1.0007
1526001780.0,1.0006,1.0007
1526001890.0,1.0003,1.0007
1526001960.0,1.0004,1.0007
1526002037.0,1.0005,1.0007
1526002104.0,1.0006,1.0007
1526002250.0,1.0002,1.0007
1526002285.0,1.0003,1.0007
1526002357.0,1.0004,1.0007
1526002428.0,1.0005,1.0007
1526002501.0,1.0006,1.0007
1526002611.0,1.0003,1.0007
1526002681.0,1.0004,1.0007
1526002805.0,1.0005,1.0007
1526002825.0,1.0006,1.0007
1526003010.0,1.0005,1.0007
1526003011.0,1.0006,1.0007
1526003113.0,1.0005,1.0007
1526003149.0,1.0006,1.0007
1526003371.0,1.0006,1.0007
1526003509.0,1.0005,1.0007
1526003510.0,1.0006,1.0007
1526003618.0,1.0005,1.0007
1526003652.0,1.0006,1.0007
1526003729.0,1.0005,1.0007
1526003730.0,1.0006,1.0007
1526003734.0,1.0005,1.0007
1526003766.0,1.0006,1.0007
1526003869.0,1.0005,1.0006
1526004233.0,1.0005,1.0007
1526004234.0,1.0006,1.0007
1526004323.0,1.0004,1.0005
1526004879.0,1.0004,1.0006
1526004917.0,0.999,1.0006
1526004929.0,0.999,1.0003
1526004930.0,0.999,1.0002
1526004954.0,0.9991,1.0001
1526004985.0,0.9991,1.0
1526005021.0,0.9992,1.0
1526005057.0,0.9992,0.9999
1526005093.0,0.9993,0.9999
1526005103.0,0.9993,0.9998
1526005129.0,0.9993,0.9997
1526005166.0,0.9994,0.9997
1526005202.0,0.9994,0.9996
1526005237.0,0.9995,0.9996
1526005310.0,0.9996,1.0
1526005312.0,0.9996,0.9999
1526005346.0,0.9996,0.9998
1526005382.0,0.9997,0.9998
1526005455.0,0.9997,1.0001
1526005489.0,0.9991,1.0
1526005525.0,0.9991,0.9999
1526005561.0,0.9992,0.9999
1526005633.0,0.9993,0.9998
1526005706.0,0.9994,0.9998
1526005741.0,0.9994,0.9999
1526005777.0,0.9995,0.9998
1526005849.0,0.9996,0.9997
1526005957.0,0.9991,1.0
1526005958.0,0.9991,0.9999
1526006031.0,0.9992,0.9998
1526006101.0,0.9993,0.9998
1526006137.0,0.9993,0.9997
1526006174.0,0.9994,0.9997
1526006210.0,0.9994,0.9998
1526006245.0,0.9995,0.9997
1526006319.0,0.9996,0.9997
1526006354.0,0.9996,0.9998
1526006394.0,0.9997,0.9998
1526006533.0,0.9991,0.9999
1526006534.0,0.9991,0.9998
1526006605.0,0.9992,0.9998
1526006606.0,0.9992,0.9997
1526006677.0,0.9993,0.9996
1526006750.0,0.9993,0.9996
1526006751.0,0.9994,0.9996
1526006782.0,0.999,0.9996
1526006785.0,0.9991,0.9996
1526006789.0,0.9991,0.9994
1526006804.0,0.999,0.9994
1526006821.0,0.9991,0.9994
1526006895.0,0.9992,0.9994
1526006930.0,0.9992,0.9993
1526007002.0,0.9991,0.9992
1526007110.0,0.9991,0.9993
1526007182.0,0.9992,0.9993
1526007217.0,0.9992,0.9994
1526007218.0,0.9992,0.9993
1526007289.0,0.999,0.9993
1526007290.0,0.9991,0.9993
1526007328.0,0.9991,0.9993
1526007362.0,0.9992,0.9993
1526007433.0,0.9993,0.9994
1526007578.0,0.9992,0.9994
1526007651.0,0.9993,0.9994
1526007758.0,0.9991,0.9994
1526007831.0,0.9992,0.9994
1526007902.0,0.9993,0.9994
1526008046.0,0.9992,0.9994
1526008082.0,0.9992,0.9993
1526008155.0,0.9991,0.9993
1526008191.0,0.9991,0.9994
1526008192.0,0.9991,0.9993
1526008226.0,0.9992,0.9993
1526008298.0,0.9993,0.9994
1526008406.0,0.9991,0.9993
1526008478.0,0.9992,0.9993
1526008586.0,0.9991,0.9993
1526008658.0,0.9992,0.9993
1526008669.0,0.999,0.9993
1526008694.0,0.9991,0.9992
1526008789.0,0.999,0.9992
1526008803.0,0.999,0.9993
1526008804.0,0.9991,0.9993
1526008875.0,0.9992,0.9993
1526008910.0,0.9992,0.9993
1526008982.0,0.999,0.9992
1526009018.0,0.9991,0.9992
1526009091.0,0.9991,0.9994
1526009092.0,0.9991,0.9993
1526009198.0,0.9992,0.9994
1526009271.0,0.9993,0.9994
1526009358.0,0.999,0.9994
1526009379.0,0.9991,0.9994
1526009414.0,0.9991,0.9993
1526009451.0,0.9992,0.9993
1526009522.0,0.9993,0.9994
1526009671.0,0.9992,0.9994
1526009672.0,0.9992,0.9993
1526009775.0,0.999,0.9992
1526009811.0,0.9991,0.9992
1526009846.0,0.9991,0.9992
1526009990.0,0.9991,0.9993
1526009991.0,0.9992,0.9993
1526010103.0,0.999,0.9993
1526010104.0,0.9991,0.9993
1526010139.0,0.9991,0.9993
1526010170.0,0.9992,0.9993
1526010244.0,0.9992,0.9994
1526010278.0,0.9991,0.9993
1526010351.0,0.9992,0.9993
1526010458.0,0.9991,0.9994
1526010460.0,0.9991,0.9993
1526010473.0,0.999,0.9993
1526010494.0,0.9991,0.9993
1526010566.0,0.9991,0.9992
1526010643.0,0.9992,0.9993
1526010747.0,0.9991,0.9993
1526010783.0,0.9992,0.9993
1526010895.0,0.9992,0.9994
1526010896.0,0.9992,0.9993
1526010998.0,0.9992,0.9993
1526010999.0,0.9991,0.9993
1526011035.0,0.9992,0.9993
1526011107.0,0.9993,0.9994
1526011219.0,0.9991,0.9994
1526011220.0,0.9992,0.9994
1526011250.0,0.9992,0.9993
1526011323.0,0.9991,0.9993
1526011359.0,0.9992,0.9993
1526011790.0,0.9992,0.9993
1526012012.0,0.9992,0.9993
1526012115.0,0.9991,0.9993
1526012151.0,0.9992,0.9993
1526012263.0,0.9992,0.9993
1526012369.0,0.9991,0.9993
1526012370.0,0.9991,0.9994
1526012403.0,0.9992,0.9993
1526012510.0,0.9991,0.9993
1526012511.0,0.9992,0.9993
1526012619.0,0.9991,0.9994
1526012620.0,0.9992,0.9993
1526012727.0,0.9991,0.9994
1526012762.0,0.9991,0.9993
1526012763.0,0.9992,0.9993
1526012943.0,0.9991,0.9992
1526013051.0,0.9991,0.9993
1526013052.0,0.9992,0.9993
1526013159.0,0.9991,0.9993
1526013171.0,0.9991,0.9992
1526016583.0,0.9999,1.0001
1526016616.0,0.9999,1.0
1526016701.0,0.9992,1.0
1526016724.0,0.9993,0.9999
1526016796.0,0.9994,1.0001
1526016799.0,0.9994,1.0
1526016832.0,0.9994,0.9999
1526016868.0,0.9995,0.9998
1526016904.0,0.9995,0.9997
1526016945.0,0.9996,0.9997
1526017052.0,0.9992,0.9996
1526017083.0,0.9993,0.9996
1526017157.0,0.9994,0.9995
1526017228.0,0.9994,0.9998
1526017229.0,0.9995,0.9997
1526017301.0,0.9996,0.9997
1526017341.0,0.9996,0.9999
1526017373.0,0.9996,0.9998
1526017374.0,0.9997,0.9998
1526017517.0,0.9993,0.9998
1526017552.0,0.9993,0.9997
1526017592.0,0.9994,0.9997
1526017624.0,0.9994,0.9996
1526017660.0,0.9995,0.9996
1526017736.0,0.9995,0.9999
1526017737.0,0.9996,0.9998
1526017804.0,0.9997,0.9998
1526017841.0,0.9997,1.0
1526017847.0,0.9997,0.9999
1526017876.0,0.9998,0.9999
1526018020.0,0.9994,0.9999
1526018021.0,0.9994,0.9998
1526018093.0,0.9995,0.9998
1526018129.0,0.9995,0.9997
1526018165.0,0.9996,0.9997
1526018236.0,0.9997,0.9998
1526018345.0,0.9992,0.9998
1526018384.0,0.9993,0.9998
1526018416.0,0.9993,0.9997
1526018456.0,0.9994,0.9997
1526018525.0,0.9995,0.9997
1526018561.0,0.9995,0.9998
1526018596.0,0.9996,0.9997
1526018739.0,0.9996,0.9999
1526018740.0,0.9996,0.9997
1526018741.0,0.9994,0.9997
1526018817.0,0.9995,0.9998
1526018848.0,0.9995,0.9997
1526018886.0,0.9996,0.9997
1526018920.0,0.9996,0.9999
1526018922.0,0.9996,0.9998
1526018957.0,0.9996,0.9997
1526018993.0,0.9993,0.9997
1526019029.0,0.9993,0.9998
1526019064.0,0.9994,0.9998
1526019065.0,0.9994,0.9999
1526019100.0,0.9994,0.9998
1526019136.0,0.9995,0.9997
1526019208.0,0.9996,0.9997
1526019245.0,0.9996,0.9997
1526019352.0,0.9996,0.9999
1526019353.0,0.9993,0.9998
1526019425.0,0.9994,0.9998
1526019501.0,0.9995,0.9997
1526019568.0,0.9996,0.9997
1526019605.0,0.9996,0.9999
1526019645.0,0.9997,0.9999
1526019646.0,0.9997,0.9998
1526019724.0,0.9992,0.9998
1526019735.0,0.9992,0.9994
1526019748.0,0.9993,0.9994
1526019861.0,0.9992,0.9994
1526019862.0,0.9992,0.9993
1526020000.0,0.9992,0.9993
1526020046.0,0.9995,0.9999
1526020073.0,0.9996,0.9998
1526020144.0,0.9996,0.9997
1526020253.0,0.9996,0.9999
1526020288.0,0.9996,0.9998
1526020325.0,0.9997,0.9998
1526020469.0,0.9997,0.9998
1526020578.0,0.9996,0.9999
1526020613.0,0.9996,0.9998
1526020653.0,0.9997,0.9998
1526020757.0,0.9997,0.9999
1526020759.0,0.9998,0.9999
1526020865.0,0.9997,0.9998
1526020936.0,0.9997,0.9999
1526020939.0,0.9997,1.0002
1526020941.0,0.9998,1.0002
1526020957.0,0.9999,1.0002
1526020971.0,0.9999,1.0003
1526020977.0,0.9999,1.0001
1526021009.0,1.0,1.0001
1526021081.0,1.0,1.0002
1526021083.0,1.0001,1.0002
1526021188.0,1.0,1.0002
1526021226.0,1.0001,1.0002
1526021228.0,1.0001,1.0003
1526021260.0,1.0001,1.0002
1526021273.0,1.0001,1.0007
1526021280.0,1.0001,1.0006
1526021297.0,1.0002,1.0006
1526021298.0,1.0002,1.0005
1526021369.0,1.0003,1.0006
1526021441.0,1.0004,1.0005
1526021513.0,1.0005,1.0006
1526021573.0,1.0005,1.0007
1526021590.0,1.0006,1.0007
1526021694.0,1.0,1.0007
1526021722.0,1.0,1.0006
1526021733.0,1.0001,1.0005
1526021802.0,1.0002,1.0005
1526021842.0,1.0002,1.0006
1526021844.0,1.0002,1.0005
1526021870.0,1.0002,1.0006
1526021873.0,1.0003,1.0006
1526021946.0,1.0004,1.0006
1526021947.0,1.0004,1.0005
1526021973.0,1.0004,1.0006
1526022018.0,1.0005,1.0006
1526022126.0,1.0001,1.0005
1526022190.0,1.0001,1.0004
1526022199.0,1.0002,1.0003
1526022221.0,0.9992,1.0003
1526022230.0,0.9993,1.0003
1526022233.0,0.9994,1.0003
1526022239.0,0.9994,1.0001
1526022265.0,0.9994,1.0
1526022269.0,0.9995,1.0
1526022270.0,0.9995,0.9999
1526022307.0,0.9995,0.9998
1526022341.0,0.9996,0.9998
1526022414.0,0.9996,0.9997
1526022450.0,0.9995,0.9997
1526022486.0,0.9995,0.9997
1526022521.0,0.9996,0.9997
1526022594.0,0.9996,0.9998
1526022630.0,0.9995,0.9998
1526022669.0,0.9995,0.9997
1526022701.0,0.9996,0.9997
1526022743.0,0.9996,0.9998
1526022748.0,0.9996,0.9999
1526022773.0,0.9997,0.9998
1526022920.0,0.9996,0.9997
1526023027.0,0.9994,0.9999
1526023028.0,0.9994,0.9996
1526023061.0,0.9995,0.9996
1526023170.0,0.9995,0.9996
1526023243.0,0.9995,0.9998
1526023314.0,0.9995,0.9997
1526023349.0,0.9996,0.9997
1526023422.0,0.9996,0.9999
1526023423.0,0.9997,0.9999
1526023428.0,0.9998,0.9999
1526023460.0,0.9997,0.9999
1526023484.0,0.9997,1.0
1526023493.0,0.9998,0.9999
1526023585.0,0.9997,0.9999
1526023590.0,0.9994,0.9999
1526023591.0,0.9998,0.9999
1526023593.0,0.9994,0.9999
1526023603.0,0.9995,0.9998
1526023674.0,0.9996,0.9997
1526023781.0,0.9994,0.9998
1526023782.0,0.9995,0.9998
1526023812.0,0.9995,0.9999
1526023818.0,0.9995,0.9999
1526023819.0,0.9995,0.9998
1526023827.0,0.9995,0.9999
1526023854.0,0.9996,0.9999
1526023890.0,0.9996,0.9998
1526023925.0,0.9997,0.9998
1526023948.0,0.9997,0.9999
1526023967.0,0.9997,0.9998
1526024008.0,0.9997,0.9999
1526024038.0,0.9995,0.9998
1526024046.0,0.9997,0.9998
1526024113.0,0.9998,0.9999
1526024220.0,0.9997,0.9999
1526024254.0,0.9997,0.9998
1526024360.0,0.9998,0.9999
1526024438.0,0.9997,0.9999
1526024467.0,0.9997,0.9998
1526024615.0,0.9998,0.9999
1526024657.0,1.0004,1.0007
1526024661.0,1.0005,1.0007
1526024665.0,1.0006,1.0007
1526024666.0,0.9999,1.0007
1526024669.0,0.9999,1.0006
1526024672.0,1.0006,1.0007
1526024673.0,0.9999,1.0007
1526024674.0,1.0005,1.0007
1526024675.0,0.9999,1.0007
1526024677.0,1.0,1.0007
1526024682.0,1.0,1.0006
1526024686.0,1.0001,1.0006
1526024718.0,1.0002,1.0006
1526024724.0,1.0002,1.0007
1526024867.0,1.0003,1.0007
1526024898.0,1.0003,1.0006
1526024937.0,1.0004,1.0006
1526024957.0,1.0003,1.0004
1526024978.0,1.0,1.0004
1526025012.0,1.0001,1.0003
1526025032.0,1.0001,1.0004
1526025045.0,1.0001,1.0003
1526025049.0,1.0001,1.0004
1526025078.0,1.0002,1.0003
1526025095.0,1.0002,1.0004
1526025151.0,1.0003,1.0004
