time,price,volume,buy_or_sell,market_or_limit,misc
1525809561.4268,0.99910000,0.03585643,s,m,
1525906295.487,1.00000000,250000.00000000,b,l,
1526039244.8327,1.00010000,75.00000000,s,l,
1526034800.7366,1.00010000,34.20822000,s,l,
1525813917.9328,0.99920000,30.02943000,b,l,
1525809160.3702,1.00060000,16.02772033,b,l,
1525723279.0314,0.99930000,34.03531000,s,l,
1526034481.6627,1.00060000,239.93800000,b,l,
1525773803.3878,0.99900000,30.67204927,s,m,
1526002146.3761,1.00070000,135.00000000,b,m,
1526049985.2344,1.00000000,34.24680000,s,l,
1525804142.1631,1.00090000,3.94193000,s,l,
1525882387.5887,0.99960000,33.59404000,b,m,
1525946588.5822,0.99920000,34.10215000,s,m,
1525855067.051,1.00000000,171.34300000,b,l,
1526039245.1183,0.99960000,181.18800000,s,l,
1525852662.7073,0.99910000,475.24800000,s,l,
1525728577.2793,0.99940000,34.04795000,s,m,
1526032811.2525,1.00060000,175.85300000,b,l,
1526024657.48,1.00010000,34.16856000,b,l,
1526060381.3422,1.00010000,34.25509000,b,m,
1525736863.441,0.99990000,401.10078688,b,l,
1525997070.2185,0.99920000,34.15421000,b,l,
1525743670.1041,0.99960000,573.85229541,s,m,
1525790800.1256,0.99860000,15.84613000,s,m,
1525792824.832,1.00100000,39.60895244,s,l,
1526004917.8559,0.99910000,34.17497000,s,m,
1525834659.989,0.99980000,75.00000000,b,m,
1525855831.1785,0.99990000,34.06246000,b,l,
1525854018.7463,0.99950000,32.11971000,b,l,
1526004917.8139,0.99920000,34.15932000,s,m,
1526022221.0995,0.99990000,34.18593000,s,l,
1525895180.9289,0.99920000,34.09058000,s,l,
1526030632.3036,0.99990000,34.18276000,b,l,
1525975961.525,0.99900000,13076.38900000,s,l,
1525897525.9313,0.99920000,34.09490000,s,m,
1525805310.4651,1.00080000,34.04214000,b,m,
1525998079.7342,0.99990000,34.13952000,b,l,
1525891169.6984,0.99940000,75.00000000,b,m,
1525744753.7506,0.99920000,34.06140000,s,l,
1526039621.8897,0.99940000,34.23726000,s,l,
1525792457.6866,1.00010000,0.00000223,b,l,
1526034481.2617,1.00050000,75.00000000,b,l,
1525975964.5671,0.99910000,34.11627000,s,l,
1525790464.2998,0.99920000,30.06946000,b,l,
1526041091.7253,0.99950000,1.44863317,b,l,
1525773803.3759,0.99900000,34.07317000,s,m,
1525970282.3813,0.99930000,75.00000000,b,m,
1525773803.3737,0.99900000,34.07317000,s,m,
1525746426.5865,0.99960000,34.06503000,b,m,
1525814635.5533,1.00010000,0.00207803,s,m,
1525891204.0999,0.99940000,75.00000000,b,m,
1526038264.1721,1.00060000,34.22865000,b,m,
1525844181.0596,1.00000000,829.36400000,s,l,
1526030359.041,0.99980000,75.00000000,b,l,
1525727079.2025,0.99940000,34.02693000,s,m,
1525848697.6604,0.99920000,31.63219000,s,l,
1526037528.4462,0.99930000,24.49608025,s,l,
1525809298.9246,1.00010000,93.60146499,s,l,
1525809299.0794,1.00000000,34.03918000,s,l,
1525956757.8869,0.99950000,6935.89820359,b,l,
1525809302.6776,0.99920000,4092.79013211,b,l,
1525946588.5485,0.99920000,34.10429000,s,m,
1525787579.2139,0.99920000,34.14089000,s,m,
1525970183.5221,0.99930000,34.10915000,s,m,
1525727671.9619,0.99990000,34.04260000,b,l,
1526034339.391,1.00050000,75.00000000,b,l,
1526025512.9501,1.00030000,34.17004000,b,l,
1526039622.0756,0.99940000,31.00060194,s,l,
1525893237.1248,0.99950000,34.08755000,b,l,
1525882387.5579,0.99960000,33.59186000,b,m,
1525935339.7582,0.99950000,34.09468000,b,m,
1525891242.2831,0.99940000,75.00000000,b,m,
1525951889.1399,0.99980000,34.09893000,b,m,
1525790464.3606,0.99970000,34.11447000,b,l,
1526040668.9589,0.99930000,30.02642000,b,l,
1525981214.9819,0.99980000,34.11716000,b,l,
1525858486.6693,0.99990000,179.70700000,s,l,
1526035388.5337,1.00010000,34.21116000,s,m,
1526050125.171,0.99940000,34.26356000,s,m,
1525981215.028,0.99990000,34.11627000,b,l,
1526034776.5015,1.00010000,34.20734000,s,l,
1525858494.0609,0.99990000,256.22400000,s,l,
1526060405.1762,1.00020000,75.00000000,b,m,
1525858501.7164,0.99990000,213.68200000,s,l,
1525993423.5964,0.99920000,34.14017000,s,m,
1525925765.5893,1.00000000,30.00000000,s,l,
1525736756.3489,0.99940000,34.04795000,s,m,
1525993423.6009,0.99920000,1636.12286587,s,m,
1525891278.353,0.99940000,75.00000000,b,m,
1525834260.7432,1.00000000,74.44200000,b,l,
1525727671.9663,0.99990000,34.04260000,b,l,
1526020046.8056,0.99940000,34.16595000,b,l,
1525792983.4623,1.00100000,110.89533286,s,l,
1525864939.7621,0.99950000,33.57900000,s,l,
1525744753.6579,0.99970000,34.06337000,s,l,
1525778118.2532,0.99950000,34.07386000,b,l,
1526021273.6129,1.00030000,34.15622000,b,l,
1525792995.6731,1.00100000,15935.25200000,s,l,
1525959599.3297,0.99980000,3053.40858171,s,l,
1526049985.2613,0.99990000,34.24619000,s,l,
1525727671.9048,0.99990000,34.04260000,b,l,
1525834665.3556,0.99900000,1072.84784784,s,l,
1525747464.1578,0.99710000,474.73200000,s,l,
1525891321.1417,0.99940000,10.00000000,s,m,
1525756104.9138,0.99800000,15.21622000,b,l,
1525934805.0901,0.99910000,75.00000000,b,l,
1526031343.7916,0.99950000,34.18311000,s,m,
1526032520.4981,1.00010000,75.00000000,s,l,
1525933413.0096,0.99910000,75.00000000,s,l,
1526029721.3755,1.00020000,34.18228000,s,m,
1525971528.1888,0.99990000,34.10819000,b,l,
1525993423.6107,0.99910000,34.14017000,s,m,
1526034343.4724,1.00000000,239.75211000,s,l,
1525973274.9016,1.00010000,75.00000000,s,l,
1525952815.7849,0.99900000,9975.04990021,s,m,
1526031070.611,1.00000000,0.00000337,s,l,
1525780892.6287,0.99910000,34.08264000,b,l,
1525901005.1893,0.99900000,74727.68000000,s,l,
1525809298.9007,1.00050000,34.04053000,s,l,
1525855067.7177,1.00000000,184.33700000,b,l,
1525852516.5032,0.99940000,31.63078000,b,l,
1525746859.1468,0.99890000,34.05478000,s,l,
1526025937.6986,0.99990000,176.82900000,s,l,
1526050125.1539,0.99970000,34.24768000,s,m,
1526033253.7897,1.00050000,75.00000000,b,l,
1525756104.9238,0.99800000,30.07368000,b,l,
1525793082.7916,1.00100000,48.46849183,s,l,
1525721451.7795,1.00000000,359.83141937,b,l,
1525842237.1798,1.00000000,507.11242083,s,m,
1525970183.5403,0.99920000,34.10884000,s,m,
1526043615.6367,1.00000000,166.00166350,s,m,
1525743670.1078,0.99960000,0.00228626,s,m,
1525894680.7354,0.99940000,34.09058000,b,m,
1526040998.5042,0.99950000,16.33366683,b,m,
1525990759.7327,1.00060000,34.11994000,b,l,
1525897408.3334,0.99920000,34.09432000,s,m,
1525844706.5708,1.00000000,11.97704591,s,l,
1525834665.3604,0.99900000,27.54259550,s,l,
1525778297.2041,0.99950000,34.07673000,s,l,
1526025655.2759,1.00000000,34.17195000,s,m,
1525744753.7441,0.99920000,34.06140000,s,l,
1525960548.1914,0.99940000,75.00000000,s,m,
1525951889.1862,0.99980000,1836.72492975,b,m,
1525891418.9877,0.99940000,75.00000000,b,m,
1525848195.713,0.99930000,31.13935000,s,l,
1526029981.8187,1.00000000,75.00000000,s,m,
1525809507.4889,0.99970000,75.00000000,s,l,
1525744753.6779,0.99970000,34.06337000,s,l,
1525858664.8699,1.00000000,16.18160000,b,m,
1525784636.7936,0.99910000,44.60450816,b,l,
1525887809.8719,0.99910000,34.08565000,s,l,
1526025453.4102,1.00030000,34.16896000,b,l,
1525963497.8774,0.99970000,34.10884000,b,l,
1526034029.6176,1.00010000,34.20420000,s,l,
1525809536.5428,0.99970000,55.94848454,s,l,
1526042060.9628,0.99990000,30.02432000,b,m,
1525723058.6974,0.99940000,34.04206000,s,m,
1526032230.6192,1.00040000,34.18247000,b,l,
1525854018.7197,0.99950000,32.11971000,b,l,
1526029981.851,0.99970000,34.16861000,s,m,
1526033256.7297,1.00030000,75.00000000,s,l,
1526022548.4852,0.99960000,38.28727663,s,l,
1526055317.1778,0.99960000,75.00000000,b,m,
1526032531.6607,1.00060000,73.79675000,b,l,
1525787579.1899,0.99930000,34.13321000,s,m,
1525809561.4305,0.99910000,0.00000014,s,m,
1526034893.8291,1.00060000,34.21021000,b,l,
1525793181.6971,1.00100000,134.89475524,s,l,
1525970183.5488,0.99920000,34.10819000,s,m,
1525790464.3405,0.99920000,30.06946000,b,l,
1525891494.1271,0.99940000,75.00000000,b,m,
1526038264.0327,0.99990000,75.00000000,b,m,
1525779353.2672,0.99900000,34.08177000,s,l,
1525727671.9131,0.99990000,34.04260000,b,l,
1525727672.0215,0.99990000,34.04260000,b,l,
1525852916.6288,0.99910000,1042.15600000,s,l,
1525879827.1985,0.99960000,33.58673000,s,l,
1525744393.7908,0.99980000,34.05743000,b,l,
1526032230.6474,1.00040000,34.18247000,b,l,
1526034029.6247,1.00010000,34.20420000,s,l,
1525721846.906,0.99980000,34.04206000,b,l,
1525740777.2354,0.99960000,34.05668000,b,l,
1525891528.2356,0.99940000,75.00000000,b,m,
1526030037.3372,0.99920000,5104.57596000,s,m,
1526022221.0941,0.99990000,34.18593000,s,l,
1526032227.6955,0.99990000,2121.35600000,b,l,
1525957074.7322,0.99970000,0.03926817,s,l,
1525725363.0914,0.99930000,34.03732000,b,m,
1526060359.1293,0.99970000,34.25672000,b,m,
1526037497.7616,0.99940000,186.16900000,s,l,
1525981215.0255,0.99990000,34.11627000,b,l,
1526039625.7215,0.99920000,175.33984320,s,l,
1526027481.6772,1.00020000,34.17589000,b,l,
1525746426.5515,0.99960000,34.06503000,b,m,
1525973472.863,1.00010000,13602.30900000,b,l,
1525973473.4154,1.00010000,3296.75000000,b,l,
1526035162.5039,1.00060000,21.89017645,b,l,
1525953958.1404,0.99970000,2296.48054402,s,l,
1525733361.8429,0.99960000,34.04946000,s,l,
1526038264.1622,1.00060000,34.22136000,b,m,
1525925765.5858,1.00000000,34.07791000,s,l,
1525953959.327,0.99970000,2483.75349164,s,l,
1525951889.1013,0.99980000,34.09893000,b,m,
1525784677.7679,0.99920000,30.06675000,b,l,
1525867056.288,0.99980000,33.58607000,b,l,
1526034791.9278,1.00000000,129.93734000,s,l,
1526024657.6001,1.00010000,34.16856000,b,l,
1525973493.0968,1.00000000,623.10900000,s,l,
1526037125.5252,0.99950000,9.00617000,s,l,
1525725363.1441,0.99990000,34.02725000,b,m,
1526025403.9957,1.00000000,105.29770882,s,m,
1525906295.4525,0.99980000,20000.00000000,b,l,
1526000385.6354,1.00010000,75.00000000,s,m,
1525992694.7253,0.99940000,34.16375000,s,m,
1526049985.2307,1.00000000,34.24652000,s,l,
1526030632.2954,0.99990000,34.18276000,b,l,
1525787579.223,0.99920000,34.14089000,s,m,
1525882387.5505,0.99960000,33.59186000,b,m,
1525960648.088,0.99910000,4.46589595,s,m,
1525890337.9982,0.99950000,34.08717000,b,m,
1526031343.8224,0.99950000,34.18311000,s,m,
1526024657.4974,1.00010000,34.16856000,b,l,
1525856053.2438,0.99940000,32.12273000,b,l,
1526022221.0912,0.99990000,34.18593000,s,l,
1525721451.7608,0.99990000,34.03090000,b,l,
1526039108.3069,0.99990000,195.74000000,s,l,
1525876784.4788,0.99970000,33.58664000,s,m,
1525723058.6654,0.99980000,34.02425000,s,m,
1525790464.2584,0.99920000,30.06946000,b,l,
1525937592.252,0.99990000,833.78455624,b,l,
1525989973.57,0.99900000,9913.61412016,s,m,
1526039126.3622,1.00000000,576.82300000,s,l,
1525903323.6025,0.99920000,33.12161000,b,l,
1526022748.4212,0.99980000,75.00000000,b,m,
1525937594.9618,1.00000000,34.07894000,b,l,
1525805310.4922,1.00080000,34.04214000,b,m,
1525784677.7972,0.99920000,30.06675000,b,l,
1525804142.1508,1.00090000,34.04157000,s,l,
1525807607.0867,1.00070000,75.00000000,s,l,
1525937595.0012,1.00000000,7.31488872,b,l,
1526049630.1481,1.00020000,458.12286530,b,l,
1525856058.7373,0.99930000,75.00000000,b,l,
1525897603.1066,0.99930000,34.09568000,b,m,
1525856470.4223,0.99990000,32.12273000,b,l,
1525777001.6161,0.99940000,74.98664200,b,l,
1526039621.886,0.99940000,34.23726000,s,l,
1525792457.6288,0.99880000,75.00000000,b,l,
1525792457.6667,1.00000000,134723.69630000,b,l,
1525856053.2495,0.99940000,32.60997000,b,l,
1525773803.3349,0.99910000,34.07476000,s,m,
1525852590.9145,0.99940000,33.58402000,s,l,
1525721954.6296,0.99990000,34.04206000,b,l,
1525746426.5576,0.99960000,34.06503000,b,m,
1525747388.6595,0.99760000,75.00000000,s,l,
1526025403.9909,1.00000000,34.17780000,s,m,
1525793413.2021,1.00100000,497.92622377,s,l,
1525780962.6341,0.99920000,941.26000000,b,l,
1526025655.2734,1.00000000,34.17195000,s,m,
1525793427.62,1.00100000,100.47567432,s,l,
1525892082.106,0.99910000,34.09637000,s,l,
1526034539.8481,0.99990000,351.52700000,s,l,
1526054819.6328,0.99910000,5826.13622754,s,m,
1525891741.4134,0.99940000,75.00000000,b,m,
1526047777.9341,1.00000000,34.24593000,s,m,
1526025200.3658,1.00000000,34.17780000,s,l,
1525979951.6868,0.99970000,34.11730000,b,l,
1525945975.2335,0.99980000,0.03439543,s,m,
1526033928.6685,1.00060000,235.41600000,b,l,
1525723058.6432,0.99980000,34.02435000,s,m,
1525793455.9879,1.00100000,54.33566433,s,l,
1525733361.8538,0.99960000,34.04946000,s,l,
1525867056.2598,0.99980000,33.58347000,b,l,
1525852516.5256,0.99990000,34.06289000,b,l,
1525869051.0296,1.00010000,90.48345834,b,l,
1525891778.1347,0.99940000,75.00000000,b,m,
1525992694.7097,0.99940000,34.16374000,s,m,
1526034343.466,1.00010000,34.19789000,s,l,
1525889878.9263,0.99900000,1193.46100000,s,l,
1525854722.3192,0.99990000,843.51300000,b,l,
1525899603.0792,0.99910000,75.00000000,s,l,
1526039244.8293,1.00020000,75.00000000,s,l,
1526039245.085,0.99960000,162.91527001,s,l,
1526039246.3254,0.99960000,184.26000000,s,l,
1526039247.1495,0.99960000,47.23327001,s,l,
1525975482.6836,1.00000000,239.22056028,s,l,
1525784696.6267,0.99920000,34.11478000,s,l,
1525804675.1517,1.00030000,75.00000000,s,l,
1526061507.4559,0.99990000,34.27250000,s,l,
1525864939.7696,0.99930000,33.57943000,s,l,
1525852685.0688,0.99910000,437.17100000,s,l,
1526039262.6348,0.99960000,266.47600000,s,l,
1525738965.0883,0.99600000,18.00000000,s,m,
1525891814.6648,0.99940000,75.00000000,b,m,
1526022221.1546,0.99990000,34.18593000,s,l,
1525945975.2223,0.99980000,34.08652000,s,m,
1525856053.2523,0.99940000,32.60997000,b,l,
1526039278.6153,0.99970000,75.00000000,s,l,
1526039279.2159,0.99960000,170.19900000,s,l,
1525940182.1779,0.99920000,34.10429000,s,m,
1525869805.4938,1.00000000,34.07108000,b,l,
1526039955.4643,0.99930000,30.02642000,b,m,
1525895180.9212,0.99920000,34.09058000,s,l,
1526031070.6056,1.00000000,423.91217565,s,l,
1525960981.8914,0.99970000,34.10396000,b,l,
1525728577.2958,0.99940000,34.04795000,s,m,
1526027778.8953,1.00030000,34.17476000,b,l,
1525744393.7745,0.99980000,34.05743000,b,l,
1525997070.27,0.99990000,34.13952000,b,l,
1525752810.5102,0.99790000,75.00000000,s,l,
1525891854.3879,0.99940000,75.00000000,b,m,
1526029721.4147,1.00020000,34.18228000,s,m,
1525833592.4059,1.00000000,34.06139000,s,l,
1525740918.7323,0.99950000,37.50000000,b,l,
1525756104.9073,0.99780000,75.00000000,b,l,
1525744393.8976,0.99990000,34.05743000,b,l,
1525793566.2152,1.00100000,74.59026766,s,l,
1525721846.9385,1.00000000,12735.96840000,b,l,
1525860023.1361,0.99970000,33.58568000,s,l,
1525906295.3578,0.99960000,34.09581000,b,l,
1525793575.9958,1.00100000,825.85070129,s,l,
1525982532.7012,0.99940000,34.14222000,s,m,
1525746859.2541,0.99890000,34.05478000,s,l,
1525855836.3234,1.00000000,85.10862000,b,l,
1525894680.7227,0.99940000,34.09058000,b,m,
1525798366.0233,1.00100000,23.88917835,s,m,
1525780003.9893,0.99810000,75.00000000,s,l,
1525869805.4634,0.99990000,75.00000000,b,l,
1526004917.8116,0.99920000,34.15932000,s,m,
1526039639.7395,0.99920000,178.67400000,s,l,
1526025512.9418,1.00030000,34.17004000,b,l,
1526035388.5427,1.00010000,34.21140000,s,m,
1526043050.0581,1.00010000,75.00000000,b,l,
1525793616.1798,1.00100000,1988.01000000,s,l,
1525891922.9195,0.99940000,75.00000000,b,m,
1525897408.3306,0.99920000,34.09424000,s,m,
1525722501.1191,0.99950000,33.62640000,s,l,
1525951889.1088,0.99980000,34.09893000,b,m,
1525946588.5531,0.99920000,34.10429000,s,m,
1526033362.8814,1.00060000,230.09350000,b,l,
1526050560.465,0.99940000,75.00000000,s,m,
1525946588.5067,0.99960000,34.09839000,s,m,
1525778121.0214,0.99980000,30.73112405,b,l,
1526032726.1277,1.00060000,188.88300000,b,l,
1525872967.112,0.99960000,33.59135000,b,m,
1526035388.5704,1.00010000,0.00895939,s,m,
1525872967.1187,0.99960000,33.59135000,b,m,
1526037462.0764,0.99930000,157.77200000,s,l,
1525809298.8812,1.00050000,34.04053000,s,l,
1525882095.4379,0.99930000,75.00000000,s,m,
1526004917.8227,0.99920000,34.15932000,s,m,
1525809299.057,1.00000000,34.04287000,s,l,
1525841891.249,1.00000000,33.08861000,b,l,
1526035388.5567,1.00010000,34.21139000,s,m,
1526034029.6055,1.00010000,34.20199000,s,l,
1525956757.896,0.99970000,897.32454736,b,l,
1525890880.2259,0.99940000,75.00000000,b,m,
1525773803.3107,0.99940000,34.05522000,s,m,
1525723058.648,0.99980000,34.02435000,s,m,
1526032230.6584,1.00060000,34.18247000,b,l,
1526034686.504,1.00070000,1953.97500000,b,l,
1526029981.8585,0.99940000,0.01136916,s,m,
1525848195.6962,0.99990000,34.06180000,s,l,
1526032524.4181,1.00060000,286.87700000,b,l,
1526023059.3381,0.99960000,34.16855000,b,l,
1525721518.8449,1.00000000,6894.84374630,b,l,
1525891996.3047,0.99940000,75.00000000,b,m,
1525906295.3974,0.99970000,34.09403000,b,l,
1525999865.6648,0.99980000,192.54916705,s,l,
1525872118.2353,0.99960000,34.07573000,s,m,
1525855729.2449,1.00000000,187.76400000,b,l,
1525778297.1346,0.99950000,34.07673000,s,l,
1526034781.3703,1.00070000,347.09800000,b,l,
1526021273.5715,1.00030000,34.15622000,b,l,
1525782002.0782,0.99870000,398.48370000,b,l,
1526025032.7744,1.00040000,811.05202006,b,l,
1525856359.7667,0.99940000,172.14600000,b,l,
1525971528.1224,0.99940000,34.11349000,b,l,
1525855946.2113,0.99930000,807.94900000,b,l,
1525809298.9031,1.00050000,34.04053000,s,l,
1525962228.3782,0.99990000,13076.38900000,b,l,
1525981214.9765,0.99940000,34.12956000,b,l,
1525744393.844,0.99990000,34.05790000,b,l,
1525854018.7145,0.99950000,32.11971000,b,l,
1525736756.3721,0.99900000,4.53976548,s,m,
1525892032.388,0.99940000,75.00000000,b,m,
1525746853.4672,0.99940000,75.00000000,s,l,
1525727672.0192,0.99990000,34.04260000,b,l,
1525777348.6726,0.99950000,34.07386000,b,m,
1525872118.2143,0.99960000,34.07457000,s,m,
1525992903.9717,0.99950000,268.37588794,s,m,
1525740777.2289,0.99960000,34.05743000,b,l,
1525981215.0712,0.99990000,34.11730000,b,l,
1525773803.2945,0.99960000,75.00000000,s,m,
1525890337.9706,0.99950000,34.08717000,b,m,
1525809124.6254,1.00050000,34.04053000,s,l,
1525893237.1342,0.99950000,34.08755000,b,l,
1525888789.1144,0.99940000,75.00000000,b,m,
1526039509.7409,0.99950000,253.52500000,s,l,
1526039510.2747,0.99950000,196.30600000,s,l,
1526021273.6899,1.00070000,41995.25664999,b,l,
1526000463.7482,1.00020000,75.00000000,b,m,
1525969990.6358,0.99950000,34.10802000,s,l,
1526035794.412,1.00000000,84.37200000,s,m,
1525996473.9821,0.99920000,34.15362000,s,m,
1525793760.736,1.00100000,45.02413838,s,l,
1526033232.0613,1.00020000,0.00002985,s,m,
1526039522.2412,0.99950000,217.76100000,s,l,
1526039526.1752,0.99950000,318.16700000,s,l,
1526027778.8769,1.00030000,33.64125958,b,l,
1525990759.5949,0.99970000,34.12623000,b,l,
1525890338.0602,0.99950000,30.75927964,b,m,
1526029721.4695,1.00000000,34.18223000,s,m,
1525809299.0694,1.00000000,34.03918000,s,l,
1525784677.8752,0.99980000,34.07936000,b,l,
1526048184.1791,1.00000000,34.24109000,s,l,
1525892082.1037,0.99910000,34.09637000,s,l,
1525997070.2247,0.99920000,34.15421000,b,l,
1526025655.2357,1.00030000,75.00000000,s,m,
1525960981.9387,0.99980000,0.00000306,b,l,
1525974901.3229,1.00000000,0.20119442,s,m,
1526019724.7838,0.99920000,34.16734000,s,m,
1525773803.3459,0.99910000,34.07476000,s,m,
1525725363.0555,0.99930000,34.03732000,b,m,
1526006782.5977,0.99940000,75.00000000,s,l,
1525892096.5757,0.99950000,0.00037000,b,m,
1525906295.3602,0.99960000,34.09581000,b,l,
1526025200.3489,1.00000000,34.17780000,s,l,
1526008789.4658,0.99900000,0.49681077,s,l,
1525980606.4296,0.99910000,34.12719000,s,m,
1525855745.9009,1.00000000,193.71700000,b,l,
1525743670.106,0.99960000,1.14541376,s,m,
1525787579.2062,0.99920000,34.14089000,s,m,
1525892107.4024,0.99940000,75.00000000,b,m,
1526027778.9321,1.00030000,34.17476000,b,l,
1525887809.7873,0.99950000,34.07388000,s,l,
1526029721.3827,1.00020000,34.18228000,s,m,
1525942168.6542,0.99990000,972.94286037,b,m,
1525941267.545,0.99930000,34.09782000,s,m,
1526006804.6316,0.99910000,75.00000000,s,m,
1525747489.2581,0.99730000,30.11081000,b,l,
1526039575.9691,0.99950000,43.30942978,s,l,
1526039576.0364,0.99950000,255.28100000,s,l,
1526027780.8684,1.00050000,34.16896000,b,l,
1526022221.1021,0.99990000,34.18593000,s,l,
1526039582.3072,0.99950000,201.56200000,s,l,
1526039279.2829,0.99940000,34.23562000,s,l,
1525771754.386,0.99950000,207.83921961,s,m,
1525792463.0302,1.00100000,13076.38900000,s,l,
1525982783.444,0.99930000,34.11945000,s,m,
1526027778.9266,1.00030000,34.17476000,b,l,
1525842987.5895,1.00000000,98.46363258,s,l,
1525892140.9771,0.99940000,75.00000000,b,m,
1526039597.7901,0.99950000,38.18973990,s,l,
1525869294.8815,0.99990000,34.06906000,s,m,
1526008669.8369,0.99900000,0.02283560,s,l,
1526039955.428,0.99930000,30.02642000,b,m,
1525761203.7652,0.99860000,33.60092000,b,l,
1526025095.2706,1.00030000,13.72099499,b,l,
1526049630.0344,1.00020000,99.67200001,b,l,
1526029981.8367,0.99990000,34.17630000,s,m,
1526039610.0358,0.99950000,315.97600000,s,l,
1525981215.1055,1.00000000,34.12694000,b,l,
1526004917.7878,1.00000000,34.13215000,s,m,
1526054379.8885,0.99950000,63.00000000,b,m,
1526039621.9116,0.99940000,34.23761000,s,l,
1526039622.1198,0.99940000,15.12328806,s,l,
1526039623.0952,0.99910000,551.58000000,s,l,
1526039624.4765,0.99910000,171.73300000,s,l,
1525782028.1159,0.99880000,34.08890000,b,m,
1525804142.0658,1.00100000,75.00000000,s,l,
1525790464.2976,0.99920000,30.06946000,b,l,
1526034736.6128,1.00020000,75.00000000,s,l,
1526039636.8259,0.99920000,187.66000000,s,l,
1525892181.2613,0.99940000,75.00000000,b,m,
1526039639.4393,0.99920000,176.54800000,s,l,
1526039640.1574,0.99920000,275.12700000,s,l,
1526039641.2086,0.99920000,182.00500000,s,l,
1526039642.9948,0.99920000,190.52100000,s,l,
1526039643.7579,0.99920000,234.70000000,s,l,
1526039644.6075,0.99920000,176.90800000,s,l,
1526039646.4202,0.99920000,213.34800000,s,l,
1526033253.8318,1.00060000,62.85900000,b,l,
1525744753.7376,0.99920000,34.06140000,s,l,
1526039655.5612,0.99910000,178.27800000,s,l,
1526039656.1449,0.99910000,191.98600000,s,l,
1526039659.0096,0.99910000,197.67800000,s,l,
1525792457.6596,0.99990000,2493.99279135,b,l,
1525744753.6993,0.99970000,34.06337000,s,l,
1526039667.2175,0.99920000,75.00000000,s,l,
1525733361.8036,0.99960000,34.04936000,s,l,
1525746859.2592,0.99890000,34.05478000,s,l,
1525975913.9458,0.99990000,1987.29832983,s,l,
1526060381.2442,1.00010000,34.24768000,b,m,
1525854881.1702,1.00000000,411.34000000,b,l,
1525744753.7191,0.99970000,34.06298000,s,l,
1525746426.5194,0.99960000,34.06503000,b,m,
1526034717.7068,1.00000000,34.19981000,s,l,
1526039686.512,0.99920000,228.64900000,s,l,
1526039687.4536,0.99920000,207.68700000,s,l,
1526039689.8272,0.99920000,796.94900000,s,l,
1526039690.1965,0.99920000,188.46500000,s,l,
1526039691.2725,0.99920000,172.34500000,s,l,
1526039692.7898,0.99920000,190.56100000,s,l,
1526033261.1949,1.00060000,201.27900000,b,l,
1525790464.2699,0.99920000,30.06946000,b,l,
1525784677.7924,0.99920000,30.06675000,b,l,
1526027826.5779,1.00020000,75.00000000,s,m,
1526039703.2282,0.99910000,188.24700000,s,l,
1525946588.5691,0.99920000,34.10427000,s,m,
1526039707.4425,0.99910000,242.18500000,s,l,
1525872118.2411,0.99960000,34.07599000,s,m,
1526039622.6055,0.99910000,184.14100000,s,l,
1525725363.1207,0.99990000,34.02725000,b,m,
1525852599.0757,0.99940000,33.58402000,s,l,
1525761199.0964,0.99830000,9.40368000,b,l,
1526024008.5282,0.99980000,75.00000000,b,l,
1525738965.0953,0.99560000,0.08672457,s,m,
1526034627.212,1.00060000,34.19786000,b,l,
1525761203.7717,0.99860000,33.60092000,b,l,
1526040668.9445,0.99930000,30.02642000,b,l,
1525728438.0715,0.99950000,446.14300000,s,l,
1525887809.8562,0.99930000,34.08565000,s,l,
1525895255.1765,0.99930000,200.00000000,b,m,
1525869805.489,1.00000000,34.07108000,b,l,
1526025493.1316,1.00030000,224.56976000,b,l,
1525852516.5135,0.99940000,31.63078000,b,l,
1525761215.5756,0.99920000,75.00000000,b,l,
1525975926.9318,0.99980000,34.10499000,s,l,
1525727079.2383,0.99940000,34.02659000,s,m,
1526031070.6075,1.00000000,0.84613209,s,l,
1526034621.7792,1.00060000,34.19786000,b,l,
1525728458.3144,0.99950000,5177.78400000,s,l,
1525903548.3602,0.99910000,34.09927000,s,m,
1526021273.5373,1.00020000,37.50000001,b,l,
1525744393.9105,0.99990000,2500.00000000,b,l,
1525787579.256,0.99920000,34.14089000,s,m,
1525982783.4671,0.99930000,34.11945000,s,m,
1526021273.5514,1.00030000,34.15622000,b,l,
1526034758.4683,1.00020000,34.20581000,s,l,
1526027814.2721,1.00070000,384.01628000,b,l,
1525761254.4227,0.99920000,75.00000000,b,l,
1525990759.5711,0.99940000,30.02883000,b,l,
1525975933.072,0.99940000,34.13020000,s,l,
1525778358.0913,0.99920000,34.07432000,s,l,
1525957874.1836,0.99970000,0.05976072,s,m,
1525771754.409,0.99940000,34.05097000,s,m,
1525794039.5638,1.00100000,107.97346653,s,l,
1526039802.4916,0.99910000,306.01100000,s,l,
1525890337.9629,0.99950000,34.08717000,b,m,
1525951889.1783,0.99980000,34.09893000,b,m,
1525975936.907,0.99900000,13042.26760000,s,l,
1525887809.8817,0.99900000,11358.55848000,s,l,
1525974276.4148,1.00010000,9999.00009999,b,l,
1525854018.7343,0.99950000,32.11971000,b,l,
1525937594.9743,1.00000000,34.08054000,b,l,
1525859595.1123,0.99990000,1709.96100000,s,l,
1526019724.795,0.99920000,5.59262724,s,m,
1526060589.4543,1.00020000,172.78150013,b,m,
1525723058.6904,0.99950000,34.02474000,s,m,
1525899532.1976,0.99910000,1618.90583336,s,l,
1525723058.6608,0.99980000,34.02425000,s,m,
1525975941.8476,0.99900000,13042.28380000,s,l,
1525981864.9512,1.00050000,50000.00000000,b,l,
1526004917.8325,0.99920000,34.15932000,s,m,
1525780892.6409,0.99920000,34.08264000,b,l,
1525744753.7014,0.99970000,34.06337000,s,l,
1525957929.4351,0.99980000,1237.00814285,b,l,
1525761322.7827,0.99910000,13076.38900000,b,l,
1525761323.7528,0.99920000,75.00000000,b,l,
1525746859.1674,0.99890000,34.05478000,s,l,
1526027826.5807,1.00010000,150.00000000,s,m,
1525895180.9592,0.99920000,34.09057000,s,l,
1525777715.4502,0.99930000,75.00000000,s,l,
1526033256.6827,1.00060000,299.75100000,b,l,
1525855978.1849,0.99940000,32.12273000,b,l,
1525777715.4691,0.99920000,366.92200000,s,l,
1526027778.9616,1.00030000,34.17564000,b,l,
1526035590.9768,1.00010000,34.21152000,s,m,
1525942168.5131,0.99950000,34.09291000,b,m,
1526023483.8647,0.99990000,970.50008343,b,l,
1526023484.7197,0.99990000,554.77008343,b,l,
1526031343.796,0.99950000,34.18311000,s,m,
1525828645.4871,1.00030000,10000.00000000,b,l,
1526039871.8661,0.99910000,174.48100000,s,l,
1525975933.1107,0.99940000,34.13020000,s,l,
1525728577.277,0.99940000,34.04795000,s,m,
1526040081.6266,0.99920000,34.25189000,s,l,
1525790464.3338,0.99920000,30.06946000,b,l,
1525814635.5504,1.00010000,521.58784482,s,m,
1525778726.4598,0.99860000,30.06615000,b,m,
1526033292.6603,1.00050000,18.75000000,b,l,
1525990759.7281,1.00060000,34.11994000,b,l,
1525993423.5915,0.99920000,34.14017000,s,m,
1525892433.2158,0.99940000,75.00000000,b,m,
1526061507.4412,1.00000000,2060.38545000,s,l,
1525882387.5913,0.99960000,33.59404000,b,m,
1525951889.148,0.99980000,34.09893000,b,m,
1525852590.9172,0.99940000,33.58402000,s,l,
1526029721.4198,1.00020000,34.18228000,s,m,
1525722505.6905,0.99990000,0.55572510,b,l,
1526034893.8315,1.00060000,34.21021000,b,l,
1526024657.5045,1.00010000,34.16856000,b,l,
1525903016.7142,0.99920000,7.35658527,b,m,
1525990759.6273,0.99970000,34.12623000,b,l,
1526042391.5152,0.99960000,0.00136922,s,m,
1526060381.2561,1.00010000,34.24768000,b,m,
1525727672.0034,0.99990000,34.04260000,b,l,
1525892462.2721,0.99940000,75.00000000,b,m,
1526004917.7994,0.99960000,1297.72838500,s,m,
1525747413.2039,0.99720000,241.91720000,s,l,
1525841891.2369,1.00000000,0.02074661,b,l,
1525833610.6033,1.00000000,1154.62200000,b,l,
1525778726.4327,0.99860000,30.06615000,b,m,
1526034675.1267,1.00060000,68.30434799,b,l,
1525794177.9553,1.00100000,74.72847152,s,l,
1525721846.9152,0.99980000,34.04206000,b,l,
1526037408.4627,0.99930000,288.99300000,s,l,
1526025200.3276,1.00030000,75.00000000,s,l,
1525770164.669,0.99930000,33.60092000,b,l,
1526032230.6799,1.00060000,34.18246000,b,l,
1525757916.3613,0.99800000,30.07368000,b,l,
1525982783.4828,0.99930000,34.11945000,s,m,
1526039955.4792,0.99930000,30.02642000,b,m,
1525779353.2784,0.99900000,34.08177000,s,l,
1525787579.2823,0.99920000,34.14089000,s,m,
1526060381.3075,1.00010000,34.25509000,b,m,
1525867056.2854,0.99980000,33.58607000,b,l,
1526029630.553,1.00060000,131.53780627,b,m,
1525855813.9761,1.00000000,607.24500000,b,l,
1526023585.0242,0.99980000,2668.66402447,s,l,
1525771754.3765,0.99960000,75.00000000,s,m,
1525975964.5712,0.99910000,75.00000000,s,l,
1525722505.7587,1.00000000,592.26200000,b,l,
1525747415.4575,0.99720000,1000.00000000,b,l,
1525975965.5265,0.99910000,34.11627000,s,l,
1525927315.717,0.99940000,34.10571000,s,l,
1525809298.9078,1.00050000,34.05119000,s,l,
1525803063.5049,1.00120000,106.82141430,b,m,
1526039995.7474,0.99920000,34.25189000,s,l,
1525744393.8347,0.99990000,34.05790000,b,l,
1525854018.722,0.99950000,32.11971000,b,l,
1525960981.9244,0.99970000,34.10521000,b,l,
1525801206.5031,1.00120000,0.57400000,b,m,
1526034383.5291,1.00060000,269.65389000,b,l,
1525827016.8206,1.00020000,34.05676000,b,l,
1525855820.1101,0.99980000,33.58403000,s,l,
1526033292.664,1.00050000,75.00000000,b,l,
1525784101.146,0.99860000,34.09377000,s,m,
1525747416.4066,0.99720000,1000.00000000,b,l,
1525744393.8718,0.99990000,34.05743000,b,l,
1525882387.6367,0.99960000,33.59404000,b,m,
1526032230.6288,1.00040000,34.18247000,b,l,
1525960261.8629,0.99950000,34.09649000,s,l,
1525879830.8171,0.99950000,33.60304000,s,l,
1525727671.9416,0.99990000,34.04260000,b,l,
1526042789.2237,0.99970000,34.26295000,b,l,
1525855872.3487,0.99940000,34.07131000,s,l,
1526061507.4691,0.99990000,34.27250000,s,l,
1525737051.1036,0.99960000,34.05790000,s,m,
1526025655.3063,1.00000000,34.17256000,s,m,
1525733361.8467,0.99960000,34.04946000,s,l,
1526040040.6929,0.99930000,209.66300000,s,l,
1525946588.5844,0.99920000,34.10215000,s,m,
1526040044.0226,0.99930000,161.32300000,s,l,
1526040045.0673,0.99930000,168.14800000,s,l,
1525784677.8519,0.99980000,34.07936000,b,l,
1526034930.7324,1.00060000,2.30187324,b,l,
1525867056.2573,0.99980000,33.58347000,b,l,
1525779353.2423,0.99910000,75.00000000,s,l,
1526034894.0275,1.00060000,34.21116000,b,l,
1525960981.8986,0.99970000,34.10396000,b,l,
1526034191.0703,1.00010000,75.00000000,s,l,
1525725363.1283,0.99990000,34.02725000,b,m,
1525892608.9705,0.99940000,75.00000000,b,m,
1525906295.4759,1.00000000,9.07198000,b,l,
1525777922.5425,0.99940000,75.00000000,b,l,
1526040668.9647,0.99930000,30.02642000,b,l,
1526040071.1451,0.99930000,221.92400000,s,l,
1526040072.2607,0.99930000,199.06300000,s,l,
1526035388.5243,1.00010000,34.21116000,s,m,
1525723279.0464,0.99910000,34.04470000,s,l,
1525990759.5977,0.99970000,34.12623000,b,l,
1525855950.5416,0.99930000,2141.16000000,b,l,
1526023695.9369,0.99960000,38.22846981,s,l,
1526032227.7048,0.99990000,1692.29027238,b,l,
1526040081.637,0.99920000,27.21188000,s,l,
1525745170.6676,0.99890000,75.00000000,s,m,
1525899631.4724,0.99910000,125.00000000,b,m,
1526040085.6565,0.99920000,7.04039000,s,l,
1525889884.4598,0.99950000,0.00075000,b,m,
1526040088.8539,0.99920000,1015.08100000,s,l,
1525855986.9004,0.99930000,75.00000000,b,l,
1526040090.351,0.99920000,158.91300000,s,l,
1526040091.3881,0.99920000,1997.12000000,s,l,
1526040092.3389,0.99920000,240.35600000,s,l,
1526040093.4126,0.99920000,192.99800000,s,l,
1525771754.4112,0.99940000,34.05097000,s,m,
1526040097.7641,0.99920000,34.25227000,s,l,
1525794339.4891,1.00100000,33.07513936,s,l,
1526040101.5406,0.99910000,61.74758900,s,l,
1526040102.1429,0.99910000,175.75600000,s,l,
1525855836.3173,0.99990000,34.06246000,b,l,
1525771754.4256,0.99940000,34.05097000,s,m,
1525963468.553,0.99970000,34.10055000,s,m,
1525781790.3168,0.99880000,34.08846000,b,l,
1526035794.3908,1.00000000,259.08000000,s,m,
1526040119.1881,0.99910000,170.56200000,s,l,
1526040120.1064,0.99910000,225.62500000,s,l,
1525855839.435,0.99990000,34.06246000,b,l,
1526034387.6048,1.00010000,34.19811000,s,l,
1526034693.7781,1.00060000,71.65217400,b,l,
1525777987.5362,0.99940000,228.94351023,s,m,
1526056516.1608,0.99970000,75.00000000,b,l,
1526040934.0969,0.99920000,30.02432000,s,l,
1525859912.0207,0.99990000,251.91100000,s,l,
1525899532.1776,0.99930000,34.09600000,s,l,
1526040138.823,0.99910000,263.75200000,s,l,
1525885879.4148,0.99940000,244.20900000,s,l,
1526040141.9376,0.99910000,191.14000000,s,l,
1525790464.3135,0.99920000,30.06946000,b,l,
1525792457.7259,1.00100000,53.14549970,b,l,
1526040150.3156,0.99910000,179.74700000,s,l,
1526022221.0573,1.00000000,5000.00000000,s,l,
1525958232.2335,0.99980000,2294.98009389,s,l,
1525794393.4518,1.00100000,23.38973026,s,l,
1526034088.0356,1.00000000,115.28100000,s,l,
1526035590.9549,1.00010000,29.71387000,s,m,
1525906295.43,0.99970000,34.09416000,b,l,
1526033297.1358,1.00060000,330.61200000,b,l,
1525784677.8911,0.99980000,34.07936000,b,l,
1525787579.1954,0.99930000,34.13321000,s,m,
1525744753.663,0.99970000,34.06337000,s,l,
1526040165.9563,0.99910000,195.64400000,s,l,
1526040166.2328,0.99910000,407.39600000,s,l,
1526040168.7605,0.99910000,172.07400000,s,l,
1526040169.1292,0.99910000,184.43400000,s,l,
1526040170.5073,0.99910000,231.20800000,s,l,
1525971528.159,0.99980000,34.10819000,b,l,
1526037530.1444,0.99930000,255.93500000,s,l,
1526040174.5396,0.99910000,451.33400000,s,l,
1525859957.5081,0.99990000,187.32900000,s,l,
1526040182.7446,0.99910000,417.96900000,s,l,
1525855849.817,1.00000000,308.39000000,b,l,
1526034758.4742,1.00020000,34.20639000,s,l,
1526024657.5867,1.00010000,34.16856000,b,l,
1525889864.7965,0.99920000,34.08704000,s,l,
1525975999.9788,0.99900000,13001.38900000,s,l,
1525888618.3482,0.99900000,1850.00000000,s,l,
1525746426.4877,0.99960000,34.06503000,b,m,
1525856169.8708,0.99910000,75.00000000,s,l,
1526023812.0953,0.99990000,508.95800000,b,l,
1525897408.3429,0.99920000,34.09436000,s,m,
1525782124.1794,0.99960000,0.00001427,b,l,
1525872967.1305,0.99960000,33.59135000,b,m,
1526032753.0917,1.00060000,182.55200000,b,l,
1525856060.6226,0.99900000,258.46600000,s,l,
1526023827.5362,0.99980000,75.00000000,b,l,
1525727671.9965,0.99990000,34.04260000,b,l,
1525973274.9052,1.00010000,75.00000000,s,l,
1525722327.2949,0.99950000,34.04206000,s,m,
1525872118.1396,0.99970000,34.07108000,s,m,
1526035388.5127,1.00050000,34.21173000,s,m,
1525804142.1431,1.00090000,34.04157000,s,l,
1525860009.0436,1.00000000,136.24545670,b,l,
1525892786.5817,0.99940000,75.00000000,b,m,
1526027778.9082,1.00030000,34.17476000,b,l,
1525744753.755,0.99920000,34.05721000,s,l,
1525860023.1145,0.99980000,75.00000000,s,l,
1525946588.5092,0.99960000,34.09839000,s,m,
1525976011.3046,0.99910000,34.11761000,s,l,
1525963468.6147,0.99910000,34.10055000,s,m,
1526035590.9522,1.00030000,75.00000000,s,m,
1525778118.2309,0.99950000,34.07386000,b,l,
1525977175.6637,0.99900000,33581.88126000,s,m,
1525974728.4968,1.00010000,375.00000000,b,m,
1525778121.061,0.99980000,34.05499000,b,l,
1525945975.2271,0.99980000,34.08652000,s,m,
1525876429.3773,0.99950000,14.09689920,s,m,
1526032495.9389,1.00060000,304.25100000,b,l,
1525900183.6119,0.99910000,0.06824252,s,m,
1525805105.4556,1.00050000,74.95879248,s,l,
1525854642.2219,0.99990000,386.63500000,b,l,
1526032227.7119,1.00000000,22.71726256,b,l,
1525892826.6366,0.99940000,75.00000000,b,m,
1525794523.4139,1.00100000,96.62109890,s,l,
1525892828.6575,0.99950000,3.32752036,b,m,
1525879827.2013,0.99960000,33.58673000,s,l,
1525937592.1792,0.99950000,34.09468000,b,l,
1525855887.1421,0.99910000,33.58177000,s,l,
1525855867.8581,1.00000000,337.06900000,b,l,
1525899558.9817,0.99900000,13076.38900000,s,l,
1525951889.0504,0.99940000,34.10494000,b,m,
1525855868.2587,0.99980000,34.06290000,s,l,
1525721523.5601,1.00000000,0.97030020,b,l,
1526024657.5714,1.00010000,34.16856000,b,l,
1525794541.2276,1.00100000,327.72110889,s,l,
1526025512.9318,1.00030000,34.17004000,b,l,
1525876775.1341,0.99970000,33.58818000,b,l,
1526030632.2931,0.99990000,34.18276000,b,l,
1525872967.0385,0.99960000,33.59135000,b,m,
1526056692.682,0.99940000,620.40417037,s,m,
1525982783.4716,0.99930000,34.11945000,s,m,
1526034835.4416,1.00010000,34.21021000,s,l,
1525746426.5814,0.99960000,34.06503000,b,m,
1526025403.9584,1.00000000,34.17780000,s,m,
1526008789.4675,0.99900000,0.00099164,s,l,
1525794561.0599,1.00100000,146.55344655,s,l,
1525890338.0575,0.99950000,34.08717000,b,m,
1525792457.7351,1.00100000,0.00444837,b,l,
1525855873.5364,1.00000000,238.31700000,b,l,
1525895180.9028,0.99920000,34.09058000,s,l,
1525794571.034,1.00100000,16.12043956,s,l,
1526023948.4821,0.99990000,2425.00000000,b,m,
1526029721.4474,1.00000000,34.18199000,s,m,
1525820376.2792,1.00020000,204.76129774,s,l,
1525794578.0577,1.00100000,16.12043956,s,l,
1525872967.0694,0.99960000,33.59135000,b,m,
1525727671.9155,0.99990000,34.04260000,b,l,
1526023483.748,0.99990000,34.16876000,b,l,
1525730641.9795,0.99990000,34.04815000,b,l,
1525794609.7231,1.00100000,15.38664335,s,l,
1526033374.5787,1.00060000,223.28300000,b,l,
1525895180.9238,0.99920000,34.09058000,s,l,
1525855881.4134,0.99920000,34.06263000,s,l,
1526030632.3089,0.99990000,34.18475000,b,l,
1525725362.9706,0.99930000,34.03732000,b,m,
1525855882.6632,0.99990000,75.00000000,b,l,
1526024008.5309,0.99990000,429.22700000,b,l,
1526019724.7922,0.99920000,34.16734000,s,m,
1526024010.4245,0.99990000,1349.70700000,b,l,
1525990759.619,0.99970000,34.12623000,b,l,
1525744393.8809,0.99990000,34.05743000,b,l,
1526032404.236,1.00050000,0.09400199,b,l,
1525747429.3436,0.99670000,1000.00000000,b,l,
1526056692.6743,0.99940000,769.63434862,s,m,
1525790464.2929,0.99920000,30.06946000,b,l,
1525855887.1276,0.99910000,33.58136000,s,l,
1525893096.6551,0.99940000,0.00017495,s,m,
1526032760.2835,1.00060000,158.56300000,b,l,
1525855997.1704,0.99920000,32.60908000,s,l,
1525727079.3412,0.99900000,0.03194963,s,m,
1525942121.2617,0.99940000,18.75006000,b,m,
1525996473.985,0.99920000,34.15362000,s,m,
1525721526.757,1.00000000,3061.74916600,b,l,
1525842237.1908,1.00000000,1.01220044,s,m,
1526037125.4946,0.99950000,34.19613000,s,l,
1525790464.263,0.99920000,30.06946000,b,l,
1525841891.2584,1.00000000,33.08881000,b,l,
1525974901.325,1.00000000,0.00040159,s,m,
1526034627.2032,1.00060000,34.19786000,b,l,
1525778297.178,0.99950000,34.07673000,s,l,
1525778299.0515,0.99930000,800.27740284,s,l,
1526004917.8537,0.99910000,34.17497000,s,m,
1526022221.165,0.99990000,34.18593000,s,l,
1525972749.27,1.00000000,0.00000225,s,m,
1525925765.6,1.00000000,9.93422940,s,l,
1525779353.2328,0.99910000,75.00000000,s,l,
1525811082.4714,0.99950000,324.56818409,s,l,
1526037126.0636,0.99950000,64.97445553,s,l,
1525747431.1001,0.99670000,1000.00000000,b,l,
1525727079.2651,0.99940000,34.02897000,s,m,
1525893011.1821,0.99940000,75.00000000,b,m,
1525792457.7023,1.00050000,200.00000000,b,l,
1525963497.8922,0.99980000,34.10884000,b,l,
1525855897.1464,0.99930000,34.06697000,s,l,
1525942168.4908,0.99950000,21.02879000,b,m,
1525998937.127,1.00030000,892.28209154,b,l,
1525806261.351,1.00110000,1935.72059151,b,m,
1526025200.3774,1.00000000,34.17780000,s,l,
1525855899.3143,0.99920000,217.79700000,b,l,
1525998079.7504,0.99990000,34.13952000,b,l,
1525778297.1421,0.99950000,34.07673000,s,l,
1525782028.1257,0.99930000,876.13776364,b,m,
1525730641.9701,0.99990000,34.04815000,b,l,
1525864584.4557,0.99960000,34.06815000,s,l,
1526032551.5032,1.00050000,34.20118000,b,l,
1525895015.9894,0.99930000,200.00000000,b,m,
1525855902.1785,0.99980000,311.97696000,b,l,
1525778358.0884,0.99920000,34.07432000,s,l,
1525855903.061,0.99900000,12593.01028220,s,l,
1525746887.7335,0.99820000,7076.38900000,s,l,
1525935339.719,0.99950000,34.09467000,b,m,
1526033398.2582,1.00060000,198.01325000,b,l,
1525740777.2243,0.99950000,565.70335989,b,l,
1525729720.449,0.99940000,34.04795000,s,l,
1525867056.2267,0.99980000,33.58248000,b,l,
1525893237.1156,0.99950000,34.08733000,b,l,
1525906295.4647,0.99990000,40.00400040,b,l,
1526036131.4384,1.00000000,34.22008000,s,l,
1526022221.1914,0.99950000,34.15515000,s,l,
1525981215.0665,0.99990000,34.11730000,b,l,
1525855908.1986,0.99960000,1087.32100000,b,l,
1525981214.9737,0.99930000,75.00000000,b,l,
1526029721.4051,1.00020000,34.18228000,s,m,
1525906295.3385,0.99940000,34.09842000,b,l,
1525888735.9093,0.99920000,34.08720000,b,m,
1525767427.2907,0.99930000,33.11394000,b,m,
1526061507.4626,0.99990000,34.27250000,s,l,
1526037528.7442,0.99930000,258.81700000,s,l,
1525770164.7012,0.99930000,33.60092000,b,l,
1525733361.7889,0.99980000,75.00000000,s,l,
1525893096.6568,0.99940000,0.00000035,s,m,
1525787579.2705,0.99920000,34.14089000,s,m,
1525890338.0014,0.99950000,34.08717000,b,m,
1525855911.9357,0.99940000,300.56600000,b,l,
1525935339.7235,0.99950000,34.09467000,b,m,
1525866428.5644,0.99960000,75.00000000,s,m,
1525784677.9303,0.99980000,34.07936000,b,l,
1526030037.3587,0.99910000,21.40055248,s,m,
1525899603.083,0.99900000,13001.38900000,s,l,
1526024657.4612,1.00010000,34.16856000,b,l,
1526037125.279,0.99950000,34.19613000,s,l,
1526036137.3295,0.99990000,0.00005097,s,m,
1525746889.7693,0.99810000,20.03807232,s,l,
1526021273.6099,1.00030000,34.15622000,b,l,
1526060589.4602,1.00030000,104.43699974,b,m,
1525906295.3649,0.99960000,33.12161000,b,l,
1525827633.2662,1.00020000,9556.42064452,b,l,
1525925895.3655,0.99980000,0.49990508,s,l,
1525787579.2006,0.99920000,34.11478000,s,m,
1526049794.4299,1.00010000,75.00000000,b,l,
1525777987.5525,0.99940000,0.45697307,s,m,
1525893147.3537,0.99940000,75.00000000,b,m,
1526032279.6644,1.00060000,34.18246000,b,l,
1525975482.6868,1.00000000,0.47748615,s,l,
1525992694.6895,0.99940000,34.16374000,s,m,
1525925922.0853,0.99970000,34.07855000,b,l,
1525925923.9832,0.99970000,34.07855000,b,l,
1525855820.1047,0.99990000,75.00000000,s,l,
1525982783.4367,0.99940000,34.11945000,s,m,
1525876775.1483,0.99970000,33.58818000,b,l,
1525794856.7985,1.00110000,799.50099800,s,m,
1525722327.3051,0.99950000,0.41886000,s,m,
1526032686.3498,1.00060000,337.62100000,b,l,
1525723058.7092,0.99930000,34.03531000,s,m,
1525876429.3693,0.99950000,33.60304000,s,m,
1525876784.4956,0.99960000,0.00001646,s,m,
1525827633.2778,1.00020000,10000.00000000,b,l,
1526054814.4218,0.99980000,34.25520000,b,m,
1526031343.7824,1.00000000,4686.72069000,s,m,
1525778647.5499,0.99770000,0.58814335,s,m,
1525721795.8472,0.99980000,34.04686000,s,m,
1526034029.6151,1.00010000,34.20199000,s,l,
1525723279.0084,0.99930000,34.03531000,s,l,
1525981215.044,0.99990000,34.11806000,b,l,
1526033418.0862,1.00060000,285.14900000,b,l,
1525893182.7348,0.99940000,75.00000000,b,m,
1525855925.5252,0.99930000,232.74300000,b,l,
1526034578.3861,1.00010000,302.58300000,s,l,
1525990759.7058,1.00050000,31.69138000,b,l,
1525784101.1312,0.99860000,34.09377000,s,m,
1525778507.8297,0.99930000,1991.69968978,b,l,
1525925965.5801,0.99960000,34.07933000,b,l,
1525790464.3042,0.99920000,30.06946000,b,l,
1525809507.5052,0.99970000,186.89696909,s,l,
1525987216.2435,0.99910000,75.00000000,s,m,
1526034088.1513,1.00060000,198.27082812,b,l,
1526034405.3362,1.00050000,34.19871000,b,l,
1526040668.9412,0.99920000,75.00000000,b,l,
1525723279.0649,0.99910000,34.04470000,s,l,
1525744753.6845,0.99970000,34.06337000,s,l,
1525893221.2451,0.99940000,75.00000000,b,m,
1526030632.3144,0.99990000,34.18475000,b,l,
1525925895.3706,0.99980000,771.19858971,s,l,
1526039621.9439,0.99940000,34.23937000,s,l,
1526036292.3979,0.99970000,200.88600000,s,l,
1525925998.7485,0.99960000,34.08006000,b,l,
1525925999.0135,0.99960000,34.08006000,b,l,
1525981215.0824,0.99990000,58109.28148962,b,l,
1525893237.1108,0.99950000,34.08711000,b,l,
1525893238.9279,0.99950000,504.67693847,s,l,
1525773803.3303,0.99910000,34.07476000,s,m,
1525746859.2516,0.99890000,34.05478000,s,l,
1525926015.9057,0.99960000,34.08054000,b,l,
1525942400.067,0.99980000,144.14226128,s,l,
1526025403.9994,1.00000000,0.00039367,s,m,
1525864585.5127,0.99960000,33.57945000,s,l,
1525946588.5623,0.99920000,34.10427000,s,m,
1525757985.8031,0.99830000,33.60092000,b,m,
1526029721.4269,1.00000000,34.17630000,s,m,
1526037408.0611,0.99930000,187.76500000,s,l,
1525780719.0208,0.99860000,75.00000000,b,l,
1526021273.6409,1.00030000,34.15622000,b,l,
1525926038.6684,0.99950000,34.08103000,b,l,
1525946588.4908,0.99980000,1693.55868729,s,m,
1525942427.4657,0.99980000,219.81037924,s,m,
1525747440.5508,0.99660000,1000.00000000,b,l,
1525872118.1824,0.99970000,34.07074000,s,m,
1525727079.1971,0.99940000,34.02693000,s,m,
1525926054.8837,0.99950000,6.83765000,b,l,
1525827753.4106,1.00020000,3.18723829,s,m,
1525727671.9709,0.99990000,34.04260000,b,l,
1525893295.9351,0.99940000,75.00000000,s,l,
1525893296.7526,0.99940000,200.00000000,b,m,
1526025453.3551,1.00030000,24.32009000,b,l,
1525926071.8815,0.99960000,34.08186000,b,l,
1526034736.9708,1.00060000,60.68186999,b,l,
1526034283.2521,1.00020000,75.00000000,s,l,
1526032226.2998,0.99970000,75.00000000,b,l,
1525852516.535,0.99990000,34.06290000,b,l,
1526033232.055,1.00020000,4479.43563457,s,m,
1525740777.2398,0.99960000,34.05668000,b,l,
1525795010.1492,1.00110000,16.14234342,s,l,
1525992694.6641,1.00000000,1068.00644190,s,m,
1525946588.4855,0.99980000,34.08584000,s,m,
1525752810.5499,0.99750000,0.00483367,s,l,
1526009358.7849,0.99900000,7.71534258,s,l,
1526032482.1151,1.00010000,34.19902000,s,l,
1525790464.2795,0.99920000,30.06946000,b,l,
1525926098.8189,0.99960000,34.08211000,b,l,
1525844181.1332,1.00000000,550.88000000,s,l,
1525778647.533,0.99800000,723.94103124,s,m,
1525864939.765,0.99950000,33.58352000,s,l,
1525844185.588,1.00000000,912.87200000,s,l,
1526032227.729,1.00040000,34.18247000,b,l,
1525828645.4821,1.00030000,8400.00000000,b,l,
1525744393.8924,0.99990000,34.05743000,b,l,
1525926116.7382,0.99960000,34.08259000,b,l,
1525812262.9314,0.99900000,130.18326016,s,l,
1525727079.2253,0.99940000,34.02659000,s,m,
1525778297.1281,0.99960000,75.00000000,s,l,
1526036137.3276,0.99990000,0.02553320,s,m,
1526039955.4765,0.99930000,30.02642000,b,m,
1525733361.8309,0.99960000,34.04936000,s,l,
1525876429.3746,0.99950000,33.60304000,s,m,
1526033449.6625,1.00060000,198.84100000,b,l,
1526035073.7407,1.00050000,22.55550000,s,l,
1525891456.2897,0.99940000,75.00000000,b,m,
1526057219.4218,0.99940000,0.00025844,s,m,
1526034681.204,1.00070000,336.76100000,b,l,
1525975913.9535,0.99990000,0.50005000,s,l,
1526029721.3467,1.00050000,34.18455000,s,m,
1525794908.4026,1.00110000,732.66406952,s,l,
1525723439.2109,0.99910000,903.28367172,s,l,
1525747444.0202,0.99670000,1000.00000000,b,l,
1525960261.8605,0.99950000,34.09649000,s,l,
1525778726.4429,0.99860000,30.06615000,b,m,
1526047777.9309,1.00000000,3629.06000000,s,m,
1525746859.1721,0.99890000,34.05478000,s,l,
1525895180.9266,0.99920000,34.09058000,s,l,
1525855965.5847,0.99920000,1698.60500000,b,l,
1525856470.4094,0.99990000,32.12273000,b,l,
1526040138.559,0.99910000,215.71400000,s,l,
1526032230.6827,1.00060000,34.18246000,b,l,
1525887809.815,0.99930000,34.08565000,s,l,
1525893434.7507,0.99940000,75.00000000,s,l,
1525888735.9137,0.99920000,75.00000000,b,m,
1525893436.2163,0.99940000,200.00000000,b,m,
1526025270.8781,1.00000000,34.17780000,s,l,
1526050125.1759,0.99940000,34.26356000,s,m,
1525856476.4782,0.99990000,32.12273000,b,l,
1525879830.7881,0.99950000,33.60304000,s,l,
1526021273.5676,1.00030000,34.15622000,b,l,
1525899661.913,0.99900000,752.55900000,s,l,
1525927315.8357,0.99940000,34.10571000,s,l,
1525809299.0634,1.00000000,34.04309000,s,l,
1525996473.9557,0.99920000,34.15362000,s,m,
1525893462.5977,0.99940000,200.00000000,b,m,
1526022221.0755,0.99990000,34.18593000,s,l,
1525951889.0669,0.99940000,34.10494000,b,m,
1525899663.3633,0.99900000,534.71600000,s,l,
1525746859.1602,0.99890000,34.05478000,s,l,
1525804173.5176,1.00090000,34.04089000,s,l,
1526049630.4945,1.00020000,1837.49999999,b,l,
1525893473.4845,0.99940000,125.00000000,b,m,
1526027262.0907,1.00000000,359.38400000,s,l,
1526040934.111,0.99920000,30.02432000,s,l,
1525970183.5375,0.99930000,34.10915000,s,m,
1526025276.222,1.00000000,34.17780000,s,l,
1525899666.0399,0.99900000,13076.38900000,s,l,
1526004917.7976,0.99960000,1297.72838500,s,m,
1525869805.5079,1.00000000,34.07108000,b,l,
1526045502.363,1.00000000,43.58040048,s,m,
1525890338.0465,0.99950000,34.08717000,b,m,
1525971528.1293,0.99950000,34.10915000,b,l,
1525971528.2361,1.00000000,209823.01628570,b,l,
1525867237.4751,1.00000000,33.58325000,b,l,
1525976127.0829,0.99900000,13042.27094000,s,l,
1525855978.1811,0.99940000,32.12273000,b,l,
1526022221.1417,0.99990000,34.18593000,s,l,
1526055317.1944,0.99990000,2.52343893,b,m,
1525778817.1826,0.99920000,263.11668350,b,l,
1525848195.7156,0.99930000,31.13935000,s,l,
1526042060.9368,0.99960000,34.25418000,b,m,
1525899670.4941,0.99900000,22941.03300000,s,l,
1525844358.4118,1.00000000,59.52677000,s,l,
1526033473.1889,1.00050000,12.30468750,b,l,
1526040969.2413,0.99910000,24890.53144280,s,m,
1526032230.6333,1.00040000,34.18247000,b,l,
1526034791.923,1.00010000,34.20822000,s,l,
1526038264.0398,0.99990000,2158.67572999,b,m,
1525982783.5043,0.99930000,34.11945000,s,m,
1525809561.4229,0.99910000,17.96407186,s,m,
1525787579.1872,0.99930000,34.13321000,s,m,
1526060381.3019,1.00010000,34.25509000,b,m,
1525855986.8728,0.99920000,32.60908000,s,l,
1525806261.3128,1.00080000,34.04224000,b,m,
1526034416.3301,1.00000000,215.25000000,s,l,
1526040998.5016,0.99940000,75.00000000,b,m,
1525778297.1832,0.99950000,34.07673000,s,l,
1525856562.5459,0.99970000,9000.00000000,b,l,
1525855986.8821,0.99910000,75.00000000,s,l,
1526024622.9459,0.99990000,500.00000000,b,l,
1525927315.8803,0.99940000,34.10571000,s,l,
1525903323.5859,0.99920000,34.09581000,b,l,
1525906295.3338,0.99940000,34.09842000,b,l,
1525729720.4375,0.99940000,10.71925000,s,l,
1525975482.6916,1.00000000,0.00000051,s,l,
1525854157.7979,0.99980000,75.00000000,b,l,
1525736756.3181,0.99960000,8.95138000,s,m,
1526019724.7755,0.99920000,34.16734000,s,m,
1525855887.1393,0.99910000,33.58177000,s,l,
1525844424.9162,1.00000000,33.70182000,s,l,
1526030037.3569,0.99910000,13396.74584999,s,m,
1526025453.3999,1.00030000,9.84887000,b,l,
1525729769.3352,0.99940000,15.08213121,s,l,
1525951889.1642,0.99980000,34.09893000,b,m,
1525893583.2945,0.99940000,75.00000000,s,l,
1526024656.8322,0.99990000,433.72100000,b,l,
1526024657.502,1.00010000,34.16856000,b,l,
1525867195.5808,1.00000000,2191.84752330,b,l,
1525897525.9432,0.99910000,8.62727000,s,m,
1525727671.9102,0.99990000,34.04260000,b,l,
1525990759.677,0.99970000,30.71437000,b,l,
1526040138.6952,0.99910000,204.08800000,s,l,
1526027481.682,1.00030000,34.17476000,b,l,
1525811674.2052,0.99910000,45.30000000,s,m,
1525893595.7098,0.99940000,200.00000000,b,m,
1526024672.2283,1.00060000,4967.61746641,b,l,
1526061507.4757,0.99980000,34.27250000,s,l,
1526024657.5789,1.00010000,34.16856000,b,l,
1525876775.1436,0.99970000,33.58818000,b,l,
1525893606.9054,0.99940000,200.00000000,b,m,
1526049740.6871,1.00020000,458.79800000,b,l,
1526038264.125,1.00040000,34.22018000,b,m,
1525729769.3404,0.99940000,26.17016073,s,l,
1526035388.5543,1.00010000,34.21139000,s,m,
1525784677.8184,0.99980000,34.07522000,b,l,
1525790464.1858,0.99920000,32.18107000,b,l,
1525926995.6519,0.99990000,505.00000000,b,m,
1526024657.5573,1.00010000,34.16856000,b,l,
1525976148.517,0.99910000,75.00000000,s,l,
1525725363.1638,1.00000000,918.11168000,b,m,
1526025403.9824,1.00000000,34.17780000,s,m,
1525790464.2425,0.99920000,30.06946000,b,l,
1526041091.7499,0.99950000,30.02312000,b,l,
1525906295.3153,0.99940000,34.09842000,b,l,
1525723058.7115,0.99930000,34.03531000,s,m,
1525743670.1097,0.99960000,0.00000456,s,m,
1526024724.6774,1.00070000,4298.39500000,b,l,
1526035794.3926,1.00000000,203.17900000,s,m,
1526044420.8447,1.00010000,75.00000000,s,l,
1526025403.9478,1.00000000,15.95201743,s,m,
1525882387.5478,0.99940000,33.59404000,b,m,
1526044421.3542,1.00010000,1312.34800000,s,l,
1525837703.6448,0.99920000,75.00000000,s,m,
1525963497.8664,0.99970000,5206.52980996,b,l,
1525899666.8165,0.99900000,22941.03300000,s,l,
1526041137.9087,0.99940000,75.00000000,s,l,
1526054105.7138,0.99910000,475.00000000,s,m,
1525856021.0982,0.99930000,75.00000000,b,l,
1525778647.5546,0.99770000,0.00000235,s,m,
1525981215.0916,0.99990000,2499.49995000,b,l,
1525946862.8998,0.99920000,698.89711769,s,m,
1525872967.1208,0.99960000,33.59135000,b,m,
1525856012.789,0.99940000,362.29100000,b,l,
1525727671.9641,0.99990000,34.04260000,b,l,
1525790464.2296,0.99920000,30.06946000,b,l,
1525727672.0262,0.99990000,34.04260000,b,l,
1526027780.8458,1.00040000,6791.24264280,b,l,
1525990759.7033,1.00050000,34.10361000,b,l,
1525872967.1391,0.99960000,33.59135000,b,m,
1526042060.9479,0.99970000,34.25456000,b,m,
1525945975.2198,0.99990000,75.00000000,s,m,
1525805310.4466,1.00080000,34.04117000,b,m,
1526040969.2363,0.99920000,75.00000000,s,m,
1525971528.1563,0.99980000,34.10819000,b,l,
1525744753.6752,0.99970000,34.06337000,s,l,
1525976166.7516,0.99900000,13042.27122000,s,l,
1525727079.1719,0.99940000,34.02693000,s,m,
1525946587.961,0.99980000,34.08652000,s,m,
1526060381.2928,1.00010000,34.25509000,b,m,
1525747464.1768,0.99700000,6000.00000000,s,l,
1526024829.6697,1.00070000,97000.00000000,b,m,
1525746426.6025,0.99960000,34.06503000,b,m,
1525790464.215,0.99920000,30.06946000,b,l,
1526047777.937,1.00000000,34.24085000,s,m,
1525856024.0245,0.99900000,313.14000000,s,l,
1525946588.5757,0.99920000,34.10215000,s,m,
1525856024.0301,0.99940000,387.98500000,b,l,
1525998079.7214,0.99990000,34.13952000,b,l,
1525946588.4991,0.99980000,600.77055889,s,m,
1525804142.1603,1.00090000,34.04089000,s,l,
1525727079.2858,0.99940000,34.02897000,s,m,
1526034029.5836,1.00020000,34.19342000,s,l,
1525946588.5645,0.99920000,34.10427000,s,m,
1525721795.8789,0.99940000,0.00356799,s,m,
1525899532.1876,0.99930000,34.09599000,s,l,
1526039622.0664,0.99940000,34.23984000,s,l,
1525856027.6236,0.99900000,362.65900000,s,l,
1526025937.2813,0.99990000,34.17780000,s,l,
1526039703.1962,0.99910000,87.31300000,s,l,
1526024886.8448,1.00030000,34.76795988,s,l,
1525993003.8123,0.99930000,75.00000000,s,m,
1525867056.2486,0.99980000,33.58347000,b,l,
1525992694.6548,1.00000000,75.00000000,s,m,
1526046195.8415,1.00000000,34.26495000,s,l,
1525777348.6664,0.99950000,34.07386000,b,m,
1526031343.8124,0.99950000,34.18311000,s,m,
1525746859.2136,0.99890000,34.05478000,s,l,
1526049985.1995,1.00010000,1485.48500000,s,l,
1526032244.7491,1.00040000,75.00000000,b,l,
1526021273.5776,1.00030000,34.15622000,b,l,
1526047184.2731,1.00030000,75.00000000,s,l,
1525844706.5799,1.00000000,0.02295409,s,l,
1525854018.7175,0.99950000,32.11971000,b,l,
1526024941.6814,1.00040000,38.90305541,s,l,
1525869294.8843,0.99990000,34.06906000,s,m,
1525856040.5064,0.99900000,159.57500000,s,l,
1526039955.4672,0.99930000,30.02642000,b,m,
1525906295.4202,0.99970000,34.09415000,b,l,
1525746426.6276,0.99990000,2500.00000000,b,m,
1526024957.5675,1.00040000,36.09694459,s,l,
1525887809.8036,0.99930000,34.08565000,s,l,
1525844736.1618,1.00000000,151.17396840,s,l,
1525917716.4768,1.00000000,109.56131649,s,m,
1526029981.8234,1.00000000,75.00000000,s,m,
1525971528.179,0.99980000,2492.58714621,b,l,
1525856044.5311,0.99900000,158.10500000,s,l,
1526004917.874,0.99910000,34.17497000,s,m,
1525995049.6196,0.99930000,34.14649000,b,l,
1526029721.3803,1.00020000,34.18228000,s,m,
1526034930.6761,1.00060000,104.26750199,b,l,
1525856046.6864,0.99930000,158.04200000,b,l,
1526061507.4299,1.00000000,1879.59582963,s,l,
1525756104.9214,0.99800000,30.07368000,b,l,
1526035794.4232,1.00000000,219.99864361,s,m,
1525899532.1902,0.99910000,25.46302000,s,l,
1525952815.7925,0.99900000,19.91027924,s,m,
1525864584.4696,0.99960000,33.57054000,s,l,
1526050125.1684,0.99940000,34.26356000,s,m,
1525746859.1059,0.99890000,34.05478000,s,l,
1526020939.3544,0.99990000,75.00000000,b,m,
1525992694.7665,0.99940000,34.16375000,s,m,
1525784101.1889,0.99820000,34.08937000,s,m,
1525856562.5639,0.99990000,33.58379000,b,l,
1525953844.5172,1.00000000,308.25000000,b,l,
1525856053.2468,0.99940000,32.12273000,b,l,
1525784677.886,0.99980000,34.07936000,b,l,
1525906295.3316,0.99940000,34.09842000,b,l,
1525856068.4811,0.99900000,250.57100000,s,l,
1525973473.464,1.00010000,17391.07900000,b,l,
1526025032.7705,1.00030000,54.88397994,b,l,
1525990759.6088,0.99970000,34.12623000,b,l,
1526033339.9095,1.00050000,46.87500000,b,l,
1525804173.5101,1.00090000,34.04089000,s,l,
1525744753.7749,0.99850000,6000.00000000,s,l,
1526034283.2546,1.00010000,75.00000000,s,l,
1526025049.9304,1.00030000,27.44198997,b,l,
1526008789.4691,0.99900000,0.00000198,s,l,
1526008669.8349,0.99900000,19.06995798,s,l,
1526034621.7671,1.00060000,34.19771000,b,l,
1525856031.5035,0.99940000,676.03600000,b,l,
1526032721.9673,1.00060000,361.77000000,b,l,
1525975907.5148,1.00000000,13076.38900000,s,l,
1525975909.2266,1.00000000,13076.38900000,s,l,
1525975912.0906,1.00000000,13076.38900000,s,l,
1525975913.9557,0.99990000,3884.37840395,s,l,
1525844846.6967,1.00010000,7.00000000,b,l,
1526004917.7855,1.00000000,34.13215000,s,m,
1526032365.2015,1.00010000,0.09400199,b,l,
1525971528.148,0.99980000,34.10819000,b,l,
1526036286.6855,1.00000000,34.22060000,s,l,
1525975926.9271,0.99990000,1987.29832983,s,l,
1526004971.8774,1.00010000,75.00000000,b,m,
1526025453.3348,1.00030000,34.16799000,b,l,
1526049985.1955,1.00010000,146.05361000,s,l,
1525975933.0556,0.99940000,34.13020000,s,l,
1526022221.1837,0.99990000,34.18593000,s,l,
1525746426.5412,0.99960000,34.06503000,b,m,
1525975936.9027,0.99910000,34.12140000,s,l,
1526042060.9135,0.99950000,30.02582000,b,m,
1525975941.8448,0.99980000,34.10520000,s,l,
1525975942.2291,0.99900000,13076.38900000,s,l,
1526025095.2746,1.00040000,25.23895164,b,l,
1525975944.2789,0.99900000,13076.38900000,s,l,
1525975945.2971,0.99900000,13076.38900000,s,l,
1526032230.624,1.00040000,34.18247000,b,l,
1525975947.3261,0.99900000,13076.38900000,s,l,
1526034673.4841,1.00020000,34.20299000,s,l,
1525784018.1857,0.99950000,75.00000000,b,l,
1525982783.4605,0.99930000,34.11945000,s,m,
1525721846.9125,0.99980000,34.04206000,b,l,
1525844884.6782,1.00010000,1450.00000000,b,l,
1525963468.5557,0.99970000,34.10055000,s,m,
1525779353.2626,0.99900000,34.08177000,s,l,
1525975964.5766,0.99900000,12967.27273000,s,l,
1525975965.5311,0.99900000,13042.27273000,s,l,
1525813917.9613,1.00030000,2500.00000000,b,l,
1526040085.6594,0.99920000,34.25227000,s,l,
1525856070.4149,0.99900000,236.11600000,s,l,
1526035590.9602,1.00010000,34.21157000,s,m,
1525723279.023,0.99930000,34.03531000,s,l,
1525943210.9113,0.99980000,125.00000000,s,m,
1525730641.9748,0.99990000,34.04815000,b,l,
1525959599.3383,0.99980000,611.73466471,s,l,
1525854397.7533,0.99990000,283.15000000,b,l,
1525975995.7001,0.99900000,13042.27184000,s,l,
1525744393.7975,0.99980000,34.05743000,b,l,
1526034804.8236,1.00060000,314.61700000,b,l,
1525854018.7538,1.00000000,76596.19340000,b,l,
1525975999.971,0.99910000,75.00000000,s,l,
1526025200.373,1.00000000,34.17780000,s,l,
1525771754.4287,0.99920000,2937.41945149,s,m,
1525856075.5262,0.99940000,313.51000000,b,l,
1525727079.1884,0.99940000,34.02693000,s,m,
1525976007.7467,0.99900000,13076.38900000,s,l,
1525747467.809,0.99620000,710.70900000,b,l,
1525813147.5001,0.99900000,429.46832469,s,l,
1525976011.3086,0.99900000,13042.27139000,s,l,
1525976012.4575,0.99900000,13076.38900000,s,l,
1525976014.9688,0.99900000,13076.38900000,s,l,
1525976016.538,0.99900000,13076.38900000,s,l,
1525976017.597,0.99900000,13076.38900000,s,l,
1525976020.0215,0.99900000,13076.38900000,s,l,
1526008789.4584,0.99910000,75.00000000,s,l,
1525848195.6903,1.00000000,8960.31360000,s,l,
1525976023.5229,0.99900000,13076.38900000,s,l,
1525844953.3735,1.00010000,7.00000000,b,l,
1525856079.8286,0.99940000,317.67000000,b,l,
1525932538.1143,0.99920000,75.00000000,s,l,
1525906295.4593,0.99990000,33.58673000,b,l,
1526025183.5824,1.00030000,39.85618257,s,l,
1526061507.5494,0.99960000,34.27250000,s,l,
1526032520.8065,1.00000000,64.44173000,s,l,
1526034795.806,1.00060000,34.20822000,b,l,
1526025655.2907,1.00000000,34.17256000,s,m,
1526027778.9647,1.00030000,34.17564000,b,l,
1525984868.8671,0.99930000,75.00000000,s,m,
1525833592.4083,1.00000000,34.06139000,s,l,
1526025200.3533,1.00000000,34.17780000,s,l,
1526034686.5171,1.00070000,252.10100000,b,l,
1525856083.457,0.99940000,465.79800000,b,l,
1526024657.5191,1.00010000,34.16856000,b,l,
1525992694.7437,0.99940000,34.16375000,s,m,
1525960981.9444,0.99980000,1915.91274239,b,l,
1525725363.1349,0.99990000,34.02725000,b,m,
1525998079.6956,0.99990000,34.13952000,b,l,
1525975933.0527,0.99940000,34.13020000,s,l,
1525906295.3855,0.99970000,34.09072000,b,l,
1525746859.1907,0.99890000,34.05478000,s,l,
1526060359.1394,0.99980000,34.25671000,b,m,
1525792457.7042,1.00050000,324.58761553,b,l,
1525876784.4903,0.99960000,25.75275779,s,m,
1526000463.7617,1.00060000,1297.72838500,b,m,
1525927315.7209,0.99940000,34.10571000,s,l,
1526049985.2038,1.00010000,35.81813471,s,l,
1525725363.0803,0.99930000,34.03732000,b,m,
1526024657.4731,1.00010000,34.16856000,b,l,
1525845015.28,1.00000000,7.00000000,s,m,
1526021273.5969,1.00030000,34.15622000,b,l,
1525771754.4001,0.99940000,34.05097000,s,m,
1525792457.6792,1.00010000,342151.03474441,b,l,
1525890337.9657,0.99950000,34.08717000,b,m,
1525828645.4716,1.00020000,75.00000000,b,l,
1525812262.9209,0.99930000,75.00000000,s,l,
1525805310.4703,1.00080000,34.04214000,b,m,
1525728577.2636,0.99940000,34.04795000,s,m,
1525923567.2528,1.00000000,413.47157038,s,m,
1525856093.4342,0.99940000,1384.50900000,b,l,
1526031343.7871,0.99960000,1668.23689475,s,m,
1525888862.0983,0.99940000,75.00000000,b,m,
1526025270.8854,1.00000000,23.63898257,s,l,
1526050125.1978,0.99910000,30.02642000,s,m,
1525981215.0935,0.99990000,1384.87845395,b,l,
1526025276.2042,1.00000000,34.17780000,s,l,
1525744393.8552,0.99990000,34.05790000,b,l,
1525976127.0794,0.99910000,34.11806000,s,l,
1525976128.866,0.99900000,13076.38900000,s,l,
1525976130.1788,0.99900000,13076.38900000,s,l,
1525976137.5193,0.99900000,13076.38900000,s,l,
1525976139.3745,0.99900000,13076.38900000,s,l,
1526034029.6126,1.00010000,34.20199000,s,l,
1525856098.8722,0.99910000,75.00000000,s,l,
1525976143.3739,0.99900000,13076.38900000,s,l,
1525790464.2772,0.99920000,30.06946000,b,l,
1525812408.6198,0.99960000,75.00000000,b,l,
1525976146.3539,0.99900000,13076.38900000,s,l,
1525926995.6458,0.99990000,2500.00000000,b,m,
1525976148.5231,0.99900000,13001.38900000,s,l,
1525976150.9199,0.99900000,13076.38900000,s,l,
1525976153.1531,0.99900000,13076.38900000,s,l,
1525890338.0359,0.99950000,34.08717000,b,m,
1525976157.4372,0.99900000,13076.38900000,s,l,
1525976158.5277,0.99910000,34.11778000,s,l,
1526025403.9634,1.00000000,34.17780000,s,m,
1525744753.7629,0.99880000,3556.35077092,s,l,
1525976166.7459,0.99910000,34.11778000,s,l,
1525976168.6745,0.99900000,13076.38900000,s,l,
1525812329.7744,0.99910000,11.42290911,s,l,
1525976170.5298,0.99900000,13076.38900000,s,l,
1525976171.8474,0.99900000,13076.38900000,s,l,
1526039621.9365,0.99940000,34.23837000,s,l,
1525746859.2372,0.99890000,34.05478000,s,l,
1526050125.1489,0.99970000,34.24768000,s,m,
1525976179.1226,0.99900000,13076.38900000,s,l,
1525976180.5779,0.99900000,13009.46697018,s,l,
1525792457.641,0.99890000,34.15325000,b,l,
1525773803.3714,0.99910000,34.07026000,s,m,
1525834260.7374,0.99980000,75.00000000,b,l,
1525792457.6542,0.99990000,25792.75428838,b,l,
1526042789.2262,0.99970000,34.26295000,b,l,
1525746426.6072,0.99960000,34.06503000,b,m,
1525855495.4946,0.99990000,318.59000000,b,l,
1526039597.7873,0.99960000,75.00000000,s,l,
1526025403.9752,1.00000000,34.17780000,s,m,
1525721795.8669,0.99980000,34.04686000,s,m,
1526049985.2381,1.00000000,34.24680000,s,l,
1526022221.1495,0.99990000,34.18593000,s,l,
1525897068.0338,0.99940000,75.00000000,b,m,
1526029721.4838,1.00000000,34.18223000,s,m,
1525998079.7175,0.99990000,34.13952000,b,l,
1526034717.6966,1.00000000,34.19982000,s,l,
1525722327.2696,0.99980000,34.04526000,s,m,
1525736863.3239,0.99980000,44.24015656,b,l,
1525946588.5972,0.99920000,13.94183726,s,m,
1525777348.6836,0.99950000,34.07386000,b,m,
1525727671.9285,0.99990000,34.04260000,b,l,
1525887809.8307,0.99930000,34.08565000,s,l,
1525872118.1722,0.99970000,34.07074000,s,m,
1526039622.1224,0.99940000,34.24099000,s,l,
1525746853.4706,0.99940000,75.00000000,s,l,
1525893237.108,0.99950000,34.08710000,b,l,
1525780892.6442,0.99920000,34.08264000,b,l,
1526062331.1314,0.99920000,56.65703411,s,m,
1525845162.0231,1.00000000,59.88400000,s,l,
1525746859.2466,0.99890000,34.05478000,s,l,
1525932538.1082,0.99920000,75.00000000,s,l,
1526041775.0521,0.99930000,12.06430000,b,l,
1525953843.6429,1.00000000,1144.50901000,b,l,
1525784677.8988,0.99980000,34.07936000,b,l,
1525856115.7316,0.99930000,187.19400000,b,l,
1525942168.6466,0.99950000,34.09291000,b,m,
1525746889.7605,0.99830000,6000.00000000,s,l,
1525812408.6144,0.99930000,30.02913000,b,l,
1525847924.7877,1.00000000,2808.60800000,s,l,
1525746874.4147,0.99860000,75.00000000,s,l,
1526025403.9705,1.00000000,34.17780000,s,m,
1525746859.2187,0.99890000,34.05478000,s,l,
1525992694.694,0.99940000,34.16374000,s,m,
1525852590.9093,0.99950000,75.00000000,s,l,
1525778358.1045,0.99920000,34.07286000,s,l,
1525746887.7269,0.99830000,6000.00000000,s,l,
1525746889.7658,0.99820000,7013.37067780,s,l,
1525957074.7303,0.99970000,34.80861811,s,l,
1526041091.7527,0.99950000,7.65034683,b,l,
1526027778.8696,1.00020000,877.83645018,b,l,
1525721526.7602,1.00000000,3.66969537,b,l,
1525876775.1519,0.99990000,9201.75157516,b,l,
1525746859.2113,0.99890000,34.05478000,s,l,
1526021273.6849,1.00060000,0.00201311,b,l,
1526050000.7932,0.99980000,351.85753353,s,l,
1525790464.2472,0.99920000,30.06946000,b,l,
1526035388.5058,1.00050000,26.40702000,s,m,
1526039278.6269,0.99960000,101.61500000,s,l,
1525845229.4179,1.00000000,175.37894550,s,l,
1526034444.9147,1.00060000,148.15800000,b,l,
1526035590.9648,1.00010000,34.21161000,s,m,
1525788203.635,0.99870000,75.00000000,s,l,
1525982532.7137,0.99940000,0.00004091,s,m,
1526058227.8597,0.99950000,18.09507065,s,m,
1526041845.8752,0.99920000,75.00000000,s,m,
1525992694.7526,0.99940000,34.16375000,s,m,
1525778118.2475,0.99950000,34.07386000,b,l,
1525963468.6124,0.99910000,34.10055000,s,m,
1525854408.7432,0.99990000,157.91800000,b,l,
1525872118.1659,0.99970000,34.07074000,s,m,
1525722505.6996,1.00000000,1050.63387490,b,l,
1525971528.1939,0.99990000,34.10819000,b,l,
1526039707.4967,0.99910000,184.28900000,s,l,
1525878023.0615,0.99980000,75.00000000,b,l,
1525722327.2765,0.99980000,34.04526000,s,m,
1526024657.4898,1.00010000,34.16856000,b,l,
1526038264.0447,0.99990000,1646.26493465,b,m,
1526025493.1129,1.00030000,34.17004000,b,l,
1526025494.026,1.00030000,356.59400000,b,l,
1525725362.9788,0.99930000,34.03732000,b,m,
1526035590.9818,1.00010000,34.21152000,s,m,
1525856133.5324,0.99930000,75.00000000,b,l,
1526032404.232,1.00040000,34.19792000,b,l,
1525867056.5476,1.00000000,7530.77060000,b,l,
1525856053.2549,0.99940000,32.60997000,b,l,
1526016583.0146,0.99940000,33.18895000,b,l,
1526025512.9446,1.00030000,34.17004000,b,l,
1525809298.8785,1.00050000,34.04053000,s,l,
1525746859.1535,0.99890000,34.05478000,s,l,
1525790464.2517,0.99920000,30.06946000,b,l,
1525827753.4145,1.00020000,0.00001269,s,m,
1525887809.8216,0.99930000,34.08565000,s,l,
1525856137.4271,0.99940000,633.75600000,b,l,
1525867060.7333,1.00000000,13076.38900000,b,l,
1526039622.2183,0.99940000,34.25456000,s,l,
1526041919.9973,0.99920000,0.01441152,s,l,
1525975933.1164,0.99940000,34.13020000,s,l,
1526025537.0393,1.00030000,509.47300000,b,l,
1526027778.9467,1.00030000,34.17476000,b,l,
1526043228.6909,1.00020000,75.00000000,s,l,
1526022221.1361,0.99990000,34.18593000,s,l,
1525856476.5305,0.99990000,32.12273000,b,l,
1525990759.7105,1.00050000,31.69138000,b,l,
1526033356.725,1.00030000,75.00000000,s,m,
1525865346.6058,0.99910000,0.68662675,s,m,
1525894478.7534,0.99940000,75.00000000,s,m,
1525730641.984,0.99990000,34.04815000,b,l,
1525730642.3164,1.00000000,982.69200000,b,l,
1525894484.1431,0.99930000,200.00000000,b,m,
1526022221.0699,0.99990000,34.16581000,s,l,
1525951889.1761,0.99980000,34.09893000,b,m,
1525906295.4896,1.00000000,50000.00000000,b,l,
1526032811.1774,1.00060000,201.35000000,b,l,
1525779806.3486,0.99890000,74.99078000,b,l,
1525894496.1265,0.99930000,200.00000000,b,m,
1525987216.233,0.99910000,75.00000000,s,m,
1526034448.7744,1.00060000,661.76600000,b,l,
1525744753.5347,0.99970000,34.06337000,s,l,
1525894507.5736,0.99930000,200.00000000,b,m,
1526029721.4674,1.00000000,34.18223000,s,m,
1525780892.632,0.99910000,34.08264000,b,l,
1526032266.9148,1.00040000,546.54900000,b,l,
1526004917.7958,0.99960000,1298.54619852,s,m,
1526034994.1267,1.00070000,321.50700000,b,l,
1526058356.8098,0.99920000,34.25549000,s,m,
1525894519.2474,0.99930000,200.00000000,b,m,
1526025453.3507,1.00030000,34.16799000,b,l,
1526021273.6759,1.00060000,34.11967000,b,l,
1526034758.4524,1.00060000,34.20639000,b,l,
1526022221.1968,0.99950000,34.16616000,s,l,
1525784677.9486,0.99980000,34.07931000,b,l,
1525935339.7213,0.99950000,34.09467000,b,m,
1526042060.9322,0.99960000,34.25418000,b,m,
1525856150.9131,0.99940000,400.48700000,b,l,
1525723058.6584,0.99980000,34.02435000,s,m,
1526032230.5886,1.00040000,10.05398238,b,l,
1525869805.5168,1.00000000,34.07108000,b,l,
1525894542.0625,0.99930000,200.00000000,b,m,
1526025453.3482,1.00030000,34.16799000,b,l,
1525992694.7592,0.99940000,34.16375000,s,m,
1525982783.5165,0.99930000,34.11945000,s,m,
1525721846.9349,0.99980000,34.04206000,b,l,
1525927315.8872,0.99940000,34.10571000,s,l,
1525744753.7125,0.99970000,34.06337000,s,l,
1525895180.9504,0.99920000,34.09057000,s,l,
1525787579.3048,0.99920000,34.14089000,s,m,
1526039108.5003,0.99990000,256.53600000,s,l,
1526039955.4613,0.99930000,30.02642000,b,m,
1525811670.9442,0.99930000,75.00000000,s,m,
1525736863.437,0.99990000,0.00060690,b,l,
1525729720.44,0.99940000,34.04795000,s,l,
1525894565.8698,0.99930000,200.00000000,b,m,
1525998079.7365,0.99990000,34.13952000,b,l,
1525784101.1382,0.99860000,34.09377000,s,m,
1526039621.9065,0.99940000,6.58593806,s,l,
1525856157.5184,0.99940000,421.60100000,b,l,
1525927315.8561,0.99940000,34.10571000,s,l,
1525894578.7395,0.99930000,200.00000000,b,m,
1526058227.8652,0.99950000,0.00001145,s,m,
1525848697.6455,0.99940000,45.48722178,s,l,
1526025655.3216,1.00000000,976.19600000,s,m,
1525796280.3457,1.00110000,787.88883953,s,m,
1525995049.63,0.99960000,34.14017000,b,l,
1525779898.3406,0.99880000,35.94339252,s,l,
1525744393.8395,0.99990000,34.05790000,b,l,
1525894589.5407,0.99930000,200.00000000,b,m,
1526030632.3206,0.99990000,34.18475000,b,l,
1525823392.1403,1.00010000,0.00012017,s,l,
1526034521.6375,1.00020000,75.00000000,s,l,
1525864583.5782,0.99970000,75.00000000,s,l,
1525992694.7644,0.99940000,34.16375000,s,m,
1525906295.3245,0.99940000,34.09842000,b,l,
1525992903.9531,0.99960000,75.00000000,s,m,
1525894600.2424,0.99930000,200.00000000,b,m,
1525723058.6724,0.99980000,34.02425000,s,m,
1526035590.9671,1.00010000,34.21160000,s,m,
1526042060.9503,0.99970000,34.25456000,b,m,
1525725363.1371,0.99990000,34.02725000,b,m,
1525894612.5161,0.99930000,200.00000000,b,m,
1526032432.3171,1.00010000,34.19819000,s,l,
1526034812.0808,1.00000000,199.85980000,s,l,
1526034471.9343,1.00060000,2772.83707000,b,l,
1525730783.2414,1.00000000,255.15500000,b,l,
1525894624.1098,0.99930000,200.00000000,b,m,
1525792460.4767,1.00100000,3.26834645,s,l,
1526037408.1455,0.99930000,341.03800000,s,l,
1526038264.1204,1.00040000,34.21944000,b,m,
1525894635.122,0.99930000,200.00000000,b,m,
1526009324.3992,0.99940000,15.00000000,b,m,
1525784677.8371,0.99980000,34.07740000,b,l,
1525867056.2117,0.99950000,75.00000000,b,l,
1526024657.5667,1.00010000,34.16856000,b,l,
1525856053.2374,0.99940000,32.12273000,b,l,
1525730807.6182,1.00000000,347.26600000,b,l,
1525725363.1536,0.99990000,34.02725000,b,m,
1525812408.6233,1.00000000,101.72787000,b,l,
1526016583.0216,0.99940000,33.18895000,b,l,
1525856170.5732,0.99940000,915.14700000,b,l,
1525989973.567,0.99910000,75.00000000,s,m,
1526033362.8752,1.00050000,75.00000000,b,l,
1525906295.3053,0.99930000,75.00000000,b,l,
1525894658.1659,0.99930000,200.00000000,b,m,
1525889333.7404,0.99940000,75.00000000,b,m,
1525730822.7561,1.00000000,172.30500000,b,l,
1525894669.6914,0.99930000,200.00000000,b,m,
1526009358.7824,0.99900000,6437.16749554,s,l,
1525730833.9958,0.99960000,10.88391000,s,l,
1526049985.1973,1.00010000,99.67200001,s,l,
1525856174.846,0.99930000,326.74700000,b,l,
1526035794.387,1.00000000,356.16600000,s,m,
1525894680.7402,0.99940000,97.72826000,b,m,
1525804142.0383,1.00100000,34.04077000,s,l,
1526009358.7872,0.99900000,0.00924731,s,l,
1526037125.5384,0.99950000,34.19779000,s,l,
1525872967.0895,0.99960000,33.59135000,b,m,
1525780003.9923,0.99810000,75.00000000,s,l,
1525894692.41,0.99930000,200.00000000,b,m,
1525730853.9203,0.99960000,10.88391000,s,l,
1526061507.4603,0.99990000,34.27250000,s,l,
1525780007.177,0.99780000,13076.38900000,s,l,
1525780009.0765,0.99780000,1013.37067780,s,l,
1525728577.2935,0.99940000,34.04795000,s,m,
1525993003.8146,0.99930000,267.89372560,s,m,
1525894703.1469,0.99930000,200.00000000,b,m,
1525747248.2709,0.99700000,0.15936192,s,m,
1525721846.9245,0.99980000,34.04206000,b,l,
1526035073.7455,1.00050000,34.21150000,s,l,
1526031343.7778,1.00000000,1641.34365000,s,m,
1526025780.0109,1.00020000,528.01300001,b,l,
1525778647.5304,0.99800000,33.60176000,s,m,
1525730871.6847,0.99960000,5.44195000,s,l,
1526025784.9862,1.00020000,433.85100000,b,l,
1526025785.3707,1.00020000,344.14600000,b,l,
1526027778.9525,1.00030000,34.17564000,b,l,
1525790464.3492,0.99920000,30.06946000,b,l,
1525960261.873,0.99950000,34.09649000,s,l,
1525894727.3598,0.99930000,200.00000000,b,m,
1526004917.9145,0.99910000,34.17497000,s,m,
1525841891.2351,1.00000000,10.39405090,b,l,
1525856183.5064,0.99900000,189.45500000,s,l,
1525780044.204,0.99880000,44.93204980,b,l,
1526044420.8501,1.00010000,2638.21000000,s,l,
1526034690.6038,1.00010000,967.44300000,s,l,
1525992694.7773,0.99940000,34.16375000,s,m,
1525894738.1016,0.99930000,200.00000000,b,m,
1525921721.4899,1.00010000,7023.81000000,b,l,
1525770164.6667,0.99930000,33.60092000,b,l,
1525864584.4579,0.99960000,34.06815000,s,l,
1525890338.0518,0.99950000,34.08717000,b,m,
1525743670.0982,0.99970000,75.00000000,s,m,
1525937592.2637,0.99990000,476.23473872,b,l,
1525780063.0967,0.99880000,30.06795020,b,l,
1525855887.1334,0.99910000,33.58136000,s,l,
1526039955.4345,0.99930000,30.02642000,b,m,
1525879830.7702,0.99950000,14.64247317,s,l,
1525744753.7079,0.99970000,34.06337000,s,l,
1525882387.5354,0.99930000,33.59382000,b,m,
1525856188.1637,0.99900000,245.39100000,s,l,
1526034578.4253,1.00060000,302.43200000,b,l,
1525894763.8338,0.99930000,200.00000000,b,m,
1526060359.1561,0.99990000,34.25589000,b,m,
1525790464.3381,0.99920000,30.06946000,b,l,
1525733361.8344,0.99960000,34.04940000,s,l,
1525894774.8692,0.99930000,200.00000000,b,m,
1525981215.0967,0.99990000,0.50001611,b,l,
1526025493.1104,1.00030000,34.17004000,b,l,
1525856192.6393,0.99900000,396.63000000,s,l,
1525894786.4829,0.99930000,200.00000000,b,m,
1526025403.9976,1.00000000,0.21017507,s,m,
1526025655.2686,1.00000000,34.17195000,s,m,
1525722501.1243,0.99950000,0.04403306,s,l,
1525770164.6862,0.99930000,33.60092000,b,l,
1526038264.0266,0.99980000,75.00000000,b,m,
1525856058.7459,0.99940000,383.18236000,b,l,
1525894797.7384,0.99930000,200.00000000,b,m,
1525960261.8783,0.99950000,34.10741000,s,l,
1525963497.8745,0.99970000,34.10884000,b,l,
1525887809.8652,0.99910000,34.08565000,s,l,
1525946588.5459,0.99920000,34.10429000,s,m,
1525773803.3438,0.99910000,34.07476000,s,m,
1525721795.8398,0.99980000,34.04686000,s,m,
1525727671.9845,0.99990000,34.04260000,b,l,
1525833592.4221,1.00000000,34.06139000,s,l,
1525872118.1517,0.99970000,34.07074000,s,m,
1525894820.8878,0.99930000,200.00000000,b,m,
1525856198.1887,0.99900000,175.54300000,s,l,
1525981215.0231,0.99990000,34.11627000,b,l,
1526039622.1061,0.99940000,19.11750194,s,l,
1525894832.6337,0.99930000,200.00000000,b,m,
1525790464.2608,0.99920000,30.06946000,b,l,
1525736863.3128,0.99960000,34.05672000,b,l,
1526060381.2651,1.00010000,34.24768000,b,m,
1525977175.6574,0.99920000,75.00000000,s,m,
1525894843.7671,0.99930000,200.00000000,b,m,
1525736756.3778,0.99900000,0.00000004,s,m,
1525856202.6232,0.99910000,75.00000000,s,l,
1525852516.5211,0.99940000,31.63078000,b,l,
1525864939.7329,0.99960000,20.29366000,s,l,
1525992694.7752,0.99940000,34.16375000,s,m,
1525852590.9392,0.99940000,8.47082000,s,l,
1525894855.3353,0.99930000,200.00000000,b,m,
1525747401.6088,0.99740000,1000.00000000,b,l,
1525747402.4956,0.99740000,1000.00000000,b,l,
1526032482.1077,1.00010000,75.00000000,s,l,
1525869294.8789,0.99990000,34.06906000,s,m,
1526025937.2591,1.00000000,34.17476000,s,l,
1526034800.5566,1.00060000,34.20822000,b,l,
1526010473.7268,0.99900000,34.15224000,s,l,
1525747413.199,0.99740000,75.00000000,s,l,
1525747414.4219,0.99720000,1000.00000000,b,l,
1525747415.7956,0.99720000,1000.00000000,b,l,
1525747416.0934,0.99720000,1000.00000000,b,l,
1525747417.2205,0.99720000,1000.00000000,b,l,
1526032230.6169,1.00040000,34.18247000,b,l,
1525747420.1869,0.99710000,6000.00000000,s,l,
1525894878.8374,0.99930000,200.00000000,b,m,
1526021273.6439,1.00030000,34.15622000,b,l,
1526060381.2865,1.00010000,34.25509000,b,m,
1525747426.9466,0.99670000,1000.00000000,b,l,
1525747428.8489,0.99670000,1000.00000000,b,l,
1525747429.1008,0.99670000,1000.00000000,b,l,
1525944038.9902,1.00000000,8332.01430000,b,m,
1525747431.6053,0.99670000,1000.00000000,b,l,
1525747432.4622,0.99690000,1000.00000000,b,l,
1525747433.7174,0.99660000,1000.00000000,b,l,
1525747437.7147,0.99660000,1000.00000000,b,l,
1526037528.4381,0.99940000,155.53291975,s,l,
1525864585.4944,0.99960000,27.76312000,s,l,
1525747440.8491,0.99660000,1000.00000000,b,l,
1526025512.9527,1.00030000,34.17004000,b,l,
1525747442.1158,0.99660000,1000.00000000,b,l,
1525747444.8858,0.99670000,1000.00000000,b,l,
1525747445.2386,0.99670000,1000.00000000,b,l,
1525887809.8058,0.99930000,34.08565000,s,l,
1525747447.5583,0.99670000,1000.00000000,b,l,
1525747448.8716,0.99690000,1000.00000000,b,l,
1525747449.1261,0.99690000,1000.00000000,b,l,
1525747450.7234,0.99690000,1000.00000000,b,l,
1525894912.355,0.99930000,200.00000000,b,m,
1525780227.6035,0.99810000,75.00000000,s,l,
1526032520.5036,1.00010000,34.20025000,s,l,
1525897525.9171,0.99920000,34.09440000,s,m,
1525860023.1315,0.99970000,33.58448000,s,l,
1525747464.1797,0.99660000,75.00000000,s,l,
1525747465.0668,0.99620000,6000.00000000,b,l,
1525894922.5823,0.99930000,200.00000000,b,m,
1525747467.8053,0.99620000,289.29100000,b,l,
1525747468.7406,0.99620000,1000.00000000,b,l,
1525747469.0836,0.99620000,6000.00000000,b,l,
1525747470.6575,0.99740000,1000.00000000,b,l,
1525747471.9834,0.99740000,1000.00000000,b,l,
1525747472.8806,0.99740000,1000.00000000,b,l,
1525813010.3697,0.99930000,75.00000000,s,l,
1526042388.2572,0.99980000,75.00000000,s,l,
1526042391.5097,0.99960000,343.67559288,s,m,
1525925895.3685,0.99980000,5000.50029496,s,l,
1526046241.9363,1.00010000,34.24603000,b,l,
1526042814.4954,0.99990000,75.00000000,b,l,
1525738965.0817,0.99690000,13076.38900000,s,m,
1525747489.2603,0.99740000,75.00000000,b,l,
1525894946.2909,0.99930000,200.00000000,b,m,
1526016583.0193,0.99940000,33.18895000,b,l,
1525960261.8806,0.99930000,3.23617000,s,l,
1525757916.3663,0.99800000,33.60069000,b,l,
1525746859.2067,0.99890000,34.05478000,s,l,
1525894957.862,0.99930000,200.00000000,b,m,
1526026030.6569,1.00000000,1769.88900000,b,l,
1525845807.0854,1.00000000,19379.19664270,s,m,
1525887809.7694,0.99960000,75.00000000,s,l,
1526010473.6716,0.99910000,75.00000000,s,l,
1526032937.7166,1.00060000,162.31200000,b,l,
1526029721.3955,1.00020000,34.18228000,s,m,
1525975933.0987,0.99940000,34.13020000,s,l,
1525894981.8201,0.99930000,200.00000000,b,m,
1526033356.7274,1.00020000,1850.00000000,s,m,
1525894983.32,0.99930000,34.09057000,b,l,
1525736863.3297,0.99980000,75.00000000,b,l,
1525777348.6443,0.99950000,13.50987801,b,m,
1525990759.7236,1.00060000,34.11994000,b,l,
1526049740.9561,1.00020000,544.93286530,b,l,
1525894993.5619,0.99930000,200.00000000,b,m,
1525892082.1084,0.99910000,149.46689000,s,l,
1525852516.4849,0.99930000,31.63003000,b,l,
1525951889.1211,0.99980000,34.09893000,b,m,
1526042458.1564,0.99970000,75.00000000,s,l,
1525845851.8486,1.00000000,30.54031370,s,l,
1526042460.8205,0.99950000,209.89800000,s,l,
1526042461.2975,0.99950000,208.31800000,s,l,
1525856075.9935,0.99900000,313.63500000,s,l,
1525867056.2192,0.99960000,75.00000000,b,l,
1525778358.1595,0.99900000,3.39946072,s,l,
1525960548.2486,0.99910000,0.00045535,s,m,
1525982783.497,0.99930000,34.11945000,s,m,
1526042471.9997,0.99940000,34.26356000,s,l,
1526042472.0049,0.99940000,30.30552000,s,l,
1526034772.2662,1.00060000,75.04225000,b,l,
1525841596.8262,0.99930000,75.00000000,b,m,
1526004917.835,0.99920000,34.13215000,s,m,
1525864939.773,0.99920000,2374.35484000,s,l,
1525895027.7804,0.99930000,200.00000000,b,m,
1526041919.9901,0.99920000,12.04988848,s,l,
1525864426.3821,0.99980000,34.06641000,b,l,
1525895038.7414,0.99930000,200.00000000,b,m,
1525993003.8185,0.99920000,4642.87233029,s,m,
1525895043.3734,0.99930000,34.09067000,b,l,
1526042060.9201,0.99950000,30.02582000,b,m,
1525774878.7099,0.99950000,34.07386000,b,m,
1525723058.6855,0.99950000,34.02470000,s,m,
1526032230.6026,1.00040000,34.18247000,b,l,
1525727079.3445,0.99900000,0.00000013,s,m,
1525747602.9745,0.99740000,30.11081000,s,l,
1526061507.5413,0.99970000,34.27250000,s,l,
1525895061.9133,0.99930000,200.00000000,b,m,
1525727079.1939,0.99940000,34.02693000,s,m,
1525787579.2526,0.99920000,34.14089000,s,m,
1525813147.4917,0.99920000,75.00000000,s,l,
1525917716.4805,1.00000000,0.00043650,s,m,
1526004917.7789,1.00020000,34.13215000,s,m,
1525895072.7736,0.99930000,200.00000000,b,m,
1525856240.3677,0.99900000,140.99400000,s,l,
1525895077.7758,0.99930000,34.09072000,b,l,
1525998079.7552,0.99990000,34.13952000,b,l,
1525733361.8252,0.99960000,34.04936000,s,l,
1525970183.3445,0.99940000,75.00000000,s,m,
1525778297.1758,0.99950000,34.07673000,s,l,
1525942400.073,0.99980000,23.71957399,s,l,
1525895084.2157,0.99930000,200.00000000,b,m,
1525767427.28,0.99930000,33.11394000,b,m,
1525895094.6643,0.99930000,200.00000000,b,m,
1525809298.8958,1.00050000,34.04053000,s,l,
1525841891.2515,1.00000000,33.08861000,b,l,
1525744393.8899,0.99990000,34.05743000,b,l,
1525951889.1376,0.99980000,34.09893000,b,m,
1525872967.1254,0.99960000,33.59135000,b,m,
1525790464.3583,0.99960000,1626.33673174,b,l,
1525895106.9204,0.99930000,200.00000000,b,m,
1525960648.0512,0.99940000,155.43177615,s,m,
1526030037.3318,0.99940000,34.16872000,s,m,
1525895115.7392,0.99930000,34.09224000,b,l,
1525855868.1784,0.99980000,33.57591000,s,l,
1525993423.5859,0.99930000,75.00000000,s,m,
1525890337.9861,0.99950000,34.08717000,b,m,
1525804142.0408,1.00100000,34.04077000,s,l,
1526039279.225,0.99960000,162.88400000,s,l,
1525895130.2858,0.99930000,200.00000000,b,m,
1525736756.3466,0.99940000,34.04795000,s,m,
1526061507.5469,0.99960000,34.27250000,s,l,
1525895141.4882,0.99930000,200.00000000,b,m,
1525730641.9886,0.99990000,34.04815000,b,l,
1526032230.6311,1.00040000,34.18247000,b,l,
1525895147.0129,0.99930000,34.09230000,b,l,
1526025200.3836,1.00000000,9.99518257,s,l,
1525784677.9015,0.99980000,34.07936000,b,l,
1525981864.9571,1.00070000,925112.15761922,b,l,
1526032230.61,1.00040000,34.18247000,b,l,
1526024657.5089,1.00010000,34.16856000,b,l,
1525856254.27,0.99940000,162.76900000,b,l,
1525960981.937,0.99980000,0.00191045,b,l,
1526022221.1728,0.99990000,34.18593000,s,l,
1525895164.4792,0.99930000,200.00000000,b,m,
1525906295.3292,0.99940000,34.09842000,b,l,
1525906295.4154,0.99970000,34.09415000,b,l,
1525899532.18,0.99930000,34.09600000,s,l,
1525727079.293,0.99940000,34.02897000,s,m,
1525895175.4994,0.99930000,200.00000000,b,m,
1525895176.9127,0.99930000,34.09240000,b,l,
1525876429.3312,0.99950000,33.60304000,s,m,
1525725363.0466,0.99930000,34.03732000,b,m,
1525723279.0167,0.99930000,34.03531000,s,l,
1525895180.936,0.99920000,34.09057000,s,l,
1526060381.2276,1.00000000,2.03784056,b,m,
1526034693.7806,1.00070000,312.64607600,b,l,
1525992903.9829,0.99920000,34.13952000,s,m,
1525895187.3826,0.99930000,3.13754000,b,m,
1525981864.92,1.00010000,401367.86190001,b,l,
1526024657.5925,1.00010000,34.16856000,b,l,
1525854876.175,1.00000000,183.47500000,b,l,
1526034471.9288,1.00050000,34.19931000,b,l,
1526037530.0319,0.99930000,166.28100000,s,l,
1525882387.6244,0.99960000,33.59404000,b,m,
1525746426.539,0.99960000,34.06503000,b,m,
1525895198.8366,0.99920000,40.90597000,b,m,
1526035111.6764,1.00070000,213.94200000,b,l,
1526026275.2377,0.99990000,75.00000000,b,l,
1525784101.1235,0.99880000,34.09568000,s,m,
1525876429.3666,0.99950000,33.60304000,s,m,
1526042675.9631,0.99960000,75.00000000,b,l,
1525895222.3078,0.99930000,200.00000000,b,m,
1525899532.1526,0.99930000,34.09600000,s,l,
1525981215.0982,0.99990000,2499.49998389,b,l,
1525895232.5254,0.99930000,200.00000000,b,m,
1526026308.0319,0.99990000,75.00000000,b,l,
1525895240.3824,0.99920000,34.09415000,b,l,
1525946588.5034,0.99980000,1.00020004,s,m,
1525895243.3743,0.99920000,40.90585000,b,m,
1525744753.6503,0.99970000,34.06337000,s,l,
1525790464.2838,0.99920000,30.06946000,b,l,
1526027780.8608,1.00050000,34.17685000,b,l,
1526027778.8987,1.00030000,34.17476000,b,l,
1525960648.0807,0.99930000,75.00000000,s,m,
1525977175.655,0.99930000,75.00000000,s,m,
1526040081.6345,0.99920000,34.25189000,s,l,
1525757916.3515,0.99800000,30.07368000,b,l,
1525784677.8492,0.99980000,34.07936000,b,l,
1526056516.1653,0.99990000,620.44530892,b,l,
1525867195.5725,0.99990000,75.00000000,b,l,
1525744753.7723,0.99860000,34.05938000,s,l,
1526033928.8326,1.00060000,332.20300000,b,l,
1525890338.0116,0.99950000,34.08717000,b,m,
1525857083.401,0.99990000,16.73300117,s,l,
1526039621.8834,0.99940000,21.00985806,s,l,
1525856274.5715,0.99940000,235.65400000,b,l,
1525895278.8051,0.99930000,200.00000000,b,m,
1525725363.0525,0.99930000,34.03732000,b,m,
1526060381.3134,1.00010000,34.25509000,b,m,
1525895290.2888,0.99930000,200.00000000,b,m,
1525887809.8285,0.99930000,34.08565000,s,l,
1525746426.5774,0.99960000,34.06503000,b,m,
1525787579.1308,0.99930000,34.14089000,s,m,
1525892082.0985,0.99920000,75.00000000,s,l,
1526029721.4978,1.00000000,489.96100000,s,m,
1526025200.362,1.00000000,34.17780000,s,l,
1525895303.4602,0.99930000,200.00000000,b,m,
1526021273.5593,1.00030000,34.15622000,b,l,
1526026377.7709,0.99980000,75.00000000,b,l,
1526026378.9151,0.99990000,509.04600000,b,l,
1526050125.1563,0.99970000,34.24768000,s,m,
1525876775.1246,0.99970000,33.58818000,b,l,
1525856280.782,0.99900000,925.00000000,s,m,
1525895314.2297,0.99930000,200.00000000,b,m,
1525727671.9239,0.99990000,34.04260000,b,l,
1525895325.308,0.99930000,200.00000000,b,m,
1525841891.2652,1.00000000,33.08880000,b,l,
1526039622.1038,0.99940000,34.24079000,s,l,
1525725363.0414,0.99930000,34.03732000,b,m,
1526042789.2341,0.99970000,34.26295000,b,l,
1525895337.8604,0.99930000,200.00000000,b,m,
1525887809.8585,0.99930000,34.08565000,s,l,
1525895348.8116,0.99930000,200.00000000,b,m,
1526026421.9454,1.00010000,70.00000000,b,m,
1526058356.8065,0.99920000,34.25549000,s,m,
1525872967.1502,0.99960000,33.59135000,b,m,
1526042814.4912,0.99990000,2122.72079470,b,l,
1525895359.5901,0.99930000,200.00000000,b,m,
1526026433.3781,1.00010000,70.00000000,b,m,
1525903323.5999,0.99920000,33.12161000,b,l,
1525992694.7006,0.99940000,34.16374000,s,m,
1526034893.8359,1.00060000,21.47294162,b,l,
1525856289.6357,0.99940000,179.70700000,b,l,
1526039244.8352,0.99960000,28.12900000,s,l,
1525895370.3959,0.99930000,200.00000000,b,m,
1525744393.8788,0.99990000,34.05743000,b,l,
1526039245.0807,0.99960000,258.75272999,s,l,
1526024657.4753,1.00010000,34.16856000,b,l,
1525895381.1312,0.99930000,200.00000000,b,m,
1525856400.5168,0.99970000,32.12273000,b,l,
1525864939.753,0.99960000,33.58347000,s,l,
1525944538.7588,1.00000000,21825.48090000,b,l,
1526039247.1418,0.99960000,181.55672999,s,l,
1525781881.3537,0.99870000,74.99870840,b,l,
1525895392.7331,0.99930000,200.00000000,b,m,
1525855687.8438,1.00000000,191.17900000,b,l,
1525744753.5247,0.99970000,34.06649000,s,l,
1526025276.2145,1.00000000,34.17780000,s,l,
1526010473.7407,0.99900000,22.53414136,s,l,
1525882387.5832,0.99960000,33.59404000,b,m,
1525895404.0816,0.99930000,200.00000000,b,m,
1525780719.0262,0.99870000,30.06584000,b,l,
1525778358.1344,0.99910000,34.07685000,s,l,
1526039955.4934,0.99930000,30.02642000,b,m,
1525935339.7604,0.99950000,11.21545000,b,m,
1525974901.3269,1.00000000,0.00000080,s,m,
1525895414.717,0.99930000,200.00000000,b,m,
1525946588.5252,0.99930000,34.09835000,s,m,
1526024657.4685,1.00010000,34.16856000,b,l,
1525895426.4953,0.99930000,200.00000000,b,m,
1526050560.4679,0.99930000,75.00000000,s,m,
1526016582.9876,0.99920000,75.00000000,b,l,
1525895437.3788,0.99930000,200.00000000,b,m,
1525846286.976,1.00010000,61.38473095,b,l,
1526029721.4886,1.00000000,70.00000000,s,m,
1525894531.086,0.99930000,200.00000000,b,m,
1525960981.9158,0.99970000,34.10521000,b,l,
1525895448.9709,0.99930000,200.00000000,b,m,
1526055317.1837,0.99980000,34.25520000,b,m,
1525899532.1679,0.99930000,34.09600000,s,l,
1526032843.8757,1.00060000,233.03500000,b,l,
1525722501.1226,0.99950000,22.06056686,s,l,
1526036137.3227,1.00000000,34.22008000,s,m,
1526061507.4648,0.99990000,34.27250000,s,l,
1525895460.4133,0.99930000,200.00000000,b,m,
1526038264.1295,1.00040000,34.22018000,b,m,
1526034804.9437,1.00000000,205.62780000,s,l,
1525894478.7701,0.99920000,1475.06876351,s,m,
1525895471.6615,0.99930000,200.00000000,b,m,
1525961010.9612,0.99990000,7500.00000000,b,m,
1526031070.6093,1.00000000,0.00168888,s,l,
1525721954.6261,0.99990000,34.04206000,b,l,
1525722505.8864,1.00000000,1066.09700000,b,l,
1526025493.6878,1.00030000,188.01100000,b,l,
1525895483.3028,0.99930000,200.00000000,b,m,
1526034840.9653,1.00060000,84.37200000,b,l,
1525722506.3996,1.00000000,2051.02000000,b,l,
1525780906.6599,0.99850000,34.08463000,s,l,
1526034481.5613,1.00060000,437.23900000,b,l,
1525895495.3341,0.99930000,200.00000000,b,m,
1525990759.6863,0.99970000,31.68945000,b,l,
1526020046.8009,0.99940000,34.16595000,b,l,
1525895506.1806,0.99930000,200.00000000,b,m,
1525882095.4509,0.99900000,0.05500305,s,m,
1526029721.4221,1.00020000,34.18228000,s,m,
1526061507.4869,0.99980000,34.27250000,s,l,
1525951889.0381,0.99930000,34.10501000,b,m,
1525953843.9372,1.00000000,639.51400000,b,l,
1525942168.6503,0.99980000,34.09795000,b,m,
1525723058.6631,0.99980000,34.02425000,s,m,
1525867237.4629,1.00000000,33.58332000,b,l,
1525895520.9413,0.99930000,200.00000000,b,m,
1525977441.9891,0.99930000,75.00000000,s,m,
1526039278.749,0.99960000,290.63500000,s,l,
1525951889.064,0.99940000,34.10494000,b,m,
1525846378.9623,1.00000000,626.65260000,s,l,
1525872118.2061,0.99960000,34.07457000,s,m,
1526024657.4567,1.00000000,622.43500000,b,l,
1525895534.1994,0.99930000,200.00000000,b,m,
1526004917.9078,0.99910000,34.17497000,s,m,
1526032404.2272,1.00040000,119.51497618,b,l,
1525725362.9761,0.99930000,34.03732000,b,m,
1525927315.8208,0.99940000,34.10571000,s,l,
1525971528.1341,0.99970000,34.10858000,b,l,
1525780854.9589,0.99860000,58.19212000,b,l,
1525895545.6461,0.99930000,200.00000000,b,m,
1525872967.0787,0.99960000,33.59135000,b,m,
1525944896.0629,0.99990000,75.00000000,b,m,
1526022221.1129,0.99990000,34.18593000,s,l,
1525780863.2386,0.99860000,16.80782400,b,l,
1525778121.0406,0.99980000,34.05499000,b,l,
1525737051.115,0.99900000,0.00000139,s,m,
1526042060.9649,0.99990000,30.02432000,b,m,
1525895557.5269,0.99930000,200.00000000,b,m,
1525856321.2241,0.99940000,104.50000000,b,l,
1525957929.4265,0.99970000,75.00000000,b,l,
1525811670.9519,0.99920000,20.25948104,s,m,
1526029981.8475,0.99990000,34.18228000,s,m,
1525895569.1818,0.99930000,200.00000000,b,m,
1525721846.9219,0.99980000,34.04206000,b,l,
1525903548.3728,0.99900000,0.06496034,s,m,
1526039278.6478,0.99960000,209.60200000,s,l,
1526061507.5346,0.99980000,34.27250000,s,l,
1525787579.2405,0.99920000,34.14089000,s,m,
1526039279.2927,0.99940000,13.22729194,s,l,
1525780892.6223,0.99870000,34.08386000,b,l,
1525895581.0782,0.99930000,200.00000000,b,m,
1526034736.6097,1.00020000,34.20585000,s,l,
1525813667.1727,0.99900000,0.03579731,s,m,
1525998079.7067,0.99990000,34.13952000,b,l,
1525895592.2142,0.99930000,200.00000000,b,m,
1525746426.612,0.99960000,34.06503000,b,m,
1525780906.6718,0.99810000,48.48050000,s,l,
1525867056.2649,0.99980000,33.58347000,b,l,
1525746859.193,0.99890000,34.05478000,s,l,
1525897603.0994,0.99930000,34.09568000,b,m,
1526033939.83,1.00060000,172.88700000,b,l,
1526032950.319,1.00060000,210.04900000,b,l,
1525890338.0205,0.99950000,34.08717000,b,m,
1525982783.4309,0.99970000,75.00000000,s,m,
1525784677.8598,0.99980000,34.07936000,b,l,
1525995049.617,0.99930000,34.14649000,b,l,
1525780926.215,0.99820000,34.09112000,s,l,
1525872967.0648,0.99960000,33.59135000,b,m,
1526046241.9432,1.00020000,14089.75967780,b,l,
1525738965.0678,0.99840000,13.01346000,s,m,
1525901005.3961,0.99900000,1679.85800000,s,l,
1526010473.7144,0.99900000,34.15514000,s,l,
1525746426.499,0.99960000,34.06503000,b,m,
1525874635.2556,0.99990000,13076.38900000,b,l,
1526032432.3778,1.00000000,34.19779000,s,l,
1525960648.0899,0.99910000,0.00885931,s,m,
1525790800.1117,0.99890000,75.00000000,s,m,
1525780962.5556,0.99920000,75.00000000,b,l,
1525733361.8161,0.99960000,34.04936000,s,l,
1526038264.1158,1.00040000,34.21944000,b,m,
1525990759.7304,1.00060000,34.11994000,b,l,
1525790464.2904,0.99920000,30.06946000,b,l,
1525746426.5296,0.99960000,34.06503000,b,m,
1525784677.8045,0.99920000,30.06675000,b,l,
1525852806.9804,0.99910000,706.51500000,s,l,
1526026738.9994,0.99980000,75.00000000,b,l,
1525780980.9424,0.99830000,34.08937000,s,l,
1525725363.0619,0.99930000,34.03732000,b,m,
1525725363.0501,0.99930000,34.03732000,b,m,
1525834495.8554,0.99970000,75.00000000,b,l,
1526039279.2857,0.99940000,34.23562000,s,l,
1525804142.0629,1.00100000,75.00000000,s,l,
1525780991.4733,0.99830000,22.24190667,s,l,
1526034627.2164,1.00060000,34.19801000,b,l,
1525906295.3268,0.99940000,34.09842000,b,l,
1526032663.7648,1.00060000,278.37473000,b,l,
1526058356.7977,0.99960000,75.00000000,s,m,
1525895180.9189,0.99920000,34.09058000,s,l,
1525725363.1395,0.99990000,34.02725000,b,m,
1525940182.1718,0.99950000,34.09162000,s,m,
1526041091.6963,0.99940000,75.00000000,b,l,
1525856088.168,0.99940000,189.35100000,b,l,
1526049985.1927,1.00010000,767.38665938,s,l,
1525797396.1574,1.00110000,20.00000000,b,m,
1525722327.2972,0.99950000,34.04206000,s,m,
1526061507.5322,0.99980000,34.27250000,s,l,
1525804142.0477,1.00100000,34.04041000,s,l,
1525882387.6067,0.99960000,33.59404000,b,m,
1525781022.8218,0.99900000,74.99922040,b,l,
1526025493.1184,1.00030000,34.17004000,b,l,
1525771754.4179,0.99940000,34.05097000,s,m,
1526026787.9271,0.99980000,75.00000000,b,l,
1525890337.9751,0.99950000,34.08717000,b,m,
1525998079.6851,0.99990000,34.13952000,b,l,
1525846572.966,1.00000000,150.02500380,s,l,
1525995049.6248,0.99930000,34.14649000,b,l,
1526034489.2055,1.00060000,284.05100000,b,l,
1525744393.8201,0.99990000,34.05790000,b,l,
1525981215.0861,0.99990000,0.23151016,b,l,
1525722505.64,0.99980000,34.02470000,b,l,
1526026815.8947,0.99980000,75.00000000,b,l,
1525944896.0889,1.00000000,3382.12680000,b,m,
1525860023.1339,0.99970000,33.58568000,s,l,
1525972749.2649,1.00000000,9.78595671,s,m,
1525846597.3605,1.00000000,164.89436730,s,l,
1525889121.3937,0.99940000,75.00000000,b,m,
1526025655.2428,1.00000000,34.17118000,s,m,
1525780962.5636,0.99920000,908.65100000,b,l,
1525790464.1784,0.99920000,33.12803000,b,l,
1525796280.3481,1.00110000,1.11116047,s,m,
1525855881.4111,0.99920000,34.06263000,s,l,
1525982783.5189,0.99930000,34.11945000,s,m,
1525782124.1754,0.99940000,34.08937000,b,l,
1526043228.6943,1.00010000,1350.00000000,s,l,
1525779898.3374,0.99880000,75.00000000,s,l,
1525805310.4775,1.00080000,34.04214000,b,m,
1526034445.0797,1.00010000,34.19871000,s,l,
1525733361.8639,0.99960000,34.04614000,s,l,
1525744753.7658,0.99860000,34.05938000,s,l,
1525744753.7213,0.99970000,34.06298000,s,l,
1526010473.6865,0.99900000,30.02943000,s,l,
1525856359.2636,0.99940000,161.87000000,b,l,
1526050125.1807,0.99940000,34.26252000,s,m,
1525897603.0942,0.99930000,34.09568000,b,m,
1525797488.4519,1.00100000,0.00001568,s,m,
1525744393.8096,0.99980000,34.05743000,b,l,
1525971528.1386,0.99970000,34.10858000,b,l,
1525982783.449,0.99930000,34.11945000,s,m,
1526034588.7884,1.00050000,48.21739197,b,l,
1525773803.3855,0.99900000,34.07151000,s,m,
1525937594.9956,1.00000000,34.08283000,b,l,
1525746426.4804,0.99960000,34.06503000,b,m,
1526026308.0396,0.99990000,938.20280074,b,l,
1525856053.2658,0.99940000,9.57141000,b,l,
1525893237.0893,0.99950000,27.50186036,b,l,
1525970183.5576,0.99920000,34.10819000,s,m,
1525723058.656,0.99980000,34.02435000,s,m,
1525746859.2302,0.99890000,34.05478000,s,l,
1525722327.279,0.99980000,34.03732000,s,m,
1525946588.5954,0.99920000,11632.13954624,s,m,
1525892082.0953,0.99930000,75.00000000,s,l,
1525867056.2293,0.99980000,33.58248000,b,l,
1525970183.5261,0.99930000,34.10915000,s,m,
1525727671.9687,0.99990000,34.04260000,b,l,
1525813917.9551,1.00030000,1531.36583929,b,l,
1525833592.4165,1.00000000,34.06139000,s,l,
1525872118.1471,0.99970000,34.07074000,s,m,
1525746859.1399,0.99890000,34.05478000,s,l,
1525992903.9763,0.99950000,75.00000000,s,m,
1525736756.3759,0.99900000,0.00001808,s,m,
1525813936.3033,1.00040000,1400.00000000,b,m,
1525835362.595,0.99960000,33.08861000,s,l,
1525960981.8868,0.99970000,34.10396000,b,l,
1525846711.0271,1.00000000,686.40700000,s,l,
1525990759.6448,0.99970000,34.12623000,b,l,
1525912253.0726,1.00010000,10000.00000000,b,l,
1525852516.5109,0.99940000,31.63078000,b,l,
1525784677.9044,0.99980000,34.07936000,b,l,
1525992694.7482,0.99940000,34.16375000,s,m,
1525813956.4676,1.00040000,50.00000000,b,m,
1526042388.6051,0.99960000,242.00100000,s,l,
1525981215.0101,0.99990000,34.11627000,b,l,
1526042060.9157,0.99950000,30.02582000,b,m,
1526034610.0394,1.00060000,34.18732000,b,l,
1525869294.8715,0.99990000,34.06906000,s,m,
1526025270.8688,1.00000000,34.17780000,s,l,
1526036131.4487,0.99990000,691.18692000,s,l,
1525848185.9083,1.00000000,13076.38900000,s,l,
1525990759.6,0.99970000,34.12623000,b,l,
1525736756.3648,0.99940000,34.04795000,s,m,
1526027780.8707,1.00050000,34.16896000,b,l,
1526033934.3414,1.00060000,279.10700000,b,l,
1525855887.1367,0.99910000,33.58136000,s,l,
1525848188.6094,1.00000000,13076.38900000,s,l,
1525856381.787,0.99950000,223.27000000,b,l,
1526031343.7938,0.99950000,34.18311000,s,m,
1525869805.4987,1.00000000,34.07108000,b,l,
1526039955.4216,0.99930000,30.02642000,b,m,
1525738965.0847,0.99630000,2010.00000000,s,m,
1525971528.2303,0.99990000,2500.00000000,b,l,
1526022221.0623,0.99990000,34.16616000,s,l,
1525854881.3034,1.00000000,165.63100000,b,l,
1525767427.3072,0.99930000,33.60092000,b,m,
1526034589.979,1.00020000,75.00000000,s,l,
1526029721.5073,1.00000000,3.42742634,s,m,
1526033928.8693,1.00060000,370.66500000,b,l,
1525797488.4389,1.00100000,1971.05788423,s,m,
1525848195.7056,0.99990000,34.06180000,s,l,
1525946862.9266,0.99910000,34.10335000,s,m,
1525975995.688,0.99910000,34.11716000,s,l,
1525785393.4029,0.99940000,75.00000000,s,l,
1525792469.1329,1.00100000,13076.38900000,s,l,
1525960261.8532,0.99970000,34.10741000,s,l,
1525752810.543,0.99760000,30.07127000,s,l,
1525998079.7411,0.99990000,34.13952000,b,l,
1525864584.4601,0.99960000,34.06815000,s,l,
1526034371.3315,1.00060000,78.75889000,b,l,
1525887809.8422,0.99930000,34.08565000,s,l,
1525864585.5013,0.99960000,33.57054000,s,l,
1525773803.3325,0.99910000,34.07476000,s,m,
1525814635.5466,1.00010000,349.27134902,s,m,
1525730641.9771,0.99990000,34.04815000,b,l,
1525852590.9229,0.99940000,33.58402000,s,l,
1525975933.1137,0.99940000,34.13020000,s,l,
1526052702.9185,0.99940000,30.02883000,b,m,
1525848203.0699,0.99980000,6137.57600000,b,l,
1526034615.8188,1.00060000,16.16292399,b,l,
1526022221.11,0.99990000,34.18593000,s,l,
1525856476.3123,0.99990000,5.22404000,b,l,
1525990759.663,0.99970000,34.12623000,b,l,
1525993423.6169,0.99900000,22981.61560413,s,m,
1525852599.0913,0.99940000,33.58402000,s,l,
1526043473.5267,1.00000000,2817.69931638,s,m,
1525834665.348,0.99950000,75.00000000,s,l,
1525981215.0747,0.99990000,34.11778000,b,l,
1525951889.151,0.99980000,34.09893000,b,m,
1525856099.9482,0.99940000,107.67900000,b,l,
1526004917.8443,0.99910000,34.17497000,s,m,
1526035590.9791,1.00010000,34.21152000,s,m,
1526043228.6831,1.00020000,75.00000000,s,l,
1525856400.5191,0.99980000,132.02862000,b,l,
1525981864.9537,1.00050000,13076.38900000,b,l,
1525867472.9811,1.00010000,2453.39151093,b,l,
1525773803.3214,0.99910000,34.07476000,s,m,
1526033895.2415,1.00060000,172.35500000,b,l,
1526039955.482,0.99930000,30.02642000,b,m,
