time,price,volume,buy_or_sell,market_or_limit,misc
194360,USDTUSD,1525721451.7608,0.9999,34.0309,b,l,None
202215,USDTUSD,1525721451.7629998,0.9999,34.0309,b,l,None
198947,USDTUSD,1525721451.7657,0.9999,34.0309,b,l,None
197812,USDTUSD,1525721451.7681,0.9999,34.02036,b,l,None
197276,USDTUSD,1525721451.7708,1.0,602.73311523,b,l,None
198356,USDTUSD,1525721451.7736,1.0,37.4354654,b,l,None
194263,USDTUSD,1525721451.7795,1.0,359.83141937,b,l,None
201220,USDTUSD,1525721451.7827,1.0,1457.70173287,b,l,None
198948,USDTUSD,1525721452.2613,1.0,13076.389,b,l,None
198950,USDTUSD,1525721454.9569,1.0,13076.389,b,l,None
198952,USDTUSD,1525721456.1453,1.0,13076.389,b,l,None
198965,USDTUSD,1525721472.2063,1.0,13076.389,b,l,None
201305,USDTUSD,1525721473.4783,1.0,13076.389,b,l,None
201317,USDTUSD,1525721476.2951,1.0,13076.389,b,l,None
198972,USDTUSD,1525721481.8834,1.0,112.73152083,b,l,None
198990,USDTUSD,1525721517.4151,1.0,13076.389,b,l,None
194500,USDTUSD,1525721518.8449,1.0,6894.8437463,b,l,None
201444,USDTUSD,1525721518.8489,1.0,2891.34469442,b,l,None
198698,USDTUSD,1525721518.8522,1.0,3290.20055928,b,l,None
198994,USDTUSD,1525721521.8178,1.0,13076.389,b,l,None
198995,USDTUSD,1525721523.5386,1.0,38.45539634,b,l,None
201351,USDTUSD,1525721523.542,1.0,0.07675728,b,l,None
201634,USDTUSD,1525721523.5439,1.0,8.71e-05,b,l,None
201460,USDTUSD,1525721523.5476,1.0,99.8003992,b,l,None
198782,USDTUSD,1525721523.5501,1.0,0.1992024,b,l,None
202322,USDTUSD,1525721523.552,1.0,0.0003976,b,l,None
200934,USDTUSD,1525721523.5538,1.0,8e-07,b,l,None
199527,USDTUSD,1525721523.5577,1.0,486.2096998,b,l,None
194929,USDTUSD,1525721523.5601,1.0,0.9703002,b,l,None
198651,USDTUSD,1525721523.5632,1.0,12450.67675928,b,l,None
194979,USDTUSD,1525721526.7570002,1.0,3061.749166,b,l,None
195593,USDTUSD,1525721526.7602,1.0,3.66969537,b,l,None
201469,USDTUSD,1525721526.7626,1.0,0.00437935,b,l,None
198996,USDTUSD,1525721526.7679,1.0,10010.96575928,b,l,None
199000,USDTUSD,1525721530.45,1.0,13076.389,b,l,None
198413,USDTUSD,1525721795.8369,0.9998,34.04686,s,m,None
195823,USDTUSD,1525721795.8398,0.9998,34.04686,s,m,None
200617,USDTUSD,1525721795.8422,0.9998,34.04686,s,m,None
196951,USDTUSD,1525721795.8446,0.9998,34.04686,s,m,None
195077,USDTUSD,1525721795.8472,0.9998,34.04686,s,m,None
199910,USDTUSD,1525721795.8498,0.9998,34.04686,s,m,None
202140,USDTUSD,1525721795.8526,0.9998,34.04686,s,m,None
198374,USDTUSD,1525721795.8553,0.9998,34.04686,s,m,None
197414,USDTUSD,1525721795.8577,0.9998,34.04686,s,m,None
202254,USDTUSD,1525721795.86,0.9998,34.04686,s,m,None
200765,USDTUSD,1525721795.8625,0.9998,34.04686,s,m,None
201828,USDTUSD,1525721795.8647,0.9998,34.04686,s,m,None
195552,USDTUSD,1525721795.8669,0.9998,34.04686,s,m,None
201886,USDTUSD,1525721795.8694,0.9998,34.04686,s,m,None
197895,USDTUSD,1525721795.8720002,0.9998,34.04686,s,m,None
199175,USDTUSD,1525721795.8746,0.9994,911.86863493,s,m,None
197886,USDTUSD,1525721795.8767,0.9994,1.82009708,s,m,None
195332,USDTUSD,1525721795.8789,0.9994,0.00356799,s,m,None
194316,USDTUSD,1525721846.9060001,0.9998,34.04206,b,l,None
199206,USDTUSD,1525721846.9098,0.9998,34.04206,b,l,None
195428,USDTUSD,1525721846.9125,0.9998,34.04206,b,l,None
194751,USDTUSD,1525721846.9152,0.9998,34.04206,b,l,None
198527,USDTUSD,1525721846.9191,0.9998,34.04206,b,l,None
196188,USDTUSD,1525721846.9219,0.9998,34.04206,b,l,None
195768,USDTUSD,1525721846.9245,0.9998,34.04206,b,l,None
197963,USDTUSD,1525721846.9292,0.9998,34.04206,b,l,None
196408,USDTUSD,1525721846.9322,0.9998,34.04206,b,l,None
195684,USDTUSD,1525721846.9349,0.9998,34.04206,b,l,None
194452,USDTUSD,1525721846.9385,1.0,12735.9684,b,l,None
199208,USDTUSD,1525721849.8741,1.0,13076.389,b,l,None
199209,USDTUSD,1525721850.8389,1.0,13076.389,b,l,None
196140,USDTUSD,1525721954.6261,0.9999,34.04206,b,l,None
194387,USDTUSD,1525721954.6296,0.9999,34.04206,b,l,None
199268,USDTUSD,1525721954.6319,0.9999,34.04526,b,l,None
197209,USDTUSD,1525721954.6341,0.9999,26.5599349,b,l,None
200613,USDTUSD,1525722327.2655,0.9998,34.04526,s,m,None
195559,USDTUSD,1525722327.2696,0.9998,34.04526,s,m,None
197487,USDTUSD,1525722327.2728,0.9998,34.04526,s,m,None
195617,USDTUSD,1525722327.2765,0.9998,34.04526,s,m,None
196303,USDTUSD,1525722327.279,0.9998,34.03732,s,m,None
202135,USDTUSD,1525722327.2815,0.9998,34.03732,s,m,None
199682,USDTUSD,1525722327.2846,0.9998,34.03732,s,m,None
198886,USDTUSD,1525722327.2874,0.9998,34.03732,s,m,None
196497,USDTUSD,1525722327.2899,0.9998,34.03732,s,m,None
198864,USDTUSD,1525722327.2924,0.9995,34.04206,s,m,None
194895,USDTUSD,1525722327.2949,0.9995,34.04206,s,m,None
196249,USDTUSD,1525722327.2972,0.9995,34.04206,s,m,None
197641,USDTUSD,1525722327.2997,0.9995,34.04206,s,m,None
199443,USDTUSD,1525722327.3027,0.9995,34.04526,s,m,None
195068,USDTUSD,1525722327.3051,0.9995,0.41886,s,m,None
194471,USDTUSD,1525722501.1191,0.9995,33.6264,s,l,None
196130,USDTUSD,1525722501.1226,0.9995,22.06056686,s,l,None
195813,USDTUSD,1525722501.1243,0.9995,0.04403306,s,l,None
199541,USDTUSD,1525722501.1262,0.9995,8e-08,s,l,None
197034,USDTUSD,1525722505.6339,0.9998,34.0247,b,l,None
196264,USDTUSD,1525722505.64,0.9998,34.0247,b,l,None
199495,USDTUSD,1525722505.6428,0.9998,34.0247,b,l,None
197266,USDTUSD,1525722505.6451,0.9998,34.0247,b,l,None
199542,USDTUSD,1525722505.6474,0.9998,34.0247,b,l,None
200292,USDTUSD,1525722505.65,0.9998,34.0247,b,l,None
197283,USDTUSD,1525722505.6523,0.9998,34.0247,b,l,None
200437,USDTUSD,1525722505.6548,0.9998,34.0247,b,l,None
197455,USDTUSD,1525722505.6572,0.9998,34.0247,b,l,None
198363,USDTUSD,1525722505.6599,0.9998,34.0247,b,l,None
202201,USDTUSD,1525722505.6624,0.9998,34.0247,b,l,None
198761,USDTUSD,1525722505.6648,0.9998,34.0247,b,l,None
197923,USDTUSD,1525722505.6672,0.9999,6.9296,b,l,None
194735,USDTUSD,1525722505.6905,0.9999,0.5557251,b,l,None
202029,USDTUSD,1525722505.6936,0.9999,34.0247,b,l,None
198252,USDTUSD,1525722505.6963,0.9999,34.0247,b,l,None
195613,USDTUSD,1525722505.6996,1.0,1050.6338749,b,l,None
201942,USDTUSD,1525722505.7053,1.0,513.033,b,l,None
194768,USDTUSD,1525722505.7587,1.0,592.262,b,l,None
196141,USDTUSD,1525722505.8864,1.0,1066.097,b,l,None
197297,USDTUSD,1525722506.2266,1.0,352.917,b,l,None
196145,USDTUSD,1525722506.3996,1.0,2051.02,b,l,None
199637,USDTUSD,1525722686.2412,1.0,1900.0,b,m,None
198440,USDTUSD,1525723058.6233,0.9998,34.02435,s,m,None
197287,USDTUSD,1525723058.6269,0.9998,34.02435,s,m,None
197344,USDTUSD,1525723058.6298,0.9998,34.02435,s,m,None
202294,USDTUSD,1525723058.6324,0.9998,34.02435,s,m,None
196618,USDTUSD,1525723058.6352,0.9998,34.02435,s,m,None
196522,USDTUSD,1525723058.6377,0.9998,34.02435,s,m,None
198602,USDTUSD,1525723058.6405,0.9998,34.02435,s,m,None
194404,USDTUSD,1525723058.6432,0.9998,34.02435,s,m,None
196830,USDTUSD,1525723058.6455,0.9998,34.02435,s,m,None
194493,USDTUSD,1525723058.6479998,0.9998,34.02435,s,m,None
201246,USDTUSD,1525723058.6504,0.9998,34.02435,s,m,None
198001,USDTUSD,1525723058.6531,0.9998,34.02435,s,m,None
196301,USDTUSD,1525723058.6560001,0.9998,34.02435,s,m,None
195677,USDTUSD,1525723058.6584,0.9998,34.02435,s,m,None
194696,USDTUSD,1525723058.6608,0.9998,34.02425,s,m,None
196158,USDTUSD,1525723058.6631,0.9998,34.02425,s,m,None
194363,USDTUSD,1525723058.6654,0.9998,34.02425,s,m,None
197593,USDTUSD,1525723058.6676,0.9998,34.02425,s,m,None
199830,USDTUSD,1525723058.6701,0.9998,34.02425,s,m,None
195717,USDTUSD,1525723058.6724,0.9998,34.02425,s,m,None
198758,USDTUSD,1525723058.6748,0.9995,11.94066,s,m,None
198983,USDTUSD,1525723058.6772,0.9995,34.04526,s,m,None
197513,USDTUSD,1525723058.6801,0.9995,34.0247,s,m,None
197615,USDTUSD,1525723058.6827,0.9995,34.0247,s,m,None
195950,USDTUSD,1525723058.6855,0.9995,34.0247,s,m,None
199752,USDTUSD,1525723058.6881,0.9995,34.02474,s,m,None
194694,USDTUSD,1525723058.6904,0.9995,34.02474,s,m,None
199858,USDTUSD,1525723058.6929,0.9994,34.04206,s,m,None
201430,USDTUSD,1525723058.6951,0.9994,34.04206,s,m,None
194292,USDTUSD,1525723058.6974,0.9994,34.04206,s,m,None
198745,USDTUSD,1525723058.6998,0.9994,34.04206,s,m,None
197390,USDTUSD,1525723058.7021,0.9993,34.03531,s,m,None
201850,USDTUSD,1525723058.7044,0.9993,34.03531,s,m,None
196801,USDTUSD,1525723058.7069,0.9993,34.03531,s,m,None
195070,USDTUSD,1525723058.7092,0.9993,34.03531,s,m,None
195283,USDTUSD,1525723058.7115,0.9993,34.03531,s,m,None
197770,USDTUSD,1525723058.7137,0.9993,2.05931,s,m,None
199993,USDTUSD,1525723278.9885,0.9993,31.976,s,l,None
198208,USDTUSD,1525723278.9989998,0.9993,34.03531,s,l,None
201742,USDTUSD,1525723279.0015,0.9993,34.03531,s,l,None
198530,USDTUSD,1525723279.0038,0.9993,34.03531,s,l,None
196805,USDTUSD,1525723279.0061,0.9993,34.03531,s,l,None
195079,USDTUSD,1525723279.0084,0.9993,34.03531,s,l,None
199941,USDTUSD,1525723279.0115,0.9993,34.03531,s,l,None
197577,USDTUSD,1525723279.0141,0.9993,34.03531,s,l,None
196011,USDTUSD,1525723279.0167,0.9993,34.03531,s,l,None
201353,USDTUSD,1525723279.0201,0.9993,34.03531,s,l,None
195438,USDTUSD,1525723279.0229998,0.9993,34.03531,s,l,None
199371,USDTUSD,1525723279.0255,0.9993,34.03531,s,l,None
200657,USDTUSD,1525723279.0278,0.9993,34.03531,s,l,None
194141,USDTUSD,1525723279.0314,0.9993,34.03531,s,l,None
200234,USDTUSD,1525723279.034,0.9993,34.03531,s,l,None
196886,USDTUSD,1525723279.0364,0.9993,34.03531,s,l,None
198657,USDTUSD,1525723279.0388,0.9991,34.0447,s,l,None
196915,USDTUSD,1525723279.0411,0.9991,34.0447,s,l,None
200850,USDTUSD,1525723279.0439,0.9991,34.0447,s,l,None
194816,USDTUSD,1525723279.0464,0.9991,34.0447,s,l,None
199061,USDTUSD,1525723279.0488,0.9991,34.0447,s,l,None
198295,USDTUSD,1525723279.0515,0.9991,34.0447,s,l,None
196676,USDTUSD,1525723279.0541,0.9991,34.0447,s,l,None
201146,USDTUSD,1525723279.0602,0.9991,34.0447,s,l,None
198211,USDTUSD,1525723279.0626,0.9991,34.0447,s,l,None
195095,USDTUSD,1525723279.0649,0.9991,34.0447,s,l,None
199994,USDTUSD,1525723279.0673,0.9991,34.0447,s,l,None
201645,USDTUSD,1525723279.0696,0.9991,34.0447,s,l,None
200842,USDTUSD,1525723279.0719,0.9991,34.0447,s,l,None
196394,USDTUSD,1525723279.0741,0.9991,14.88348303,s,l,None
197698,USDTUSD,1525723279.0759,0.9991,0.02970755,s,l,None
197228,USDTUSD,1525723279.0778,0.9991,5.93e-05,s,l,None
196784,USDTUSD,1525723279.0797,0.9991,1.2e-07,s,l,None
198619,USDTUSD,1525723439.1972,0.9991,19.13145,s,l,None
198967,USDTUSD,1525723439.2083,0.9991,34.0447,s,l,None
195169,USDTUSD,1525723439.2109,0.9991,903.28367172,s,l,None
200097,USDTUSD,1525723439.2129,0.9991,1e-08,s,l,None
197323,USDTUSD,1525723599.5661,0.9991,8995.0,s,m,None
196469,USDTUSD,1525725362.9419,0.9993,34.03732,b,m,None
194961,USDTUSD,1525725362.9706,0.9993,34.03732,b,m,None
197314,USDTUSD,1525725362.9735,0.9993,34.03732,b,m,None
196170,USDTUSD,1525725362.9761,0.9993,34.03732,b,m,None
195622,USDTUSD,1525725362.9788,0.9993,34.03732,b,m,None
200497,USDTUSD,1525725362.9813,0.9993,34.03732,b,m,None
201547,USDTUSD,1525725362.9841,0.9993,34.03732,b,m,None
202334,USDTUSD,1525725362.9871,0.9993,34.03732,b,m,None
200925,USDTUSD,1525725362.9897,0.9993,34.03732,b,m,None
198324,USDTUSD,1525725362.9929998,0.9993,34.03732,b,m,None
199160,USDTUSD,1525725362.9956,0.9993,34.03732,b,m,None
201252,USDTUSD,1525725362.9982,0.9993,34.03732,b,m,None
197832,USDTUSD,1525725363.0382,0.9993,34.03732,b,m,None
196077,USDTUSD,1525725363.0414,0.9993,34.03732,b,m,None
199595,USDTUSD,1525725363.044,0.9993,34.03732,b,m,None
196010,USDTUSD,1525725363.0466,0.9993,34.03732,b,m,None
196233,USDTUSD,1525725363.0501,0.9993,34.03732,b,m,None
196056,USDTUSD,1525725363.0525,0.9993,34.03732,b,m,None
194558,USDTUSD,1525725363.0555,0.9993,34.03732,b,m,None
201694,USDTUSD,1525725363.0587,0.9993,34.03732,b,m,None
196232,USDTUSD,1525725363.0619,0.9993,34.03732,b,m,None
198367,USDTUSD,1525725363.0649,0.9993,34.03732,b,m,None
197871,USDTUSD,1525725363.0682,0.9993,34.03732,b,m,None
202370,USDTUSD,1525725363.0713,0.9993,34.03732,b,m,None
199549,USDTUSD,1525725363.0743,0.9993,34.03732,b,m,None
200806,USDTUSD,1525725363.0777,0.9993,34.03732,b,m,None
195493,USDTUSD,1525725363.0803,0.9993,34.03732,b,m,None
196654,USDTUSD,1525725363.0826,0.9993,34.03732,b,m,None
197225,USDTUSD,1525725363.0854,0.9993,34.03732,b,m,None
199906,USDTUSD,1525725363.0888,0.9993,34.03732,b,m,None
194323,USDTUSD,1525725363.0914,0.9993,34.03732,b,m,None
199177,USDTUSD,1525725363.0939,0.9993,34.03794,b,m,None
199106,USDTUSD,1525725363.0965,0.9999,34.02725,b,m,None
198490,USDTUSD,1525725363.0989,0.9999,34.02725,b,m,None
199360,USDTUSD,1525725363.1018,0.9999,34.02725,b,m,None
201136,USDTUSD,1525725363.1057,0.9999,34.02725,b,m,None
201253,USDTUSD,1525725363.1091,0.9999,34.02725,b,m,None
196450,USDTUSD,1525725363.1117,0.9999,34.02725,b,m,None
201429,USDTUSD,1525725363.1160002,0.9999,34.02725,b,m,None
194648,USDTUSD,1525725363.1207,0.9999,34.02725,b,m,None
198385,USDTUSD,1525725363.1236,0.9999,34.02725,b,m,None
196645,USDTUSD,1525725363.1259,0.9999,34.02725,b,m,None
194808,USDTUSD,1525725363.1283,0.9999,34.02725,b,m,None
196668,USDTUSD,1525725363.1304,0.9999,34.02725,b,m,None
198416,USDTUSD,1525725363.1326,0.9999,34.02725,b,m,None
195482,USDTUSD,1525725363.1349,0.9999,34.02725,b,m,None
195720,USDTUSD,1525725363.1371,0.9999,34.02725,b,m,None
196243,USDTUSD,1525725363.1395,0.9999,34.02725,b,m,None
198283,USDTUSD,1525725363.1418,0.9999,34.02725,b,m,None
194345,USDTUSD,1525725363.1441,0.9999,34.02725,b,m,None
200528,USDTUSD,1525725363.1467,0.9999,34.02725,b,m,None
198966,USDTUSD,1525725363.1489,0.9999,34.02725,b,m,None
197888,USDTUSD,1525725363.1514,0.9999,34.02725,b,m,None
195737,USDTUSD,1525725363.1536,0.9999,34.02725,b,m,None
200222,USDTUSD,1525725363.1560001,1.0,34.04526,b,m,None
200078,USDTUSD,1525725363.1582,1.0,34.02435,b,m,None
196473,USDTUSD,1525725363.1605,1.0,34.02435,b,m,None
195278,USDTUSD,1525725363.1638,1.0,918.11168,b,m,None
196407,USDTUSD,1525727079.1636,0.9994,34.02693,s,m,None
200792,USDTUSD,1525727079.167,0.9994,34.02693,s,m,None
198436,USDTUSD,1525727079.1693,0.9994,34.02693,s,m,None
195315,USDTUSD,1525727079.1719,0.9994,34.02693,s,m,None
196567,USDTUSD,1525727079.1746,0.9994,34.02693,s,m,None
196430,USDTUSD,1525727079.1772,0.9994,34.02693,s,m,None
197878,USDTUSD,1525727079.1801,0.9994,34.02693,s,m,None
201248,USDTUSD,1525727079.1826,0.9994,34.02693,s,m,None
198442,USDTUSD,1525727079.1853,0.9994,34.02693,s,m,None
195451,USDTUSD,1525727079.1884,0.9994,34.02693,s,m,None
200152,USDTUSD,1525727079.1911,0.9994,34.02693,s,m,None
195956,USDTUSD,1525727079.1939,0.9994,34.02693,s,m,None
195124,USDTUSD,1525727079.1971,0.9994,34.02693,s,m,None
200807,USDTUSD,1525727079.1996,0.9994,34.02693,s,m,None
194190,USDTUSD,1525727079.2025,0.9994,34.02693,s,m,None
198186,USDTUSD,1525727079.205,0.9994,34.02693,s,m,None
197775,USDTUSD,1525727079.2076,0.9994,34.02659,s,m,None
202268,USDTUSD,1525727079.2106,0.9994,34.02659,s,m,None
200041,USDTUSD,1525727079.2134,0.9994,34.02659,s,m,None
197597,USDTUSD,1525727079.2159,0.9994,34.02659,s,m,None
202028,USDTUSD,1525727079.2183,0.9994,34.02659,s,m,None
199445,USDTUSD,1525727079.2205,0.9994,34.02659,s,m,None
196635,USDTUSD,1525727079.2229,0.9994,34.02659,s,m,None
195155,USDTUSD,1525727079.2253,0.9994,34.02659,s,m,None
201064,USDTUSD,1525727079.2275,0.9994,34.02659,s,m,None
196623,USDTUSD,1525727079.2303,0.9994,34.02659,s,m,None
200468,USDTUSD,1525727079.2331,0.9994,34.02659,s,m,None
197038,USDTUSD,1525727079.2358,0.9994,34.02659,s,m,None
194664,USDTUSD,1525727079.2383,0.9994,34.02659,s,m,None
201455,USDTUSD,1525727079.2410002,0.9994,34.02659,s,m,None
202129,USDTUSD,1525727079.2438,0.9994,34.02659,s,m,None
200180,USDTUSD,1525727079.2462,0.9994,34.02659,s,m,None
196589,USDTUSD,1525727079.2488,0.9994,34.02659,s,m,None
197292,USDTUSD,1525727079.2514,0.9994,34.02659,s,m,None
196761,USDTUSD,1525727079.2542,0.9994,34.02723,s,m,None
200642,USDTUSD,1525727079.2570002,0.9994,34.02723,s,m,None
201374,USDTUSD,1525727079.2593,0.9994,34.02897,s,m,None
200859,USDTUSD,1525727079.2624,0.9994,34.02897,s,m,None
194996,USDTUSD,1525727079.2651,0.9994,34.02897,s,m,None
197943,USDTUSD,1525727079.2786,0.9994,34.02897,s,m,None
196798,USDTUSD,1525727079.2813,0.9994,34.02897,s,m,None
197070,USDTUSD,1525727079.2835,0.9994,34.02897,s,m,None
195329,USDTUSD,1525727079.2858,0.9994,34.02897,s,m,None
201800,USDTUSD,1525727079.2882,0.9994,34.02897,s,m,None
197517,USDTUSD,1525727079.2906,0.9994,34.02897,s,m,None
196006,USDTUSD,1525727079.293,0.9994,34.02897,s,m,None
201321,USDTUSD,1525727079.2954,0.9994,34.02897,s,m,None
201969,USDTUSD,1525727079.2976,0.9994,34.02897,s,m,None
197227,USDTUSD,1525727079.3,0.9994,34.02897,s,m,None
202296,USDTUSD,1525727079.3023,0.9994,34.02897,s,m,None
198234,USDTUSD,1525727079.3047,0.9994,34.02897,s,m,None
197602,USDTUSD,1525727079.3074,0.9994,34.02897,s,m,None
200540,USDTUSD,1525727079.3098,0.9994,34.02897,s,m,None
200998,USDTUSD,1525727079.3122,0.9994,34.02897,s,m,None
198760,USDTUSD,1525727079.3145,0.9994,34.02897,s,m,None
196511,USDTUSD,1525727079.3167,0.9994,34.02897,s,m,None
199465,USDTUSD,1525727079.3344,0.9994,34.02897,s,m,None
201656,USDTUSD,1525727079.3377,0.999,8019.38889222,s,m,None
201979,USDTUSD,1525727079.3395,0.999,16.00676425,s,m,None
194976,USDTUSD,1525727079.3412,0.999,0.03194963,s,m,None
198007,USDTUSD,1525727079.3429,0.999,6.377e-05,s,m,None
195952,USDTUSD,1525727079.3445,0.999,1.3e-07,s,m,None
200114,USDTUSD,1525727671.8902,0.9999,34.0426,b,l,None
202012,USDTUSD,1525727671.894,0.9999,34.0426,b,l,None
197321,USDTUSD,1525727671.8968,0.9999,34.0426,b,l,None
200562,USDTUSD,1525727671.8998,0.9999,34.0426,b,l,None
196862,USDTUSD,1525727671.9024,0.9999,34.0426,b,l,None
194236,USDTUSD,1525727671.9048,0.9999,34.0426,b,l,None
201520,USDTUSD,1525727671.9077,0.9999,34.0426,b,l,None
195258,USDTUSD,1525727671.9102,0.9999,34.0426,b,l,None
194309,USDTUSD,1525727671.9131,0.9999,34.0426,b,l,None
194953,USDTUSD,1525727671.9155,0.9999,34.0426,b,l,None
201829,USDTUSD,1525727671.918,0.9999,34.0426,b,l,None
201369,USDTUSD,1525727671.9205,0.9999,34.0426,b,l,None
196073,USDTUSD,1525727671.9239,0.9999,34.0426,b,l,None
199692,USDTUSD,1525727671.9262,0.9999,34.0426,b,l,None
195563,USDTUSD,1525727671.9285,0.9999,34.0426,b,l,None
196515,USDTUSD,1525727671.9314,0.9999,34.0426,b,l,None
201234,USDTUSD,1525727671.9338,0.9999,34.0426,b,l,None
197415,USDTUSD,1525727671.9362,0.9999,34.0426,b,l,None
198355,USDTUSD,1525727671.9391,0.9999,34.0426,b,l,None
194790,USDTUSD,1525727671.9416,0.9999,34.0426,b,l,None
198568,USDTUSD,1525727671.9438,0.9999,34.0426,b,l,None
202141,USDTUSD,1525727671.946,0.9999,34.0426,b,l,None
197343,USDTUSD,1525727671.9482,0.9999,34.0426,b,l,None
200314,USDTUSD,1525727671.9505,0.9999,34.0426,b,l,None
201181,USDTUSD,1525727671.9529998,0.9999,34.0426,b,l,None
200618,USDTUSD,1525727671.9552,0.9999,34.0426,b,l,None
197134,USDTUSD,1525727671.9576,0.9999,34.0426,b,l,None
199155,USDTUSD,1525727671.9597,0.9999,34.0426,b,l,None
194200,USDTUSD,1525727671.9619,0.9999,34.0426,b,l,None
195302,USDTUSD,1525727671.9641,0.9999,34.0426,b,l,None
194226,USDTUSD,1525727671.9663,0.9999,34.0426,b,l,None
196308,USDTUSD,1525727671.9687,0.9999,34.0426,b,l,None
195127,USDTUSD,1525727671.9709,0.9999,34.0426,b,l,None
201028,USDTUSD,1525727671.9731,0.9999,34.0426,b,l,None
196952,USDTUSD,1525727671.9753,0.9999,34.0426,b,l,None
197940,USDTUSD,1525727671.9776,0.9999,34.0426,b,l,None
197187,USDTUSD,1525727671.98,0.9999,34.0426,b,l,None
201282,USDTUSD,1525727671.9822,0.9999,34.0426,b,l,None
195824,USDTUSD,1525727671.9845,0.9999,34.0426,b,l,None
199449,USDTUSD,1525727671.9868,0.9999,34.0426,b,l,None
197319,USDTUSD,1525727671.9889998,0.9999,34.0426,b,l,None
198824,USDTUSD,1525727671.9914,0.9999,34.0426,b,l,None
199899,USDTUSD,1525727671.9938,0.9999,34.0426,b,l,None
194893,USDTUSD,1525727671.9965,0.9999,34.0426,b,l,None
202102,USDTUSD,1525727671.9989,0.9999,34.0426,b,l,None
197391,USDTUSD,1525727672.0012,0.9999,34.0426,b,l,None
194742,USDTUSD,1525727672.0034,0.9999,34.0426,b,l,None
201512,USDTUSD,1525727672.0057,0.9999,34.0426,b,l,None
197482,USDTUSD,1525727672.008,0.9999,34.0426,b,l,None
201385,USDTUSD,1525727672.0102,0.9999,34.0426,b,l,None
196933,USDTUSD,1525727672.0124,0.9999,34.0426,b,l,None
196535,USDTUSD,1525727672.0147,0.9999,34.0426,b,l,None
199471,USDTUSD,1525727672.0169,0.9999,34.0426,b,l,None
194522,USDTUSD,1525727672.0192,0.9999,34.0426,b,l,None
194310,USDTUSD,1525727672.0215,0.9999,34.0426,b,l,None
202165,USDTUSD,1525727672.0237,0.9999,34.0426,b,l,None
195304,USDTUSD,1525727672.0262,0.9999,34.0426,b,l,None
201273,USDTUSD,1525727672.0292,1.0,459.5718,b,l,None
194656,USDTUSD,1525728438.0715,0.9995,446.143,s,l,None
194667,USDTUSD,1525728458.3144,0.9995,5177.784,s,l,None
195503,USDTUSD,1525728577.2636,0.9994,34.04795,s,m,None
197769,USDTUSD,1525728577.2674,0.9994,34.04795,s,m,None
200552,USDTUSD,1525728577.2698,0.9994,34.04795,s,m,None
197854,USDTUSD,1525728577.2723,0.9994,34.04795,s,m,None
198422,USDTUSD,1525728577.2745,0.9994,34.04795,s,m,None
194721,USDTUSD,1525728577.2770002,0.9994,34.04795,s,m,None
194152,USDTUSD,1525728577.2793,0.9994,34.04795,s,m,None
197592,USDTUSD,1525728577.2816,0.9994,34.04795,s,m,None
199778,USDTUSD,1525728577.284,0.9994,34.04795,s,m,None
199837,USDTUSD,1525728577.2864,0.9994,34.04795,s,m,None
197132,USDTUSD,1525728577.289,0.9994,34.04795,s,m,None
202075,USDTUSD,1525728577.2914,0.9994,34.04795,s,m,None
195764,USDTUSD,1525728577.2935,0.9994,34.04795,s,m,None
194440,USDTUSD,1525728577.2958,0.9994,34.04795,s,m,None
198263,USDTUSD,1525728577.2979999,0.9994,23.3287,s,m,None
198729,USDTUSD,1525729720.4343,0.9996,34.04712,s,l,None
195242,USDTUSD,1525729720.4375,0.9994,10.71925,s,l,None
195693,USDTUSD,1525729720.44,0.9994,34.04795,s,l,None
201476,USDTUSD,1525729720.4422,0.9994,34.04795,s,l,None
202079,USDTUSD,1525729720.4445,0.9994,34.04795,s,l,None
199032,USDTUSD,1525729720.4468,0.9994,34.04795,s,l,None
195020,USDTUSD,1525729720.449,0.9994,34.04795,s,l,None
201439,USDTUSD,1525729720.4514,0.9994,34.04795,s,l,None
202187,USDTUSD,1525729720.4537,0.9994,18.96581879,s,l,None
195251,USDTUSD,1525729769.3352,0.9994,15.08213121,s,l,None
195271,USDTUSD,1525729769.3404,0.9994,26.17016073,s,l,None
202318,USDTUSD,1525730641.9597,0.9999,34.04815,b,l,None
202283,USDTUSD,1525730641.9632,0.9999,34.04815,b,l,None
199628,USDTUSD,1525730641.9654,0.9999,34.04815,b,l,None
196660,USDTUSD,1525730641.9678,0.9999,34.04815,b,l,None
195009,USDTUSD,1525730641.9701,0.9999,34.04815,b,l,None
199556,USDTUSD,1525730641.9725,0.9999,34.04815,b,l,None
195440,USDTUSD,1525730641.9748,0.9999,34.04815,b,l,None
196366,USDTUSD,1525730641.9771,0.9999,34.04815,b,l,None
194955,USDTUSD,1525730641.9795,0.9999,34.04815,b,l,None
202328,USDTUSD,1525730641.9818,0.9999,34.04815,b,l,None
195649,USDTUSD,1525730641.984,0.9999,34.04815,b,l,None
197075,USDTUSD,1525730641.9862,0.9999,34.04815,b,l,None
195991,USDTUSD,1525730641.9886,0.9999,34.04815,b,l,None
201084,USDTUSD,1525730641.9913,0.9999,34.04815,b,l,None
199024,USDTUSD,1525730641.9936,0.9999,34.04815,b,l,None
197378,USDTUSD,1525730641.9977,1.0,6.25075,b,l,None
195650,USDTUSD,1525730642.3164,1.0,982.692,b,l,None
195725,USDTUSD,1525730783.2414,1.0,255.155,b,l,None
195736,USDTUSD,1525730807.6182,1.0,347.266,b,l,None
196434,USDTUSD,1525730807.6857,1.0,423.931,b,l,None
196441,USDTUSD,1525730811.585,1.0,1658.84,b,l,None
195746,USDTUSD,1525730822.7561,1.0,172.305,b,l,None
195749,USDTUSD,1525730833.9958,0.9996,10.88391,s,l,None
195760,USDTUSD,1525730853.9203,0.9996,10.88391,s,l,None
195773,USDTUSD,1525730871.6847,0.9996,5.44195,s,l,None
195036,USDTUSD,1525733361.7889,0.9998,75.0,s,l,None
198273,USDTUSD,1525733361.7921,0.9997,75.0,s,l,None
201716,USDTUSD,1525733361.7943,0.9996,6.83926,s,l,None
198481,USDTUSD,1525733361.7968,0.9996,34.04936,s,l,None
197464,USDTUSD,1525733361.7992,0.9996,34.04936,s,l,None
198041,USDTUSD,1525733361.8014,0.9996,34.04936,s,l,None
194625,USDTUSD,1525733361.8036,0.9996,34.04936,s,l,None
201578,USDTUSD,1525733361.8057,0.9996,34.04936,s,l,None
196993,USDTUSD,1525733361.8088,0.9996,34.04936,s,l,None
200793,USDTUSD,1525733361.811,0.9996,34.04936,s,l,None
198727,USDTUSD,1525733361.8136,0.9996,34.04936,s,l,None
196223,USDTUSD,1525733361.8161,0.9996,34.04936,s,l,None
201452,USDTUSD,1525733361.8184,0.9996,34.04936,s,l,None
196874,USDTUSD,1525733361.8206,0.9996,34.04936,s,l,None
198009,USDTUSD,1525733361.8228,0.9996,34.04936,s,l,None
195965,USDTUSD,1525733361.8252,0.9996,34.04936,s,l,None
202026,USDTUSD,1525733361.8276,0.9996,34.04936,s,l,None
195159,USDTUSD,1525733361.8309,0.9996,34.04936,s,l,None
195805,USDTUSD,1525733361.8344,0.9996,34.0494,s,l,None
202265,USDTUSD,1525733361.8367,0.9996,34.0494,s,l,None
202252,USDTUSD,1525733361.8404,0.9996,34.0494,s,l,None
194334,USDTUSD,1525733361.8429,0.9996,34.04946,s,l,None
194796,USDTUSD,1525733361.8467,0.9996,34.04946,s,l,None
197293,USDTUSD,1525733361.8489,0.9996,34.04946,s,l,None
198418,USDTUSD,1525733361.8513,0.9996,34.04946,s,l,None
194406,USDTUSD,1525733361.8538,0.9996,34.04946,s,l,None
197935,USDTUSD,1525733361.8561,0.9996,34.04946,s,l,None
200996,USDTUSD,1525733361.859,0.9996,105.0,s,l,None
196559,USDTUSD,1525733361.8616,0.9996,34.04614,s,l,None
196282,USDTUSD,1525733361.8639,0.9996,34.04614,s,l,None
202177,USDTUSD,1525733361.8663,0.9996,34.04614,s,l,None
198468,USDTUSD,1525733361.8686,0.9994,9.75496,s,l,None
197226,USDTUSD,1525734149.2428,0.9999,1647.3647,b,l,None
197376,USDTUSD,1525734471.4096,0.9997,75.0,s,l,None
196799,USDTUSD,1525734471.4141,0.9996,25.1001,s,l,None
200383,USDTUSD,1525736756.2804,0.9997,75.0,s,m,None
195245,USDTUSD,1525736756.3181,0.9996,8.95138,s,m,None
198029,USDTUSD,1525736756.3231,0.9996,34.05148,s,m,None
198788,USDTUSD,1525736756.3279,0.9996,34.05148,s,m,None
197724,USDTUSD,1525736756.3302,0.9996,34.05148,s,m,None
201069,USDTUSD,1525736756.3325,0.9996,34.05148,s,m,None
198412,USDTUSD,1525736756.3348,0.9996,34.05148,s,m,None
199670,USDTUSD,1525736756.3371,0.9996,34.05148,s,m,None
202331,USDTUSD,1525736756.3394,0.9994,24.29299,s,m,None
200781,USDTUSD,1525736756.3419,0.9994,34.04795,s,m,None
197422,USDTUSD,1525736756.3442,0.9994,34.04795,s,m,None
195988,USDTUSD,1525736756.3466,0.9994,34.04795,s,m,None
194222,USDTUSD,1525736756.3489,0.9994,34.04795,s,m,None
199819,USDTUSD,1525736756.3511,0.9994,34.04795,s,m,None
196552,USDTUSD,1525736756.3536,0.9994,34.04795,s,m,None
200489,USDTUSD,1525736756.3559,0.9994,34.04795,s,m,None
199450,USDTUSD,1525736756.3581,0.9994,34.04795,s,m,None
200416,USDTUSD,1525736756.3603,0.9994,34.04795,s,m,None
201098,USDTUSD,1525736756.3626,0.9994,34.04795,s,m,None
196334,USDTUSD,1525736756.3648,0.9994,34.04795,s,m,None
198200,USDTUSD,1525736756.3671,0.9994,34.04795,s,m,None
197372,USDTUSD,1525736756.3701,0.999,2274.42250499,s,m,None
194519,USDTUSD,1525736756.3721,0.999,4.53976548,s,m,None
197365,USDTUSD,1525736756.3738,0.999,0.00906141,s,m,None
196314,USDTUSD,1525736756.3759,0.999,1.808e-05,s,m,None
195837,USDTUSD,1525736756.3778,0.999,4e-08,s,m,None
201871,USDTUSD,1525736863.3022,0.9996,34.05672,b,l,None
200113,USDTUSD,1525736863.3072,0.9996,34.05672,b,l,None
199880,USDTUSD,1525736863.3098,0.9996,34.05672,b,l,None
195833,USDTUSD,1525736863.3128,0.9996,34.05672,b,l,None
199485,USDTUSD,1525736863.3169,0.9996,34.05672,b,l,None
202184,USDTUSD,1525736863.3209,0.9997,75.0,b,l,None
195560,USDTUSD,1525736863.3239,0.9998,44.24015656,b,l,None
199340,USDTUSD,1525736863.3268,0.9998,81.74015656,b,l,None
195919,USDTUSD,1525736863.3297,0.9998,75.0,b,l,None
197692,USDTUSD,1525736863.4333,0.9999,152.33063872,b,l,None
198450,USDTUSD,1525736863.4352,0.9999,0.30405317,b,l,None
195692,USDTUSD,1525736863.437,0.9999,0.0006069,b,l,None
198026,USDTUSD,1525736863.4387,0.9999,1.21e-06,b,l,None
194156,USDTUSD,1525736863.441,0.9999,401.10078688,b,l,None
201413,USDTUSD,1525737051.0812,0.9997,75.0,s,m,None
198371,USDTUSD,1525737051.0938,0.9997,75.0,s,m,None
196438,USDTUSD,1525737051.0965,0.9996,34.0579,s,m,None
197068,USDTUSD,1525737051.099,0.9996,34.0579,s,m,None
200818,USDTUSD,1525737051.1014,0.9996,34.0579,s,m,None
194794,USDTUSD,1525737051.1036,0.9996,34.0579,s,m,None
198506,USDTUSD,1525737051.1061,0.9996,34.0579,s,m,None
198533,USDTUSD,1525737051.1093,0.999,174.46157685,s,m,None
202019,USDTUSD,1525737051.1111,0.999,0.3482267,s,m,None
196464,USDTUSD,1525737051.113,0.999,0.00069506,s,m,None
196180,USDTUSD,1525737051.115,0.999,1.39e-06,s,m,None
198102,USDTUSD,1525738385.1827,0.9993,75.0,s,l,None
199294,USDTUSD,1525738385.1904,0.9993,75.0,s,l,None
198535,USDTUSD,1525738385.1926,0.9992,75.0,s,l,None
202111,USDTUSD,1525738385.1955,0.999,1122.76447106,s,l,None
198756,USDTUSD,1525738385.1976,0.999,2.24104685,s,l,None
202082,USDTUSD,1525738385.1997,0.999,0.00447314,s,l,None
201816,USDTUSD,1525738385.2018,0.999,8.93e-06,s,l,None
200379,USDTUSD,1525738385.2039,0.999,2e-08,s,l,None
198544,USDTUSD,1525738965.0526,0.999,20.02002002,s,m,None
201783,USDTUSD,1525738965.0569,0.9987,75.0,s,m,None
197683,USDTUSD,1525738965.0598,0.9986,75.0,s,m,None
198217,USDTUSD,1525738965.0622,0.9986,75.0,s,m,None
196985,USDTUSD,1525738965.0653,0.9985,13.01346,s,m,None
196214,USDTUSD,1525738965.0678,0.9984,13.01346,s,m,None
199972,USDTUSD,1525738965.0701,0.9981,6000.0,s,m,None
199572,USDTUSD,1525738965.0734,0.998,14089.7596778,s,m,None
200945,USDTUSD,1525738965.076,0.9978,3270.31343955,s,m,None
202004,USDTUSD,1525738965.079,0.9977,6.0,s,m,None
195901,USDTUSD,1525738965.0817,0.9969,13076.389,s,m,None
196343,USDTUSD,1525738965.0847,0.9963,2010.0,s,m,None
194427,USDTUSD,1525738965.0883,0.996,18.0,s,m,None
202229,USDTUSD,1525738965.0918,0.9956,21767.95503256,s,m,None
199736,USDTUSD,1525738965.0936,0.9956,43.44901205,s,m,None
194652,USDTUSD,1525738965.0953,0.9956,0.08672457,s,m,None
200917,USDTUSD,1525738965.0971,0.9956,0.0001731,s,m,None
197384,USDTUSD,1525738965.0988,0.9956,3.5e-07,s,m,None
200519,USDTUSD,1525739051.3520002,0.9985,75.0,b,l,None
199987,USDTUSD,1525739051.3563,0.9985,1120.0,b,l,None
198018,USDTUSD,1525740561.4538,0.9988,75.0,b,l,None
200538,USDTUSD,1525740561.4589999,0.9988,1281.40671978,b,l,None
198337,USDTUSD,1525740561.4615,0.9988,14089.7596778,b,l,None
201199,USDTUSD,1525740561.464,0.9989,75.0,b,l,None
201581,USDTUSD,1525740777.2087,0.9992,75.0,b,l,None
197803,USDTUSD,1525740777.2181,0.9993,34.05668,b,l,None
196410,USDTUSD,1525740777.2214,0.9994,13076.389,b,l,None
195019,USDTUSD,1525740777.2243,0.9995,565.70335989,b,l,None
201953,USDTUSD,1525740777.2266,0.9995,565.70335989,b,l,None
194526,USDTUSD,1525740777.2289,0.9996,34.05743,b,l,None
197316,USDTUSD,1525740777.2311,0.9996,34.05743,b,l,None
200189,USDTUSD,1525740777.2333,0.9996,34.05668,b,l,None
194317,USDTUSD,1525740777.2354,0.9996,34.05668,b,l,None
197088,USDTUSD,1525740777.2376,0.9996,34.05668,b,l,None
195137,USDTUSD,1525740777.2398,0.9996,34.05668,b,l,None
200460,USDTUSD,1525740777.2419,0.9996,34.05668,b,l,None
198261,USDTUSD,1525740777.2443,0.9996,34.05668,b,l,None
200778,USDTUSD,1525740777.2464,0.9996,34.05668,b,l,None
198187,USDTUSD,1525740777.2486,0.9996,34.05668,b,l,None
201515,USDTUSD,1525740777.2508,0.9996,34.05668,b,l,None
200648,USDTUSD,1525740777.2536,0.9996,10308.52262022,b,l,None
194448,USDTUSD,1525740918.7323,0.9995,37.5,b,l,None
200733,USDTUSD,1525740918.7358,0.9995,37.5,b,l,None
196570,USDTUSD,1525740918.7391,0.9996,4347.3602441,b,l,None
196409,USDTUSD,1525741721.0669,0.9996,7152.74697952,b,l,None
201400,USDTUSD,1525741721.0716,0.9996,2.85995481,b,l,None
198362,USDTUSD,1525741721.0744,0.9996,0.00114352,b,l,None
201472,USDTUSD,1525741721.0768,0.9996,4.6e-07,b,l,None
200817,USDTUSD,1525741721.0801,0.9996,34.0614,b,l,None
201231,USDTUSD,1525741721.0838,0.9996,34.0614,b,l,None
198998,USDTUSD,1525741721.0865,0.9996,34.0614,b,l,None
197108,USDTUSD,1525741721.0897,0.9996,34.0614,b,l,None
195792,USDTUSD,1525743670.0982,0.9997,75.0,s,m,None
194158,USDTUSD,1525743670.1041,0.9996,573.85229541,s,m,None
194566,USDTUSD,1525743670.106,0.9996,1.14541376,s,m,None
194267,USDTUSD,1525743670.1078,0.9996,0.00228626,s,m,None
195284,USDTUSD,1525743670.1097,0.9996,4.56e-06,s,m,None
201301,USDTUSD,1525744393.7545,0.9997,37.5,b,l,None
199863,USDTUSD,1525744393.7607,0.9998,34.05743,b,l,None
197082,USDTUSD,1525744393.7641,0.9998,34.05743,b,l,None
198219,USDTUSD,1525744393.7718,0.9998,34.05743,b,l,None
194442,USDTUSD,1525744393.7745,0.9998,34.05743,b,l,None
197756,USDTUSD,1525744393.7774,0.9998,34.05743,b,l,None
201947,USDTUSD,1525744393.7802,0.9998,34.05743,b,l,None
199002,USDTUSD,1525744393.783,0.9998,34.05743,b,l,None
198255,USDTUSD,1525744393.7857,0.9998,34.05743,b,l,None
197310,USDTUSD,1525744393.7884,0.9998,34.05743,b,l,None
194313,USDTUSD,1525744393.7908,0.9998,34.05743,b,l,None
196996,USDTUSD,1525744393.794,0.9998,34.05743,b,l,None
195444,USDTUSD,1525744393.7975,0.9998,34.05743,b,l,None
200953,USDTUSD,1525744393.8005,0.9998,34.05743,b,l,None
199383,USDTUSD,1525744393.803,0.9998,34.05743,b,l,None
197539,USDTUSD,1525744393.8052,0.9998,34.05743,b,l,None
199564,USDTUSD,1525744393.8073,0.9998,34.05743,b,l,None
196290,USDTUSD,1525744393.8096,0.9998,34.05743,b,l,None
199043,USDTUSD,1525744393.813,0.9999,34.05672,b,l,None
201733,USDTUSD,1525744393.8155,0.9999,34.05672,b,l,None
198190,USDTUSD,1525744393.8178,0.9999,34.0579,b,l,None
196262,USDTUSD,1525744393.8201,0.9999,34.0579,b,l,None
201395,USDTUSD,1525744393.8224,0.9999,34.0579,b,l,None
200644,USDTUSD,1525744393.8247,0.9999,34.0579,b,l,None
197311,USDTUSD,1525744393.8270001,0.9999,34.0579,b,l,None
199693,USDTUSD,1525744393.8302,0.9999,34.0579,b,l,None
194775,USDTUSD,1525744393.8347,0.9999,34.0579,b,l,None
199187,USDTUSD,1525744393.8369,0.9999,34.0579,b,l,None
195707,USDTUSD,1525744393.8395,0.9999,34.0579,b,l,None
198461,USDTUSD,1525744393.8417,0.9999,34.0579,b,l,None
194517,USDTUSD,1525744393.8439999,0.9999,34.0579,b,l,None
201806,USDTUSD,1525744393.8463,0.9999,34.0579,b,l,None
200510,USDTUSD,1525744393.8485,0.9999,34.0579,b,l,None
196637,USDTUSD,1525744393.8508,0.9999,34.0579,b,l,None
199513,USDTUSD,1525744393.853,0.9999,34.0579,b,l,None
195512,USDTUSD,1525744393.8552,0.9999,34.0579,b,l,None
198027,USDTUSD,1525744393.8575,0.9999,34.0579,b,l,None
199618,USDTUSD,1525744393.8598,0.9999,34.0579,b,l,None
198046,USDTUSD,1525744393.8624,0.9999,34.0579,b,l,None
201553,USDTUSD,1525744393.8648,0.9999,34.05743,b,l,None
198276,USDTUSD,1525744393.8672,0.9999,34.05743,b,l,None
196856,USDTUSD,1525744393.8695,0.9999,34.05743,b,l,None
194785,USDTUSD,1525744393.8718,0.9999,34.05743,b,l,None
198938,USDTUSD,1525744393.8744,0.9999,34.05743,b,l,None
202329,USDTUSD,1525744393.8766,0.9999,34.05743,b,l,None
196094,USDTUSD,1525744393.8788,0.9999,34.05743,b,l,None
194967,USDTUSD,1525744393.8809,0.9999,34.05743,b,l,None
202059,USDTUSD,1525744393.8831,0.9999,34.05743,b,l,None
196426,USDTUSD,1525744393.8853,0.9999,34.05743,b,l,None
199319,USDTUSD,1525744393.8875,0.9999,34.05743,b,l,None
195974,USDTUSD,1525744393.8899,0.9999,34.05743,b,l,None
195152,USDTUSD,1525744393.8924,0.9999,34.05743,b,l,None
198700,USDTUSD,1525744393.8949,0.9999,34.05743,b,l,None
194450,USDTUSD,1525744393.8976,0.9999,34.05743,b,l,None
200122,USDTUSD,1525744393.8998,0.9999,1317.69031078,b,l,None
202000,USDTUSD,1525744393.9083,0.9999,1182.30968922,b,l,None
194670,USDTUSD,1525744393.9105,0.9999,2500.0,b,l,None
197462,USDTUSD,1525744393.9134,1.0,75267.87677,b,l,None
201085,USDTUSD,1525744393.9165,1.0,22496.87759824,b,l,None
196391,USDTUSD,1525744393.9192,1.0,206886.025,b,l,None
196717,USDTUSD,1525744753.5196,0.9998,75.0,s,l,None
196105,USDTUSD,1525744753.5247,0.9997,34.06649,s,l,None
199737,USDTUSD,1525744753.5275,0.9997,34.06649,s,l,None
198064,USDTUSD,1525744753.5299,0.9997,34.06337,s,l,None
201196,USDTUSD,1525744753.5322,0.9997,34.06337,s,l,None
195660,USDTUSD,1525744753.5347,0.9997,34.06337,s,l,None
199502,USDTUSD,1525744753.5369,0.9997,34.06337,s,l,None
197315,USDTUSD,1525744753.5391,0.9997,34.06337,s,l,None
196504,USDTUSD,1525744753.5413,0.9997,34.06337,s,l,None
198610,USDTUSD,1525744753.621,0.9997,34.06337,s,l,None
201101,USDTUSD,1525744753.6249,0.9997,34.06337,s,l,None
200089,USDTUSD,1525744753.6279,0.9997,34.06337,s,l,None
200143,USDTUSD,1525744753.6304,0.9997,34.06337,s,l,None
199662,USDTUSD,1525744753.6328,0.9997,34.06337,s,l,None
196921,USDTUSD,1525744753.6353,0.9997,34.06337,s,l,None
197626,USDTUSD,1525744753.6383,0.9997,34.06337,s,l,None
200253,USDTUSD,1525744753.6411,0.9997,34.06337,s,l,None
197838,USDTUSD,1525744753.6437,0.9997,34.06337,s,l,None
200858,USDTUSD,1525744753.6460001,0.9997,34.06337,s,l,None
200264,USDTUSD,1525744753.6481,0.9997,34.06337,s,l,None
196038,USDTUSD,1525744753.6503,0.9997,34.06337,s,l,None
198330,USDTUSD,1525744753.6532,0.9997,34.06337,s,l,None
202240,USDTUSD,1525744753.6555,0.9997,34.06337,s,l,None
194230,USDTUSD,1525744753.6579,0.9997,34.06337,s,l,None
197159,USDTUSD,1525744753.6605,0.9997,34.06337,s,l,None
194867,USDTUSD,1525744753.6629999,0.9997,34.06337,s,l,None
201703,USDTUSD,1525744753.6653,0.9997,34.06337,s,l,None
197307,USDTUSD,1525744753.6678,0.9997,34.06337,s,l,None
201487,USDTUSD,1525744753.6703,0.9997,34.06337,s,l,None
197619,USDTUSD,1525744753.6727,0.9997,34.06337,s,l,None
195313,USDTUSD,1525744753.6752,0.9997,34.06337,s,l,None
194283,USDTUSD,1525744753.6779,0.9997,34.06337,s,l,None
199925,USDTUSD,1525744753.6801,0.9997,34.06337,s,l,None
200282,USDTUSD,1525744753.6823,0.9997,34.06337,s,l,None
195096,USDTUSD,1525744753.6845,0.9997,34.06337,s,l,None
198538,USDTUSD,1525744753.6868,0.9997,34.06337,s,l,None
202188,USDTUSD,1525744753.6889,0.9997,34.06337,s,l,None
198122,USDTUSD,1525744753.6915,0.9997,34.06337,s,l,None
201913,USDTUSD,1525744753.6946,0.9997,34.06337,s,l,None
197912,USDTUSD,1525744753.6972,0.9997,34.06337,s,l,None
194623,USDTUSD,1525744753.6993,0.9997,34.06337,s,l,None
194701,USDTUSD,1525744753.7014,0.9997,34.06337,s,l,None
202150,USDTUSD,1525744753.7037,0.9997,34.06337,s,l,None
200692,USDTUSD,1525744753.7058,0.9997,34.06337,s,l,None
195798,USDTUSD,1525744753.7079,0.9997,34.06337,s,l,None
197160,USDTUSD,1525744753.7101,0.9997,34.06337,s,l,None
195686,USDTUSD,1525744753.7125,0.9997,34.06337,s,l,None
197873,USDTUSD,1525744753.7147,0.9997,34.06337,s,l,None
200341,USDTUSD,1525744753.7168,0.9997,34.06337,s,l,None
194630,USDTUSD,1525744753.7191,0.9997,34.06298,s,l,None
196284,USDTUSD,1525744753.7213,0.9997,34.06298,s,l,None
201795,USDTUSD,1525744753.7235,0.9997,34.06298,s,l,None
202361,USDTUSD,1525744753.7259,0.9997,34.06298,s,l,None
198666,USDTUSD,1525744753.7283,0.9997,34.06298,s,l,None
197393,USDTUSD,1525744753.7305,0.9992,34.0614,s,l,None
201848,USDTUSD,1525744753.7327,0.9992,34.0614,s,l,None
200586,USDTUSD,1525744753.7355,0.9992,34.0614,s,l,None
194618,USDTUSD,1525744753.7376,0.9992,34.0614,s,l,None
196491,USDTUSD,1525744753.7397,0.9992,34.0614,s,l,None
199116,USDTUSD,1525744753.7419,0.9992,34.0614,s,l,None
194276,USDTUSD,1525744753.7441,0.9992,34.0614,s,l,None
199913,USDTUSD,1525744753.7463,0.9992,34.0614,s,l,None
198794,USDTUSD,1525744753.7484,0.9992,34.0614,s,l,None
194174,USDTUSD,1525744753.7506,0.9992,34.0614,s,l,None
197192,USDTUSD,1525744753.7527,0.9992,34.0614,s,l,None
194902,USDTUSD,1525744753.755,0.9992,34.05721,s,l,None
200723,USDTUSD,1525744753.7572,0.9988,1182.30968922,s,l,None
196965,USDTUSD,1525744753.7602,0.9988,2500.0,s,l,None
195532,USDTUSD,1525744753.7629,0.9988,3556.35077092,s,l,None
196283,USDTUSD,1525744753.7658,0.9986,34.05938,s,l,None
198104,USDTUSD,1525744753.7679,0.9986,34.05938,s,l,None
201315,USDTUSD,1525744753.7701,0.9986,34.05938,s,l,None
196049,USDTUSD,1525744753.7723,0.9986,34.05938,s,l,None
195392,USDTUSD,1525744753.7749,0.9985,6000.0,s,l,None
200594,USDTUSD,1525744753.7773,0.9981,9299.84673388,s,l,None
201185,USDTUSD,1525744753.7791,0.9981,11.14644035,s,l,None
197519,USDTUSD,1525744753.7807,0.9981,0.01333563,s,l,None
202095,USDTUSD,1525745170.6536,0.999,75.0,s,m,None
194822,USDTUSD,1525745170.6676,0.9989,75.0,s,m,None
198334,USDTUSD,1525745170.6736,0.9985,663.37325349,s,m,None
200398,USDTUSD,1525746426.4441,0.9988,75.0,b,m,None
200297,USDTUSD,1525746426.4501,0.9989,75.0,b,m,None
199248,USDTUSD,1525746426.4537,0.999,34.06494,b,m,None
202077,USDTUSD,1525746426.4561,0.999,34.06494,b,m,None
201126,USDTUSD,1525746426.4587,0.9995,9311.00650986,b,m,None
199232,USDTUSD,1525746426.4611,0.9996,34.06503,b,m,None
197472,USDTUSD,1525746426.4634,0.9996,34.06503,b,m,None
199677,USDTUSD,1525746426.4659,0.9996,34.06503,b,m,None
200822,USDTUSD,1525746426.4681,0.9996,34.06503,b,m,None
198612,USDTUSD,1525746426.4704,0.9996,34.06503,b,m,None
196879,USDTUSD,1525746426.4727,0.9996,34.06503,b,m,None
196936,USDTUSD,1525746426.4749,0.9996,34.06503,b,m,None
197164,USDTUSD,1525746426.4778,0.9996,34.06503,b,m,None
196296,USDTUSD,1525746426.4804,0.9996,34.06503,b,m,None
200682,USDTUSD,1525746426.4828,0.9996,34.06503,b,m,None
197700,USDTUSD,1525746426.4853,0.9996,34.06503,b,m,None
194884,USDTUSD,1525746426.4877,0.9996,34.06503,b,m,None
200697,USDTUSD,1525746426.4899,0.9996,34.06503,b,m,None
199832,USDTUSD,1525746426.4921,0.9996,34.06503,b,m,None
197599,USDTUSD,1525746426.4943,0.9996,34.06503,b,m,None
199986,USDTUSD,1525746426.4967,0.9996,34.06503,b,m,None
196217,USDTUSD,1525746426.4989998,0.9996,34.06503,b,m,None
202209,USDTUSD,1525746426.5012,0.9996,34.06503,b,m,None
199013,USDTUSD,1525746426.5034,0.9996,34.06503,b,m,None
196934,USDTUSD,1525746426.5056,0.9996,34.06503,b,m,None
196508,USDTUSD,1525746426.508,0.9996,34.06503,b,m,None
201481,USDTUSD,1525746426.5102,0.9996,34.06503,b,m,None
200042,USDTUSD,1525746426.5123,0.9996,34.06503,b,m,None
196848,USDTUSD,1525746426.5145,0.9996,34.06503,b,m,None
196582,USDTUSD,1525746426.5167,0.9996,34.06503,b,m,None
194631,USDTUSD,1525746426.5194,0.9996,34.06503,b,m,None
198638,USDTUSD,1525746426.5218,0.9996,34.06503,b,m,None
201232,USDTUSD,1525746426.5241,0.9996,34.06503,b,m,None
197029,USDTUSD,1525746426.5273,0.9996,34.06503,b,m,None
196227,USDTUSD,1525746426.5296,0.9996,34.06503,b,m,None
198360,USDTUSD,1525746426.5323,0.9996,34.06503,b,m,None
198545,USDTUSD,1525746426.5345,0.9996,34.06503,b,m,None
198809,USDTUSD,1525746426.5367,0.9996,34.06503,b,m,None
196023,USDTUSD,1525746426.539,0.9996,34.06503,b,m,None
195415,USDTUSD,1525746426.5412,0.9996,34.06503,b,m,None
200920,USDTUSD,1525746426.5435,0.9996,34.06503,b,m,None
200132,USDTUSD,1525746426.5469,0.9996,34.06503,b,m,None
199596,USDTUSD,1525746426.5492,0.9996,34.06503,b,m,None
194329,USDTUSD,1525746426.5515,0.9996,34.06503,b,m,None
200601,USDTUSD,1525746426.5546,0.9996,34.06503,b,m,None
194388,USDTUSD,1525746426.5576,0.9996,34.06503,b,m,None
198341,USDTUSD,1525746426.5609,0.9996,34.06503,b,m,None
199069,USDTUSD,1525746426.5632,0.9996,34.06503,b,m,None
199798,USDTUSD,1525746426.5657,0.9996,34.06503,b,m,None
197173,USDTUSD,1525746426.5682,0.9996,34.06503,b,m,None
202124,USDTUSD,1525746426.5706,0.9996,34.06503,b,m,None
197403,USDTUSD,1525746426.5729,0.9996,34.06503,b,m,None
198225,USDTUSD,1525746426.5751,0.9996,34.06503,b,m,None
196060,USDTUSD,1525746426.5774,0.9996,34.06503,b,m,None
194939,USDTUSD,1525746426.5814,0.9996,34.06503,b,m,None
196730,USDTUSD,1525746426.5839999,0.9996,34.06503,b,m,None
194184,USDTUSD,1525746426.5865,0.9996,34.06503,b,m,None
201398,USDTUSD,1525746426.5888,0.9996,34.06503,b,m,None
202303,USDTUSD,1525746426.591,0.9996,34.06503,b,m,None
199991,USDTUSD,1525746426.5933,0.9996,34.06503,b,m,None
199136,USDTUSD,1525746426.5955,0.9996,34.06503,b,m,None
196457,USDTUSD,1525746426.5979,0.9996,34.06503,b,m,None
199434,USDTUSD,1525746426.6002,0.9996,34.06503,b,m,None
195320,USDTUSD,1525746426.6025,0.9996,34.06503,b,m,None
198119,USDTUSD,1525746426.6047,0.9996,34.06503,b,m,None
195548,USDTUSD,1525746426.6072,0.9996,34.06503,b,m,None
201047,USDTUSD,1525746426.6096,0.9996,34.06503,b,m,None
196200,USDTUSD,1525746426.6120002,0.9996,34.06503,b,m,None
201504,USDTUSD,1525746426.6144,0.9996,34.06503,b,m,None
201531,USDTUSD,1525746426.6167,0.9996,34.06503,b,m,None
199205,USDTUSD,1525746426.619,0.9996,34.06503,b,m,None
198325,USDTUSD,1525746426.6212,0.9996,34.06503,b,m,None
200661,USDTUSD,1525746426.6243,0.9999,2500.0,b,m,None
195357,USDTUSD,1525746426.6276,0.9999,2500.0,b,m,None
197427,USDTUSD,1525746426.6304,1.0,53161.6787,b,m,None
194521,USDTUSD,1525746853.4672,0.9994,75.0,s,l,None
195567,USDTUSD,1525746853.4706,0.9994,75.0,s,l,None
200685,USDTUSD,1525746859.0972,0.9989,34.05478,s,l,None
201390,USDTUSD,1525746859.1016,0.9989,34.05478,s,l,None
200287,USDTUSD,1525746859.1038,0.9989,34.05478,s,l,None
195377,USDTUSD,1525746859.1059,0.9989,34.05478,s,l,None
200991,USDTUSD,1525746859.1084,0.9989,34.05478,s,l,None
198161,USDTUSD,1525746859.1106,0.9989,34.05478,s,l,None
200173,USDTUSD,1525746859.1128,0.9989,34.05478,s,l,None
199125,USDTUSD,1525746859.115,0.9989,34.05478,s,l,None
196403,USDTUSD,1525746859.1174,0.9989,34.05478,s,l,None
200372,USDTUSD,1525746859.1199,0.9989,34.05478,s,l,None
200249,USDTUSD,1525746859.1223,0.9989,34.05478,s,l,None
196632,USDTUSD,1525746859.1249,0.9989,34.05478,s,l,None
197247,USDTUSD,1525746859.1276,0.9989,34.05478,s,l,None
196579,USDTUSD,1525746859.1303,0.9989,34.05478,s,l,None
199239,USDTUSD,1525746859.1325,0.9989,34.05478,s,l,None
199698,USDTUSD,1525746859.1349,0.9989,34.05478,s,l,None
201607,USDTUSD,1525746859.1374,0.9989,34.05478,s,l,None
196312,USDTUSD,1525746859.1399,0.9989,34.05478,s,l,None
202225,USDTUSD,1525746859.1421,0.9989,34.05478,s,l,None
198690,USDTUSD,1525746859.1445,0.9989,34.05478,s,l,None
194257,USDTUSD,1525746859.1468,0.9989,34.05478,s,l,None
197717,USDTUSD,1525746859.1491,0.9989,34.05478,s,l,None
201908,USDTUSD,1525746859.1514,0.9989,34.05478,s,l,None
195631,USDTUSD,1525746859.1535,0.9989,34.05478,s,l,None
197098,USDTUSD,1525746859.1557,0.9989,34.05478,s,l,None
196925,USDTUSD,1525746859.1579,0.9989,34.05478,s,l,None
195197,USDTUSD,1525746859.1602,0.9989,34.05478,s,l,None
199163,USDTUSD,1525746859.1627,0.9989,34.05478,s,l,None
197556,USDTUSD,1525746859.1651,0.9989,34.05478,s,l,None
194705,USDTUSD,1525746859.1674,0.9989,34.05478,s,l,None
201127,USDTUSD,1525746859.1698,0.9989,34.05478,s,l,None
195174,USDTUSD,1525746859.1721,0.9989,34.05478,s,l,None
200403,USDTUSD,1525746859.1746,0.9989,34.05478,s,l,None
199909,USDTUSD,1525746859.1773,0.9989,34.05478,s,l,None
198626,USDTUSD,1525746859.18,0.9989,34.05478,s,l,None
202182,USDTUSD,1525746859.1824,0.9989,34.05478,s,l,None
198902,USDTUSD,1525746859.1847,0.9989,34.05478,s,l,None
201572,USDTUSD,1525746859.188,0.9989,34.05478,s,l,None
195486,USDTUSD,1525746859.1907,0.9989,34.05478,s,l,None
196203,USDTUSD,1525746859.1929998,0.9989,34.05478,s,l,None
201325,USDTUSD,1525746859.1952,0.9989,34.05478,s,l,None
200943,USDTUSD,1525746859.1973,0.9989,34.05478,s,l,None
197015,USDTUSD,1525746859.1994,0.9989,34.05478,s,l,None
200095,USDTUSD,1525746859.2016,0.9989,34.05478,s,l,None
201328,USDTUSD,1525746859.2042,0.9989,34.05478,s,l,None
195907,USDTUSD,1525746859.2067,0.9989,34.05478,s,l,None
198256,USDTUSD,1525746859.2089,0.9989,34.05478,s,l,None
195595,USDTUSD,1525746859.2113,0.9989,34.05478,s,l,None
195345,USDTUSD,1525746859.2136,0.9989,34.05478,s,l,None
201100,USDTUSD,1525746859.2164,0.9989,34.05478,s,l,None
195584,USDTUSD,1525746859.2187,0.9989,34.05478,s,l,None
201990,USDTUSD,1525746859.221,0.9989,34.05478,s,l,None
200043,USDTUSD,1525746859.2234,0.9989,34.05478,s,l,None
197109,USDTUSD,1525746859.2258,0.9989,34.05478,s,l,None
200988,USDTUSD,1525746859.228,0.9989,34.05478,s,l,None
196302,USDTUSD,1525746859.2302,0.9989,34.05478,s,l,None
199429,USDTUSD,1525746859.2325,0.9989,34.05478,s,l,None
196417,USDTUSD,1525746859.235,0.9989,34.05478,s,l,None
195539,USDTUSD,1525746859.2372,0.9989,34.05478,s,l,None
201941,USDTUSD,1525746859.2395,0.9989,34.05478,s,l,None
199648,USDTUSD,1525746859.2418,0.9989,34.05478,s,l,None
197727,USDTUSD,1525746859.2441,0.9989,34.05478,s,l,None
195572,USDTUSD,1525746859.2466,0.9989,34.05478,s,l,None
199348,USDTUSD,1525746859.2491,0.9989,34.05478,s,l,None
195108,USDTUSD,1525746859.2516,0.9989,34.05478,s,l,None
194457,USDTUSD,1525746859.2541,0.9989,34.05478,s,l,None
199510,USDTUSD,1525746859.2566,0.9989,34.05478,s,l,None
194626,USDTUSD,1525746859.2592,0.9989,34.05478,s,l,None
197183,USDTUSD,1525746859.2616,0.9989,34.05478,s,l,None
200542,USDTUSD,1525746859.2647,0.9988,2500.0,s,l,None
199772,USDTUSD,1525746859.2678,0.9988,2500.0,s,l,None
197148,USDTUSD,1525746859.2698,0.9988,6.00720865,s,l,None
195582,USDTUSD,1525746874.4147,0.9986,75.0,s,l,None
202137,USDTUSD,1525746874.4191,0.9984,6000.0,s,l,None
195588,USDTUSD,1525746887.7269,0.9983,6000.0,s,l,None
195016,USDTUSD,1525746887.7335,0.9982,7076.389,s,l,None
195579,USDTUSD,1525746889.7605,0.9983,6000.0,s,l,None
195589,USDTUSD,1525746889.7658,0.9982,7013.3706778,s,l,None
195049,USDTUSD,1525746889.7693,0.9981,20.03807232,s,l,None
200241,USDTUSD,1525747248.2686,0.997,79.84031936,s,m,None
195767,USDTUSD,1525747248.2709,0.997,0.15936192,s,m,None
196574,USDTUSD,1525747248.2729,0.997,0.00031808,s,m,None
200916,USDTUSD,1525747248.2746,0.997,6.4e-07,s,m,None
196923,USDTUSD,1525747388.6557,0.9977,75.0,s,l,None
194389,USDTUSD,1525747388.6595,0.9976,75.0,s,l,None
195844,USDTUSD,1525747401.6088,0.9974,1000.0,b,l,None
195845,USDTUSD,1525747402.4956,0.9974,1000.0,b,l,None
195851,USDTUSD,1525747413.199,0.9974,75.0,s,l,None
194745,USDTUSD,1525747413.2039,0.9972,241.9172,s,l,None
196997,USDTUSD,1525747413.2065,0.9972,483.774,s,l,None
195852,USDTUSD,1525747414.4219,0.9972,1000.0,b,l,None
197002,USDTUSD,1525747415.2243,0.9972,1000.0,b,l,None
194769,USDTUSD,1525747415.4575,0.9972,1000.0,b,l,None
195853,USDTUSD,1525747415.7956,0.9972,1000.0,b,l,None
195854,USDTUSD,1525747416.0934,0.9972,1000.0,b,l,None
194784,USDTUSD,1525747416.4066,0.9972,1000.0,b,l,None
195855,USDTUSD,1525747417.2205,0.9972,1000.0,b,l,None
197013,USDTUSD,1525747420.1827,0.9972,483.774,s,l,None
195857,USDTUSD,1525747420.1869,0.9971,6000.0,s,l,None
202127,USDTUSD,1525747420.3122,0.9968,241.887,b,l,None
195861,USDTUSD,1525747426.9466,0.9967,1000.0,b,l,None
195862,USDTUSD,1525747428.8489,0.9967,1000.0,b,l,None
195863,USDTUSD,1525747429.1008,0.9967,1000.0,b,l,None
194969,USDTUSD,1525747429.3436,0.9967,1000.0,b,l,None
197035,USDTUSD,1525747429.6673,0.9967,1000.0,b,l,None
194995,USDTUSD,1525747431.1001,0.9967,1000.0,b,l,None
197040,USDTUSD,1525747431.3485,0.9967,1000.0,b,l,None
195865,USDTUSD,1525747431.6053,0.9967,1000.0,b,l,None
195866,USDTUSD,1525747432.4622,0.9969,1000.0,b,l,None
195867,USDTUSD,1525747433.7174,0.9966,1000.0,b,l,None
195868,USDTUSD,1525747437.7147,0.9966,1000.0,b,l,None
198648,USDTUSD,1525747440.0476,0.9966,1000.0,b,l,None
197066,USDTUSD,1525747440.2988,0.9966,1000.0,b,l,None
195122,USDTUSD,1525747440.5508,0.9966,1000.0,b,l,None
195871,USDTUSD,1525747440.8491,0.9966,1000.0,b,l,None
197071,USDTUSD,1525747441.2999,0.9966,1000.0,b,l,None
195873,USDTUSD,1525747442.1158,0.9966,1000.0,b,l,None
195170,USDTUSD,1525747444.0202,0.9967,1000.0,b,l,None
197081,USDTUSD,1525747444.3274,0.9967,1000.0,b,l,None
201772,USDTUSD,1525747444.5927,0.9967,1000.0,b,l,None
195874,USDTUSD,1525747444.8858,0.9967,1000.0,b,l,None
195875,USDTUSD,1525747445.2386,0.9967,1000.0,b,l,None
197087,USDTUSD,1525747446.0194,0.9967,1000.0,b,l,None
195877,USDTUSD,1525747447.5583,0.9967,1000.0,b,l,None
197089,USDTUSD,1525747447.8136,0.9967,1000.0,b,l,None
195878,USDTUSD,1525747448.8716,0.9969,1000.0,b,l,None
195879,USDTUSD,1525747449.1261,0.9969,1000.0,b,l,None
199448,USDTUSD,1525747449.3578,0.9969,1000.0,b,l,None
195880,USDTUSD,1525747450.7234,0.9969,1000.0,b,l,None
194238,USDTUSD,1525747464.1578,0.9971,474.732,s,l,None
197137,USDTUSD,1525747464.1688,0.9971,237.366,s,l,None
195318,USDTUSD,1525747464.1768,0.997,6000.0,s,l,None
195886,USDTUSD,1525747464.1797,0.9966,75.0,s,l,None
195887,USDTUSD,1525747465.0668,0.9962,6000.0,b,l,None
195889,USDTUSD,1525747467.8053,0.9962,289.291,b,l,None
195453,USDTUSD,1525747467.809,0.9962,710.709,b,l,None
195890,USDTUSD,1525747468.7406,0.9962,1000.0,b,l,None
195891,USDTUSD,1525747469.0836,0.9962,6000.0,b,l,None
195892,USDTUSD,1525747470.6575,0.9974,1000.0,b,l,None
201368,USDTUSD,1525747471.5899,0.9974,1000.0,b,l,None
195893,USDTUSD,1525747471.9834,0.9974,1000.0,b,l,None
195894,USDTUSD,1525747472.8806,0.9974,1000.0,b,l,None
197200,USDTUSD,1525747489.2554,0.9973,30.11081,b,l,None
194575,USDTUSD,1525747489.2581,0.9973,30.11081,b,l,None
195902,USDTUSD,1525747489.2603,0.9974,75.0,b,l,None
196737,USDTUSD,1525747559.2277,0.9973,30.11081,b,l,None
195953,USDTUSD,1525747602.9745,0.9974,30.11081,s,l,None
197056,USDTUSD,1525750153.1552,0.9975,1.421,s,m,None
197216,USDTUSD,1525750506.4691,0.9976,30.09903,b,l,None
197994,USDTUSD,1525750506.4741,0.9976,30.1099,b,l,None
197233,USDTUSD,1525750548.8876,0.9979,30.1099,s,l,None
197731,USDTUSD,1525751452.5647,0.9979,30.07127,s,l,None
197684,USDTUSD,1525751522.5149,0.9979,30.07127,s,l,None
201601,USDTUSD,1525751600.5132,0.9979,30.07127,s,l,None
197762,USDTUSD,1525751675.6666,0.9979,30.07127,s,l,None
202118,USDTUSD,1525751718.4194,0.998,30.07127,s,l,None
202136,USDTUSD,1525751719.2944,0.998,30.07127,s,l,None
202242,USDTUSD,1525751777.4231,0.998,30.07127,s,l,None
198147,USDTUSD,1525752515.4383,0.9979,30.07127,s,l,None
194444,USDTUSD,1525752810.5102,0.9979,75.0,s,l,None
199773,USDTUSD,1525752810.5173,0.9979,75.0,s,l,None
199015,USDTUSD,1525752810.5198,0.9977,6000.0,s,l,None
198274,USDTUSD,1525752810.5229998,0.9976,2444.79107,s,l,None
202280,USDTUSD,1525752810.5254,0.9976,30.07127,s,l,None
201839,USDTUSD,1525752810.5283,0.9976,30.07127,s,l,None
200992,USDTUSD,1525752810.5314,0.9976,30.07127,s,l,None
202134,USDTUSD,1525752810.5338,0.9976,30.07127,s,l,None
201326,USDTUSD,1525752810.5361,0.9976,30.07127,s,l,None
197718,USDTUSD,1525752810.5385,0.9976,30.07127,s,l,None
196826,USDTUSD,1525752810.5408,0.9976,30.07127,s,l,None
196358,USDTUSD,1525752810.543,0.9976,30.07127,s,l,None
200678,USDTUSD,1525752810.5461,0.9975,3417.53061494,s,l,None
201823,USDTUSD,1525752810.5479,0.9975,4.09612139,s,l,None
195141,USDTUSD,1525752810.5499,0.9975,0.00483367,s,l,None
198275,USDTUSD,1525752811.4669,0.998,14.85746,s,l,None
194449,USDTUSD,1525756104.9073,0.9978,75.0,b,l,None
198364,USDTUSD,1525756104.9105,0.9978,75.0,b,l,None
194240,USDTUSD,1525756104.9138,0.998,15.21622,b,l,None
200029,USDTUSD,1525756104.9163,0.998,30.07368,b,l,None
201236,USDTUSD,1525756104.9187,0.998,30.07368,b,l,None
195371,USDTUSD,1525756104.9214,0.998,30.07368,b,l,None
194261,USDTUSD,1525756104.9238,0.998,30.07368,b,l,None
201734,USDTUSD,1525756104.9264,0.998,30.07368,b,l,None
200175,USDTUSD,1525756104.9289,0.998,6.09638,b,l,None
198748,USDTUSD,1525757916.3469,0.998,23.9773,b,l,None
196045,USDTUSD,1525757916.3515,0.998,30.07368,b,l,None
200315,USDTUSD,1525757916.3539,0.998,30.07368,b,l,None
202060,USDTUSD,1525757916.3561,0.998,30.07368,b,l,None
201115,USDTUSD,1525757916.3587,0.998,30.07368,b,l,None
194756,USDTUSD,1525757916.3613,0.998,30.07368,b,l,None
196620,USDTUSD,1525757916.3638,0.998,33.60246,b,l,None
195906,USDTUSD,1525757916.3663,0.998,33.60069,b,l,None
201140,USDTUSD,1525757952.4591,0.998,33.60101,b,l,None
201164,USDTUSD,1525757985.7934,0.9982,75.0,b,m,None
199971,USDTUSD,1525757985.7986,0.9983,33.60092,b,m,None
197530,USDTUSD,1525757985.8009,0.9983,33.60092,b,m,None
195114,USDTUSD,1525757985.8031,0.9983,33.60092,b,m,None
200254,USDTUSD,1525757985.8055,0.9983,24.19724,b,m,None
197357,USDTUSD,1525761199.092,0.9981,75.0,b,l,None
194650,USDTUSD,1525761199.0964,0.9983,9.40368,b,l,None
199560,USDTUSD,1525761199.0988,0.9983,33.60092,b,l,None
196788,USDTUSD,1525761203.7537,0.9986,33.60092,b,l,None
194592,USDTUSD,1525761203.7652,0.9986,33.60092,b,l,None
200565,USDTUSD,1525761203.7674,0.9986,33.60092,b,l,None
197369,USDTUSD,1525761203.7695,0.9986,33.60092,b,l,None
194654,USDTUSD,1525761203.7717,0.9986,33.60092,b,l,None
198500,USDTUSD,1525761203.7739,0.999,2089.69414546,b,l,None
194662,USDTUSD,1525761215.5756,0.9992,75.0,b,l,None
194676,USDTUSD,1525761254.4227,0.9992,75.0,b,l,None
194703,USDTUSD,1525761322.7827,0.9991,13076.389,b,l,None
197702,USDTUSD,1525761323.7466,0.9991,1013.3706778,b,l,None
194704,USDTUSD,1525761323.7528,0.9992,75.0,b,l,None
196804,USDTUSD,1525765959.9191,0.9992,51.0,b,m,None
200734,USDTUSD,1525766777.1148,0.9991,1559.19036025,s,l,None
198396,USDTUSD,1525766777.1221,0.9991,1.86878589,s,l,None
197676,USDTUSD,1525766777.1239,0.9991,0.00215386,s,l,None
197379,USDTUSD,1525767244.8976,0.9992,56.08506805,s,l,None
197389,USDTUSD,1525767261.9744,0.9992,75.0,s,l,None
199081,USDTUSD,1525767261.9826,0.9992,18.99019114,s,l,None
196924,USDTUSD,1525767427.2556,0.9993,33.11394,b,m,None
199308,USDTUSD,1525767427.2664,0.9993,33.11394,b,m,None
200109,USDTUSD,1525767427.2687,0.9993,33.11394,b,m,None
197077,USDTUSD,1525767427.2708,0.9993,33.11394,b,m,None
199611,USDTUSD,1525767427.2729998,0.9993,33.11394,b,m,None
198023,USDTUSD,1525767427.2756,0.9993,33.11394,b,m,None
202321,USDTUSD,1525767427.2779,0.9993,33.11394,b,m,None
195970,USDTUSD,1525767427.28,0.9993,33.11394,b,m,None
198181,USDTUSD,1525767427.2823,0.9993,33.11394,b,m,None
199874,USDTUSD,1525767427.2861,0.9993,33.11394,b,m,None
197463,USDTUSD,1525767427.2884,0.9993,33.11394,b,m,None
195032,USDTUSD,1525767427.2907,0.9993,33.11394,b,m,None
198083,USDTUSD,1525767427.2975,0.9993,33.11394,b,m,None
196849,USDTUSD,1525767427.2997,0.9993,33.11394,b,m,None
198676,USDTUSD,1525767427.3022,0.9993,33.60092,b,m,None
199557,USDTUSD,1525767427.3047,0.9993,33.60092,b,m,None
196347,USDTUSD,1525767427.3072,0.9993,33.60092,b,m,None
197956,USDTUSD,1525767427.3097,0.9993,33.60092,b,m,None
200338,USDTUSD,1525767427.312,0.9993,20.88116,b,m,None
197810,USDTUSD,1525768150.1351,0.9992,22.67498373,s,l,None
200739,USDTUSD,1525770164.6532,0.9993,12.71976,b,l,None
199634,USDTUSD,1525770164.659,0.9993,33.60092,b,l,None
196909,USDTUSD,1525770164.6615,0.9993,33.60092,b,l,None
200947,USDTUSD,1525770164.6641,0.9993,33.60092,b,l,None
195789,USDTUSD,1525770164.6667,0.9993,33.60092,b,l,None
194754,USDTUSD,1525770164.669,0.9993,33.60092,b,l,None
201366,USDTUSD,1525770164.6719,0.9993,33.60092,b,l,None
196829,USDTUSD,1525770164.6742,0.9993,33.60092,b,l,None
199537,USDTUSD,1525770164.6764,0.9993,33.60092,b,l,None
200076,USDTUSD,1525770164.6789,0.9993,33.60092,b,l,None
196516,USDTUSD,1525770164.6815,0.9993,33.60092,b,l,None
198695,USDTUSD,1525770164.6837,0.9993,33.60092,b,l,None
195814,USDTUSD,1525770164.6862,0.9993,33.60092,b,l,None
199507,USDTUSD,1525770164.6887,0.9993,33.60092,b,l,None
200457,USDTUSD,1525770164.6914,0.9993,33.60092,b,l,None
200278,USDTUSD,1525770164.6936,0.9993,33.60092,b,l,None
198646,USDTUSD,1525770164.6958,0.9993,33.60092,b,l,None
197051,USDTUSD,1525770164.6985,0.9993,33.60092,b,l,None
195035,USDTUSD,1525770164.7012,0.9993,33.60092,b,l,None
202043,USDTUSD,1525770174.0308,0.9998,955.72219419,b,l,None
199330,USDTUSD,1525770174.0345,0.9998,955.72219419,b,l,None
198702,USDTUSD,1525770174.0368,0.9999,34.0879,b,l,None
197919,USDTUSD,1525770174.0403,0.9999,11130.85671162,b,l,None
198704,USDTUSD,1525770177.1008,0.9999,13076.389,b,l,None
196406,USDTUSD,1525770429.7458,0.9996,75.0,s,m,None
198843,USDTUSD,1525770429.7531,0.9995,94.81037924,s,m,None
200591,USDTUSD,1525770429.7566,0.9995,0.18924228,s,m,None
196850,USDTUSD,1525770429.7634,0.9995,0.00037772,s,m,None
201766,USDTUSD,1525770429.7657,0.9995,7.6e-07,s,m,None
194766,USDTUSD,1525771754.3765,0.9996,75.0,s,m,None
198070,USDTUSD,1525771754.3827,0.9996,75.0,s,m,None
194582,USDTUSD,1525771754.3860002,0.9995,207.83921961,s,m,None
202068,USDTUSD,1525771754.3887,0.9994,34.05097,s,m,None
199056,USDTUSD,1525771754.3911,0.9994,34.05097,s,m,None
199587,USDTUSD,1525771754.3934,0.9994,34.05097,s,m,None
196899,USDTUSD,1525771754.3956,0.9994,34.05097,s,m,None
200824,USDTUSD,1525771754.3979,0.9994,34.05097,s,m,None
195497,USDTUSD,1525771754.4001,0.9994,34.05097,s,m,None
197712,USDTUSD,1525771754.4023,0.9994,34.05097,s,m,None
196865,USDTUSD,1525771754.4045,0.9994,34.05097,s,m,None
197433,USDTUSD,1525771754.4067,0.9994,34.05097,s,m,None
194681,USDTUSD,1525771754.409,0.9994,34.05097,s,m,None
194832,USDTUSD,1525771754.4112,0.9994,34.05097,s,m,None
199475,USDTUSD,1525771754.4135,0.9994,34.05097,s,m,None
201451,USDTUSD,1525771754.4157,0.9994,34.05097,s,m,None
196255,USDTUSD,1525771754.4179,0.9994,34.05097,s,m,None
196396,USDTUSD,1525771754.4202,0.9994,34.05097,s,m,None
198049,USDTUSD,1525771754.4229999,0.9994,34.05097,s,m,None
194838,USDTUSD,1525771754.4256,0.9994,34.05097,s,m,None
195449,USDTUSD,1525771754.4287,0.9992,2937.41945149,s,m,None
196465,USDTUSD,1525771754.431,0.9992,5.86311267,s,m,None
199073,USDTUSD,1525771754.4332,0.9992,0.01170282,s,m,None
198269,USDTUSD,1525771754.4351,0.9992,2.336e-05,s,m,None
197798,USDTUSD,1525771754.437,0.9992,5e-08,s,m,None
200022,USDTUSD,1525772475.4159,0.9994,34.05499,b,l,None
199029,USDTUSD,1525772709.7856,0.9995,70.78431365,s,l,None
200208,USDTUSD,1525772769.0858,0.9995,4.21568635,s,l,None
199253,USDTUSD,1525772769.0892,0.9995,24.0584802,s,l,None
194528,USDTUSD,1525773803.2945,0.9996,75.0,s,m,None
196480,USDTUSD,1525773803.305,0.9995,75.0,s,m,None
200757,USDTUSD,1525773803.3075,0.9995,75.0,s,m,None
194492,USDTUSD,1525773803.3107,0.9994,34.05522,s,m,None
198806,USDTUSD,1525773803.314,0.9992,1143.70570961,s,m,None
201350,USDTUSD,1525773803.3167,0.9991,34.07476,s,m,None
201889,USDTUSD,1525773803.319,0.9991,34.07476,s,m,None
196388,USDTUSD,1525773803.3214,0.9991,34.07476,s,m,None
202174,USDTUSD,1525773803.3238,0.9991,34.07476,s,m,None
200707,USDTUSD,1525773803.326,0.9991,34.07476,s,m,None
199324,USDTUSD,1525773803.3281,0.9991,34.07476,s,m,None
195107,USDTUSD,1525773803.3303,0.9991,34.07476,s,m,None
196364,USDTUSD,1525773803.3325,0.9991,34.07476,s,m,None
194385,USDTUSD,1525773803.3349,0.9991,34.07476,s,m,None
199518,USDTUSD,1525773803.3372,0.9991,34.07476,s,m,None
201212,USDTUSD,1525773803.3394,0.9991,34.07476,s,m,None
196525,USDTUSD,1525773803.3416,0.9991,34.07476,s,m,None
195822,USDTUSD,1525773803.3438,0.9991,34.07476,s,m,None
194557,USDTUSD,1525773803.3459,0.9991,34.07476,s,m,None
201499,USDTUSD,1525773803.3479998,0.9991,34.07476,s,m,None
197400,USDTUSD,1525773803.3502,0.9991,34.07476,s,m,None
199431,USDTUSD,1525773803.3523,0.9991,34.07476,s,m,None
197485,USDTUSD,1525773803.3547,0.9991,34.07341,s,m,None
201809,USDTUSD,1525773803.3572,0.9991,34.07341,s,m,None
197170,USDTUSD,1525773803.3595,0.9991,34.07341,s,m,None
200795,USDTUSD,1525773803.3618,0.9991,34.07341,s,m,None
197628,USDTUSD,1525773803.3642,0.9991,34.07341,s,m,None
201498,USDTUSD,1525773803.3665,0.9991,34.0734,s,m,None
197278,USDTUSD,1525773803.369,0.9991,34.07026,s,m,None
195544,USDTUSD,1525773803.3714,0.9991,34.07026,s,m,None
194183,USDTUSD,1525773803.3737,0.999,34.07317,s,m,None
194181,USDTUSD,1525773803.3759,0.999,34.07317,s,m,None
198375,USDTUSD,1525773803.3779998,0.999,34.07317,s,m,None
197258,USDTUSD,1525773803.3801,0.999,34.07316,s,m,None
201343,USDTUSD,1525773803.3829,0.999,34.07151,s,m,None
196294,USDTUSD,1525773803.3855,0.999,34.07151,s,m,None
194143,USDTUSD,1525773803.3878,0.999,30.67204927,s,m,None
200423,USDTUSD,1525773803.3896,0.999,1e-08,s,m,None
200841,USDTUSD,1525773895.3452,0.9994,74.99084,b,l,None
201139,USDTUSD,1525774334.7017,0.9992,47.86378508,s,l,None
197265,USDTUSD,1525774878.6991,0.9994,75.0,b,m,None
201449,USDTUSD,1525774878.7029,0.9994,75.0,b,m,None
198120,USDTUSD,1525774878.7052,0.9995,34.07386,b,m,None
200760,USDTUSD,1525774878.7076,0.9995,34.07386,b,m,None
195949,USDTUSD,1525774878.7099,0.9995,34.07386,b,m,None
201814,USDTUSD,1525774878.7121,0.9995,34.07386,b,m,None
197428,USDTUSD,1525774878.7143,0.9995,20.56398199,b,m,None
194380,USDTUSD,1525777001.6161,0.9994,74.986642,b,l,None
201899,USDTUSD,1525777348.6247,0.9994,75.0,b,m,None
201588,USDTUSD,1525777348.6408,0.9994,75.0,b,m,None
195920,USDTUSD,1525777348.6443,0.9995,13.50987801,b,m,None
200762,USDTUSD,1525777348.6473,0.9995,34.07386,b,m,None
199222,USDTUSD,1525777348.6499,0.9995,34.07386,b,m,None
201794,USDTUSD,1525777348.6526,0.9995,34.07386,b,m,None
196779,USDTUSD,1525777348.6552,0.9995,34.07386,b,m,None
199589,USDTUSD,1525777348.6579,0.9995,34.07386,b,m,None
196714,USDTUSD,1525777348.661,0.9995,34.07386,b,m,None
200582,USDTUSD,1525777348.6638,0.9995,34.07386,b,m,None
195343,USDTUSD,1525777348.6664,0.9995,34.07386,b,m,None
198397,USDTUSD,1525777348.6694,0.9995,34.07386,b,m,None
194523,USDTUSD,1525777348.6726,0.9995,34.07386,b,m,None
196741,USDTUSD,1525777348.6754,0.9995,34.07386,b,m,None
200385,USDTUSD,1525777348.678,0.9995,34.07386,b,m,None
200985,USDTUSD,1525777348.6808,0.9995,34.07386,b,m,None
195562,USDTUSD,1525777348.6836,0.9995,34.07386,b,m,None
197286,USDTUSD,1525777348.6863,0.9995,33.61190595,b,m,None
198762,USDTUSD,1525777715.437,0.9994,75.0,s,l,None
197722,USDTUSD,1525777715.4474,0.9994,75.0,s,l,None
194708,USDTUSD,1525777715.4502,0.9993,75.0,s,l,None
194711,USDTUSD,1525777715.4691,0.9992,366.922,s,l,None
194811,USDTUSD,1525777922.5425,0.9994,75.0,b,l,None
194847,USDTUSD,1525777987.5362,0.9994,228.94351023,s,m,None
195057,USDTUSD,1525777987.5525,0.9994,0.45697307,s,m,None
198443,USDTUSD,1525777987.5549,0.9994,0.0008167,s,m,None
196983,USDTUSD,1525778118.2237,0.9995,0.46195405,b,l,None
199565,USDTUSD,1525778118.2275,0.9995,34.07386,b,l,None
194908,USDTUSD,1525778118.2309,0.9995,34.07386,b,l,None
201283,USDTUSD,1525778118.2335,0.9995,34.07386,b,l,None
196822,USDTUSD,1525778118.2358,0.9995,34.07386,b,l,None
200645,USDTUSD,1525778118.2381,0.9995,34.07386,b,l,None
199473,USDTUSD,1525778118.2408,0.9995,34.07386,b,l,None
200153,USDTUSD,1525778118.244,0.9995,34.07386,b,l,None
195609,USDTUSD,1525778118.2475,0.9995,34.07386,b,l,None
197210,USDTUSD,1525778118.2508,0.9995,34.07386,b,l,None
194231,USDTUSD,1525778118.2532,0.9995,34.07386,b,l,None
198830,USDTUSD,1525778118.2561,0.9995,34.07386,b,l,None
197681,USDTUSD,1525778118.2583,0.9995,34.07386,b,l,None
196468,USDTUSD,1525778118.2608,0.9995,34.07386,b,l,None
196644,USDTUSD,1525778118.2629,0.9998,3.32386595,b,l,None
194477,USDTUSD,1525778121.0214,0.9998,30.73112405,b,l,None
199282,USDTUSD,1525778121.0298,0.9998,34.05499,b,l,None
198839,USDTUSD,1525778121.0327,0.9998,34.05499,b,l,None
197300,USDTUSD,1525778121.0355,0.9998,34.05499,b,l,None
197100,USDTUSD,1525778121.0383,0.9998,34.05499,b,l,None
196179,USDTUSD,1525778121.0406,0.9998,34.05499,b,l,None
198435,USDTUSD,1525778121.0437,0.9998,34.05499,b,l,None
201959,USDTUSD,1525778121.0459,0.9998,34.05499,b,l,None
196710,USDTUSD,1525778121.0488,0.9998,34.05499,b,l,None
197996,USDTUSD,1525778121.0511,0.9998,34.05499,b,l,None
200432,USDTUSD,1525778121.0535,0.9998,34.05499,b,l,None
196860,USDTUSD,1525778121.0557,0.9998,34.05499,b,l,None
199893,USDTUSD,1525778121.0583,0.9998,34.05499,b,l,None
194911,USDTUSD,1525778121.061,0.9998,34.05499,b,l,None
201491,USDTUSD,1525778121.0636,0.9998,34.05499,b,l,None
197765,USDTUSD,1525778121.066,0.9998,34.05499,b,l,None
200883,USDTUSD,1525778121.0685,0.9998,20.32602595,b,l,None
195156,USDTUSD,1525778297.1281,0.9996,75.0,s,l,None
194506,USDTUSD,1525778297.1346,0.9995,34.07673,s,l,None
201986,USDTUSD,1525778297.1373,0.9995,34.07673,s,l,None
199950,USDTUSD,1525778297.1399,0.9995,34.07673,s,l,None
195007,USDTUSD,1525778297.1421,0.9995,34.07673,s,l,None
201542,USDTUSD,1525778297.1442,0.9995,34.07673,s,l,None
199554,USDTUSD,1525778297.1464,0.9995,34.07673,s,l,None
201017,USDTUSD,1525778297.1488,0.9995,34.07673,s,l,None
199472,USDTUSD,1525778297.1513,0.9995,34.07673,s,l,None
198107,USDTUSD,1525778297.1538,0.9995,34.07673,s,l,None
196844,USDTUSD,1525778297.1638,0.9995,34.07673,s,l,None
199198,USDTUSD,1525778297.1667,0.9995,34.07673,s,l,None
200711,USDTUSD,1525778297.1693,0.9995,34.07673,s,l,None
198515,USDTUSD,1525778297.1716,0.9995,34.07673,s,l,None
202315,USDTUSD,1525778297.1737,0.9995,34.07673,s,l,None
195967,USDTUSD,1525778297.1758,0.9995,34.07673,s,l,None
194986,USDTUSD,1525778297.178,0.9995,34.07673,s,l,None
197787,USDTUSD,1525778297.1807,0.9995,34.07673,s,l,None
195235,USDTUSD,1525778297.1832,0.9995,34.07673,s,l,None
201773,USDTUSD,1525778297.1856,0.9995,34.07673,s,l,None
198687,USDTUSD,1525778297.1883,0.9995,34.07673,s,l,None
196753,USDTUSD,1525778297.1906,0.9995,34.07673,s,l,None
201416,USDTUSD,1525778297.1929,0.9995,34.07673,s,l,None
201677,USDTUSD,1525778297.1951,0.9995,34.07673,s,l,None
197973,USDTUSD,1525778297.1973,0.9995,34.07673,s,l,None
202097,USDTUSD,1525778297.1996,0.9995,34.07673,s,l,None
201525,USDTUSD,1525778297.2018,0.9995,34.07673,s,l,None
194274,USDTUSD,1525778297.2041,0.9995,34.07673,s,l,None
197181,USDTUSD,1525778297.2068,0.9995,34.07673,s,l,None
202179,USDTUSD,1525778297.2093,0.9995,34.07673,s,l,None
200184,USDTUSD,1525778297.2115,0.9995,34.07673,s,l,None
199427,USDTUSD,1525778297.2138,0.9995,34.07673,s,l,None
196840,USDTUSD,1525778297.2168,0.9994,11945.01037,s,l,None
199454,USDTUSD,1525778299.0444,0.9994,10683.66633,s,l,None
199476,USDTUSD,1525778299.0489,0.9994,1592.44526716,s,l,None
194987,USDTUSD,1525778299.0515,0.9993,800.27740284,s,l,None
200653,USDTUSD,1525778358.0779998,0.9995,34.0774,s,l,None
200469,USDTUSD,1525778358.082,0.9995,75.0,s,l,None
200957,USDTUSD,1525778358.0855,0.9994,75.0,s,l,None
195014,USDTUSD,1525778358.0884,0.9992,34.07432,s,l,None
194679,USDTUSD,1525778358.0913,0.9992,34.07432,s,l,None
201436,USDTUSD,1525778358.0939,0.9992,34.07286,s,l,None
199545,USDTUSD,1525778358.0965,0.9992,34.07286,s,l,None
197459,USDTUSD,1525778358.0991,0.9992,34.07286,s,l,None
199641,USDTUSD,1525778358.1020002,0.9992,34.07286,s,l,None
195587,USDTUSD,1525778358.1045,0.9992,34.07286,s,l,None
197096,USDTUSD,1525778358.1071,0.9992,34.07286,s,l,None
200262,USDTUSD,1525778358.1098,0.9992,34.07286,s,l,None
198581,USDTUSD,1525778358.1129,0.9992,34.07286,s,l,None
198166,USDTUSD,1525778358.1160002,0.9992,34.07286,s,l,None
202185,USDTUSD,1525778358.1192,0.9991,34.0745,s,l,None
197473,USDTUSD,1525778358.1224,0.9991,34.0745,s,l,None
199334,USDTUSD,1525778358.1252,0.9991,34.0745,s,l,None
202096,USDTUSD,1525778358.1281,0.9991,34.0745,s,l,None
199744,USDTUSD,1525778358.1311,0.9991,34.0745,s,l,None
196111,USDTUSD,1525778358.1344,0.9991,34.07685,s,l,None
200406,USDTUSD,1525778358.1381,0.9991,34.07685,s,l,None
200369,USDTUSD,1525778358.1414,0.9991,34.07685,s,l,None
202067,USDTUSD,1525778358.1446,0.9991,34.07685,s,l,None
196550,USDTUSD,1525778358.1475,0.9991,34.07685,s,l,None
197218,USDTUSD,1525778358.1504,0.9991,34.07685,s,l,None
198944,USDTUSD,1525778358.1533,0.9991,34.07685,s,l,None
198259,USDTUSD,1525778358.1561,0.9991,34.07685,s,l,None
195933,USDTUSD,1525778358.1595,0.999,3.39946072,s,l,None
197693,USDTUSD,1525778358.1635,0.999,34.07151,s,l,None
200245,USDTUSD,1525778358.1668,0.999,34.07151,s,l,None
198953,USDTUSD,1525778358.7621,0.9988,34.0774,b,l,None
200187,USDTUSD,1525778507.8255,0.9992,75.0,b,l,None
195087,USDTUSD,1525778507.8297,0.9993,1991.69968978,b,l,None
198717,USDTUSD,1525778647.5089998,0.9987,75.0,s,m,None
196613,USDTUSD,1525778647.514,0.9987,75.0,s,m,None
200668,USDTUSD,1525778647.5209,0.9981,33.59966,s,m,None
201021,USDTUSD,1525778647.5239,0.9981,33.59966,s,m,None
196599,USDTUSD,1525778647.5272,0.998,33.60176,s,m,None
195772,USDTUSD,1525778647.5304,0.998,33.60176,s,m,None
195147,USDTUSD,1525778647.533,0.998,723.94103124,s,m,None
199797,USDTUSD,1525778647.5356,0.9978,33.60246,s,m,None
198311,USDTUSD,1525778647.5382,0.9978,33.60246,s,m,None
196538,USDTUSD,1525778647.5415,0.9978,33.60101,s,m,None
202083,USDTUSD,1525778647.5444,0.9978,33.60106,s,m,None
201170,USDTUSD,1525778647.5478,0.9977,294.65981912,s,m,None
195076,USDTUSD,1525778647.5499,0.9977,0.58814335,s,m,None
200021,USDTUSD,1525778647.5521,0.9977,0.00117394,s,m,None
195297,USDTUSD,1525778647.5546,0.9977,2.35e-06,s,m,None
201349,USDTUSD,1525778726.4104,0.9985,75.0,b,m,None
199305,USDTUSD,1525778726.4292,0.9985,75.0,b,m,None
194748,USDTUSD,1525778726.4327,0.9986,30.06615,b,m,None
197667,USDTUSD,1525778726.4353,0.9986,30.06615,b,m,None
200948,USDTUSD,1525778726.4378,0.9986,30.06615,b,m,None
197664,USDTUSD,1525778726.4404,0.9986,30.06615,b,m,None
195172,USDTUSD,1525778726.4429,0.9986,30.06615,b,m,None
202122,USDTUSD,1525778726.4455,0.9986,30.06615,b,m,None
199777,USDTUSD,1525778726.4495,0.9986,30.06615,b,m,None
198434,USDTUSD,1525778726.4518,0.9986,30.06615,b,m,None
199245,USDTUSD,1525778726.4551,0.9986,30.06615,b,m,None
196739,USDTUSD,1525778726.4576,0.9986,30.06615,b,m,None
194725,USDTUSD,1525778726.4598,0.9986,30.06615,b,m,None
198218,USDTUSD,1525778726.4631,0.9996,132.27235,b,m,None
195217,USDTUSD,1525778817.1826,0.9992,263.1166835,b,l,None
194992,USDTUSD,1525779353.2328,0.9991,75.0,s,l,None
194804,USDTUSD,1525779353.2423,0.9991,75.0,s,l,None
195431,USDTUSD,1525779353.2626,0.999,34.08177,s,l,None
196414,USDTUSD,1525779353.265,0.999,34.08177,s,l,None
194308,USDTUSD,1525779353.2672,0.999,34.08177,s,l,None
197791,USDTUSD,1525779353.2695,0.999,34.08177,s,l,None
200768,USDTUSD,1525779353.2717,0.999,34.08177,s,l,None
201989,USDTUSD,1525779353.2739,0.999,34.08177,s,l,None
200471,USDTUSD,1525779353.2761,0.999,34.08177,s,l,None
194759,USDTUSD,1525779353.2784,0.999,34.08177,s,l,None
198722,USDTUSD,1525779353.2810001,0.999,34.08177,s,l,None
195656,USDTUSD,1525779806.3486,0.9989,74.99078,b,l,None
196279,USDTUSD,1525779898.3374,0.9988,75.0,s,l,None
195706,USDTUSD,1525779898.3406,0.9988,35.94339252,s,l,None
194461,USDTUSD,1525780003.9893,0.9981,75.0,s,l,None
195758,USDTUSD,1525780003.9923,0.9981,75.0,s,l,None
196536,USDTUSD,1525780003.9956,0.9977,12926.389,s,l,None
195762,USDTUSD,1525780007.177,0.9978,13076.389,s,l,None
196554,USDTUSD,1525780009.0655,0.9979,75.0,s,l,None
195763,USDTUSD,1525780009.0765,0.9978,1013.3706778,s,l,None
201352,USDTUSD,1525780044.1984,0.9981,30.06795,b,l,None
195783,USDTUSD,1525780044.204,0.9988,44.9320498,b,l,None
195794,USDTUSD,1525780063.0967,0.9988,30.0679502,b,l,None
201663,USDTUSD,1525780063.1033,0.9988,31.48118994,b,l,None
195882,USDTUSD,1525780227.6035,0.9981,75.0,s,l,None
198588,USDTUSD,1525780719.0179,0.9985,75.0,b,l,None
195117,USDTUSD,1525780719.0208,0.9986,75.0,b,l,None
198630,USDTUSD,1525780719.0233,0.9987,30.06584,b,l,None
196110,USDTUSD,1525780719.0262,0.9987,30.06584,b,l,None
198448,USDTUSD,1525780719.0285,0.9987,87.11132,b,l,None
196173,USDTUSD,1525780854.9589,0.9986,58.19212,b,l,None
196178,USDTUSD,1525780863.2386,0.9986,16.807824,b,l,None
198897,USDTUSD,1525780892.6181,0.9986,5.6e-05,b,l,None
196194,USDTUSD,1525780892.6223,0.9987,34.08386,b,l,None
197445,USDTUSD,1525780892.6256,0.9987,75.0,b,l,None
194252,USDTUSD,1525780892.6287,0.9991,34.08264,b,l,None
195663,USDTUSD,1525780892.6320002,0.9991,34.08264,b,l,None
201574,USDTUSD,1525780892.6349,0.9992,34.08264,b,l,None
202220,USDTUSD,1525780892.6379998,0.9992,34.08264,b,l,None
194700,USDTUSD,1525780892.6409,0.9992,34.08264,b,l,None
195569,USDTUSD,1525780892.6442,0.9992,34.08264,b,l,None
201903,USDTUSD,1525780892.6473,0.9992,34.08264,b,l,None
199799,USDTUSD,1525780892.65,0.9992,34.08264,b,l,None
198988,USDTUSD,1525780892.6528,0.9992,34.08264,b,l,None
200683,USDTUSD,1525780892.6552,0.9995,3.072324,b,l,None
199957,USDTUSD,1525780906.6543,0.9987,34.09112,s,l,None
196541,USDTUSD,1525780906.6577,0.9987,34.09112,s,l,None
196146,USDTUSD,1525780906.6599,0.9985,34.08463,s,l,None
197601,USDTUSD,1525780906.6632,0.9985,34.08463,s,l,None
197631,USDTUSD,1525780906.6668,0.9983,75.0,s,l,None
199052,USDTUSD,1525780906.6692,0.9982,75.0,s,l,None
196201,USDTUSD,1525780906.6718,0.9981,48.4805,s,l,None
196211,USDTUSD,1525780926.215,0.9982,34.09112,s,l,None
199128,USDTUSD,1525780926.2189,0.9982,0.0623512,s,l,None
196222,USDTUSD,1525780962.5556,0.9992,75.0,b,l,None
196272,USDTUSD,1525780962.5636,0.9992,908.651,b,l,None
194392,USDTUSD,1525780962.6341,0.9992,941.26,b,l,None
196231,USDTUSD,1525780980.9424,0.9983,34.08937,s,l,None
198627,USDTUSD,1525780980.9459,0.9983,11.84746333,s,l,None
196237,USDTUSD,1525780991.4733,0.9983,22.24190667,s,l,None
199361,USDTUSD,1525780991.4811,0.9983,15.45857098,s,l,None
196253,USDTUSD,1525781022.8218,0.999,74.9992204,b,l,None
196488,USDTUSD,1525781600.4213,0.9988,48.69387,b,l,None
196492,USDTUSD,1525781606.2377,0.9986,31.03525207,s,l,None
194840,USDTUSD,1525781790.3168,0.9988,34.08846,b,l,None
196572,USDTUSD,1525781790.3204,0.9988,6.52978,b,l,None
196102,USDTUSD,1525781881.3537,0.9987,74.9987084,b,l,None
196663,USDTUSD,1525782002.0726,0.9987,75.0,b,l,None
194509,USDTUSD,1525782002.0782,0.9987,398.4837,b,l,None
198069,USDTUSD,1525782028.1035,0.9988,34.08846,b,m,None
200012,USDTUSD,1525782028.1134,0.9988,34.0889,b,m,None
194604,USDTUSD,1525782028.1159,0.9988,34.0889,b,m,None
201527,USDTUSD,1525782028.1182,0.9991,34.08904,b,m,None
196958,USDTUSD,1525782028.1205,0.9991,34.08888,b,m,None
198030,USDTUSD,1525782028.123,0.9992,838.63776364,b,m,None
195008,USDTUSD,1525782028.1257,0.9993,876.13776364,b,m,None
196677,USDTUSD,1525782028.1281,0.9994,34.08463,b,m,None
198867,USDTUSD,1525782028.1304,0.9994,34.08956,b,m,None
198607,USDTUSD,1525782028.1328,0.9994,34.08956,b,m,None
201271,USDTUSD,1525782028.135,0.9994,12.51654272,b,m,None
196706,USDTUSD,1525782096.113,0.9987,22.77735781,s,l,None
196718,USDTUSD,1525782124.1668,0.9994,21.57301728,b,l,None
199528,USDTUSD,1525782124.1719,0.9994,34.08956,b,l,None
196277,USDTUSD,1525782124.1754,0.9994,34.08937,b,l,None
194888,USDTUSD,1525782124.1794,0.9996,1.427e-05,b,l,None
197123,USDTUSD,1525783062.3611,0.9995,43.11700638,s,l,None
195426,USDTUSD,1525784018.1857,0.9995,75.0,b,l,None
200367,USDTUSD,1525784018.1887,0.9995,14.19225,b,l,None
201206,USDTUSD,1525784101.1098,0.9994,34.09568,s,m,None
201114,USDTUSD,1525784101.1131,0.9992,75.0,s,m,None
200566,USDTUSD,1525784101.1160002,0.9991,75.0,s,m,None
199703,USDTUSD,1525784101.1184,0.9988,34.09568,s,m,None
197725,USDTUSD,1525784101.1212,0.9988,34.09568,s,m,None
196027,USDTUSD,1525784101.1235,0.9988,34.09568,s,m,None
200491,USDTUSD,1525784101.1261,0.9988,34.09568,s,m,None
198361,USDTUSD,1525784101.1284,0.9986,34.0889,s,m,None
195086,USDTUSD,1525784101.1312,0.9986,34.09377,s,m,None
197785,USDTUSD,1525784101.1336,0.9986,34.09377,s,m,None
198597,USDTUSD,1525784101.1359,0.9986,34.09377,s,m,None
195696,USDTUSD,1525784101.1382,0.9986,34.09377,s,m,None
197819,USDTUSD,1525784101.1407,0.9986,34.09377,s,m,None
196479,USDTUSD,1525784101.1435,0.9986,34.09377,s,m,None
194783,USDTUSD,1525784101.1460001,0.9986,34.09377,s,m,None
202204,USDTUSD,1525784101.1771,0.9982,34.0272088,s,m,None
197144,USDTUSD,1525784101.1837,0.9982,34.08956,s,m,None
197590,USDTUSD,1525784101.1866,0.9982,34.08937,s,m,None
195380,USDTUSD,1525784101.1889,0.9982,34.08937,s,m,None
201176,USDTUSD,1525784101.1916,0.9979,485.59502,s,m,None
198088,USDTUSD,1525784101.1941,0.9978,30.06584,s,m,None
200646,USDTUSD,1525784101.1966,0.9976,30.07368,s,m,None
201307,USDTUSD,1525784101.2032,0.9976,2212.77021329,s,m,None
197708,USDTUSD,1525784337.8431,0.9991,75.0,b,l,None
201489,USDTUSD,1525784337.8613,0.9991,1244.41517366,b,l,None
197739,USDTUSD,1525784400.4645,0.999,74.9930836,b,l,None
197860,USDTUSD,1525784636.789,0.9991,44.60450816,b,l,None
194285,USDTUSD,1525784636.7936,0.9991,44.60450816,b,l,None
201933,USDTUSD,1525784677.7321,0.9992,30.06675,b,l,None
201422,USDTUSD,1525784677.7566,0.9992,30.06675,b,l,None
201719,USDTUSD,1525784677.7596,0.9992,30.06675,b,l,None
196662,USDTUSD,1525784677.7626,0.9992,30.06675,b,l,None
201505,USDTUSD,1525784677.7653,0.9992,30.06675,b,l,None
194339,USDTUSD,1525784677.7679,0.9992,30.06675,b,l,None
200233,USDTUSD,1525784677.7706,0.9992,30.06675,b,l,None
197782,USDTUSD,1525784677.7733,0.9992,30.06675,b,l,None
202353,USDTUSD,1525784677.7762,0.9992,30.06675,b,l,None
196984,USDTUSD,1525784677.7791,0.9992,30.06675,b,l,None
201712,USDTUSD,1525784677.7818,0.9992,30.06675,b,l,None
200522,USDTUSD,1525784677.7845,0.9992,30.06675,b,l,None
201811,USDTUSD,1525784677.7871,0.9992,30.06675,b,l,None
197825,USDTUSD,1525784677.7898,0.9992,30.06675,b,l,None
194641,USDTUSD,1525784677.7924,0.9992,30.06675,b,l,None
201391,USDTUSD,1525784677.7947,0.9992,30.06675,b,l,None
194372,USDTUSD,1525784677.7972,0.9992,30.06675,b,l,None
201262,USDTUSD,1525784677.7996,0.9992,30.06675,b,l,None
197565,USDTUSD,1525784677.8019,0.9992,30.06675,b,l,None
196228,USDTUSD,1525784677.8045,0.9992,30.06675,b,l,None
201724,USDTUSD,1525784677.8070002,0.9992,30.06675,b,l,None
202006,USDTUSD,1525784677.8096,0.9992,30.06675,b,l,None
197598,USDTUSD,1525784677.8126,0.9998,13.72896405,b,l,None
198505,USDTUSD,1525784677.8155,0.9998,34.05522,b,l,None
195273,USDTUSD,1525784677.8184,0.9998,34.07522,b,l,None
197603,USDTUSD,1525784677.821,0.9998,34.0774,b,l,None
197625,USDTUSD,1525784677.8236,0.9998,34.0774,b,l,None
198919,USDTUSD,1525784677.8263,0.9998,34.0774,b,l,None
198044,USDTUSD,1525784677.829,0.9998,34.0774,b,l,None
200647,USDTUSD,1525784677.8317,0.9998,34.0774,b,l,None
197336,USDTUSD,1525784677.8345,0.9998,34.0774,b,l,None
195732,USDTUSD,1525784677.8371,0.9998,34.0774,b,l,None
198943,USDTUSD,1525784677.8397,0.9998,34.0774,b,l,None
199351,USDTUSD,1525784677.8422,0.9998,34.0774,b,l,None
196444,USDTUSD,1525784677.8456,0.9998,34.07936,b,l,None
196046,USDTUSD,1525784677.8492,0.9998,34.07936,b,l,None
194801,USDTUSD,1525784677.8519,0.9998,34.07936,b,l,None
197740,USDTUSD,1525784677.8543,0.9998,34.07936,b,l,None
197827,USDTUSD,1525784677.8571,0.9998,34.07936,b,l,None
196209,USDTUSD,1525784677.8598,0.9998,34.07936,b,l,None
197916,USDTUSD,1525784677.8634,0.9998,34.07936,b,l,None
202037,USDTUSD,1525784677.8658,0.9998,34.07936,b,l,None
197105,USDTUSD,1525784677.869,0.9998,34.07936,b,l,None
201049,USDTUSD,1525784677.8721,0.9998,34.07936,b,l,None
194549,USDTUSD,1525784677.8752,0.9998,34.07936,b,l,None
200458,USDTUSD,1525784677.8777,0.9998,34.07936,b,l,None
200798,USDTUSD,1525784677.8806,0.9998,34.07936,b,l,None
199042,USDTUSD,1525784677.8835,0.9998,34.07936,b,l,None
195384,USDTUSD,1525784677.8860002,0.9998,34.07936,b,l,None
201286,USDTUSD,1525784677.8886,0.9998,34.07936,b,l,None
194865,USDTUSD,1525784677.8911,0.9998,34.07936,b,l,None
202364,USDTUSD,1525784677.8938,0.9998,34.07936,b,l,None
199267,USDTUSD,1525784677.8963,0.9998,34.07936,b,l,None
195576,USDTUSD,1525784677.8988,0.9998,34.07936,b,l,None
195995,USDTUSD,1525784677.9015,0.9998,34.07936,b,l,None
196322,USDTUSD,1525784677.9044,0.9998,34.07936,b,l,None
200845,USDTUSD,1525784677.907,0.9998,34.07936,b,l,None
197443,USDTUSD,1525784677.9096,0.9998,34.07936,b,l,None
198732,USDTUSD,1525784677.9121,0.9998,34.07936,b,l,None
196873,USDTUSD,1525784677.9156,0.9998,34.07936,b,l,None
200825,USDTUSD,1525784677.9181,0.9998,34.07936,b,l,None
197874,USDTUSD,1525784677.9211,0.9998,34.07936,b,l,None
197490,USDTUSD,1525784677.9238,0.9998,34.07936,b,l,None
201575,USDTUSD,1525784677.9269,0.9998,34.07936,b,l,None
195043,USDTUSD,1525784677.9303,0.9998,34.07936,b,l,None
198353,USDTUSD,1525784677.9348,0.9998,34.07936,b,l,None
201543,USDTUSD,1525784677.938,0.9998,34.07936,b,l,None
197893,USDTUSD,1525784677.9407,0.9998,34.07931,b,l,None
196834,USDTUSD,1525784677.9433,0.9998,34.07931,b,l,None
198693,USDTUSD,1525784677.9459,0.9998,34.07931,b,l,None
195673,USDTUSD,1525784677.9486,0.9998,34.07931,b,l,None
197872,USDTUSD,1525784677.9518,0.9998,34.07931,b,l,None
198238,USDTUSD,1525784677.9552,0.9998,63.96006595,b,l,None
197884,USDTUSD,1525784696.6220002,0.9992,34.11478,s,l,None
194421,USDTUSD,1525784696.6267,0.9992,34.11478,s,l,None
197238,USDTUSD,1525784696.629,0.9992,0.05501108,s,l,None
196747,USDTUSD,1525784766.3746,0.9994,75.0,s,l,None
197909,USDTUSD,1525784766.3826,0.9994,0.0449821,s,l,None
196355,USDTUSD,1525785393.4029,0.9994,75.0,s,l,None
198192,USDTUSD,1525785393.4056,0.9994,27.36600281,s,l,None
198212,USDTUSD,1525785437.6592,0.9994,36.77388983,s,l,None
198589,USDTUSD,1525786326.17,0.9994,74.9989,b,l,None
198822,USDTUSD,1525786778.1442,0.9996,43.36937746,s,l,None
200776,USDTUSD,1525786869.3418,0.9994,19.84103062,s,l,None
199839,USDTUSD,1525787579.1066,0.9994,75.0,s,m,None
197691,USDTUSD,1525787579.1145,0.9994,75.0,s,m,None
201662,USDTUSD,1525787579.1183,0.9993,34.11447,s,m,None
197324,USDTUSD,1525787579.1212,0.9993,34.11447,s,m,None
197980,USDTUSD,1525787579.1247,0.9993,34.14089,s,m,None
201404,USDTUSD,1525787579.1277,0.9993,34.14089,s,m,None
196061,USDTUSD,1525787579.1308,0.9993,34.14089,s,m,None
202250,USDTUSD,1525787579.1337,0.9993,34.14089,s,m,None
202139,USDTUSD,1525787579.1365,0.9993,34.14089,s,m,None
197024,USDTUSD,1525787579.1396,0.9993,34.14089,s,m,None
199817,USDTUSD,1525787579.1425,0.9993,34.14089,s,m,None
202142,USDTUSD,1525787579.1455,0.9993,34.14089,s,m,None
197295,USDTUSD,1525787579.1483,0.9993,34.14089,s,m,None
202099,USDTUSD,1525787579.1513,0.9993,34.14089,s,m,None
198306,USDTUSD,1525787579.154,0.9993,34.14089,s,m,None
202359,USDTUSD,1525787579.1567,0.9993,34.14089,s,m,None
199318,USDTUSD,1525787579.1596,0.9993,34.14089,s,m,None
200626,USDTUSD,1525787579.1626,0.9993,34.14089,s,m,None
196680,USDTUSD,1525787579.1654,0.9993,34.14089,s,m,None
199466,USDTUSD,1525787579.1683,0.9993,34.14089,s,m,None
199297,USDTUSD,1525787579.1709,0.9993,34.14089,s,m,None
200829,USDTUSD,1525787579.1736,0.9993,34.14089,s,m,None
197342,USDTUSD,1525787579.1763,0.9993,34.14089,s,m,None
200933,USDTUSD,1525787579.1792,0.9993,34.14089,s,m,None
196878,USDTUSD,1525787579.1819,0.9993,34.14089,s,m,None
202010,USDTUSD,1525787579.1846,0.9993,34.14089,s,m,None
195229,USDTUSD,1525787579.1872,0.9993,34.13321,s,m,None
194300,USDTUSD,1525787579.1899,0.9993,34.13321,s,m,None
201661,USDTUSD,1525787579.1926,0.9993,34.13321,s,m,None
194866,USDTUSD,1525787579.1954,0.9993,34.13321,s,m,None
198574,USDTUSD,1525787579.1981,0.9992,34.05976892,s,m,None
195055,USDTUSD,1525787579.2006,0.9992,34.11478,s,m,None
199575,USDTUSD,1525787579.2033,0.9992,34.14089,s,m,None
194567,USDTUSD,1525787579.2062,0.9992,34.14089,s,m,None
199023,USDTUSD,1525787579.2089,0.9992,34.14089,s,m,None
201974,USDTUSD,1525787579.2113,0.9992,34.14089,s,m,None
194198,USDTUSD,1525787579.2139,0.9992,34.14089,s,m,None
198043,USDTUSD,1525787579.2164,0.9992,34.14089,s,m,None
200680,USDTUSD,1525787579.2195,0.9992,34.14089,s,m,None
194352,USDTUSD,1525787579.2229998,0.9992,34.14089,s,m,None
197554,USDTUSD,1525787579.2257,0.9992,34.14089,s,m,None
196634,USDTUSD,1525787579.228,0.9992,34.14089,s,m,None
196624,USDTUSD,1525787579.2303,0.9992,34.14089,s,m,None
196836,USDTUSD,1525787579.235,0.9992,34.14089,s,m,None
200376,USDTUSD,1525787579.2378,0.9992,34.14089,s,m,None
196192,USDTUSD,1525787579.2405,0.9992,34.14089,s,m,None
202163,USDTUSD,1525787579.2432,0.9992,34.14089,s,m,None
195957,USDTUSD,1525787579.2526,0.9992,34.14089,s,m,None
194671,USDTUSD,1525787579.256,0.9992,34.14089,s,m,None
198156,USDTUSD,1525787579.2588,0.9992,34.14089,s,m,None
200452,USDTUSD,1525787579.2619,0.9992,34.14089,s,m,None
198980,USDTUSD,1525787579.2651,0.9992,34.14089,s,m,None
199555,USDTUSD,1525787579.2678,0.9992,34.14089,s,m,None
195038,USDTUSD,1525787579.2705,0.9992,34.14089,s,m,None
199278,USDTUSD,1525787579.2731,0.9992,34.14089,s,m,None
201065,USDTUSD,1525787579.2765,0.9992,34.14089,s,m,None
198236,USDTUSD,1525787579.279,0.9992,34.14089,s,m,None
194760,USDTUSD,1525787579.2823,0.9992,34.14089,s,m,None
199522,USDTUSD,1525787579.2855,0.9992,34.14089,s,m,None
199534,USDTUSD,1525787579.2879999,0.9992,34.14089,s,m,None
201224,USDTUSD,1525787579.2913,0.9992,34.14089,s,m,None
200488,USDTUSD,1525787579.2942,0.9992,34.14089,s,m,None
198013,USDTUSD,1525787579.2974,0.9992,34.14089,s,m,None
196904,USDTUSD,1525787579.3,0.9992,34.14089,s,m,None
195688,USDTUSD,1525787579.3048,0.9992,34.14089,s,m,None
197062,USDTUSD,1525787579.3087,0.9992,34.14089,s,m,None
198683,USDTUSD,1525787579.3117,0.9992,34.14089,s,m,None
199148,USDTUSD,1525787579.3154,0.9992,34.14089,s,m,None
201887,USDTUSD,1525787579.3186,0.998,1244.41517366,s,m,None
197229,USDTUSD,1525787579.3214,0.9978,34.11478,s,m,None
199586,USDTUSD,1525787579.3246,0.9978,2671.95515133,s,m,None
200756,USDTUSD,1525787579.3287,0.9976,25459.22978671,s,m,None
199806,USDTUSD,1525787579.3337,0.9976,8000.0,s,m,None
201182,USDTUSD,1525787579.3377,0.9975,167.17715938,s,m,None
199567,USDTUSD,1525788099.7851,0.9987,74.99954,b,l,None
199627,USDTUSD,1525788203.6301,0.9988,75.0,s,l,None
195604,USDTUSD,1525788203.635,0.9987,75.0,s,l,None
200879,USDTUSD,1525788203.6373,0.9987,243.7,s,l,None
200271,USDTUSD,1525789260.8028,0.9985,59.62146932,s,l,None
200186,USDTUSD,1525790464.168,0.9985,75.0,b,l,None
199998,USDTUSD,1525790464.1732,0.9985,75.0,b,l,None
196912,USDTUSD,1525790464.1757,0.9991,14089.7596778,b,l,None
196273,USDTUSD,1525790464.1784,0.9992,33.12803,b,l,None
202093,USDTUSD,1525790464.1809,0.9992,33.12803,b,l,None
197638,USDTUSD,1525790464.1833,0.9992,32.18107,b,l,None
195274,USDTUSD,1525790464.1858,0.9992,32.18107,b,l,None
197674,USDTUSD,1525790464.1883,0.9992,31.26117,b,l,None
200274,USDTUSD,1525790464.191,0.9992,31.26117,b,l,None
201370,USDTUSD,1525790464.1933,0.9992,31.26117,b,l,None
198593,USDTUSD,1525790464.1958,0.9992,31.26117,b,l,None
197866,USDTUSD,1525790464.1982,0.9992,30.06946,b,l,None
202308,USDTUSD,1525790464.2006,0.9992,30.06946,b,l,None
199995,USDTUSD,1525790464.2029,0.9992,30.06946,b,l,None
201475,USDTUSD,1525790464.2051,0.9992,30.06946,b,l,None
197608,USDTUSD,1525790464.2075,0.9992,30.06946,b,l,None
197522,USDTUSD,1525790464.2099,0.9992,30.06946,b,l,None
201769,USDTUSD,1525790464.2125,0.9992,30.06946,b,l,None
195321,USDTUSD,1525790464.215,0.9992,30.06946,b,l,None
201993,USDTUSD,1525790464.2174,0.9992,30.06946,b,l,None
197382,USDTUSD,1525790464.2196,0.9992,30.06946,b,l,None
199359,USDTUSD,1525790464.2222,0.9992,30.06946,b,l,None
200573,USDTUSD,1525790464.2246,0.9992,30.06946,b,l,None
201521,USDTUSD,1525790464.2271,0.9992,30.06946,b,l,None
195303,USDTUSD,1525790464.2296,0.9992,30.06946,b,l,None
199922,USDTUSD,1525790464.2325,0.9992,30.06946,b,l,None
196413,USDTUSD,1525790464.2351,0.9992,30.06946,b,l,None
200844,USDTUSD,1525790464.2377,0.9992,30.06946,b,l,None
197072,USDTUSD,1525790464.2402,0.9992,30.06946,b,l,None
195280,USDTUSD,1525790464.2425,0.9992,30.06946,b,l,None
199300,USDTUSD,1525790464.2448,0.9992,30.06946,b,l,None
195598,USDTUSD,1525790464.2472,0.9992,30.06946,b,l,None
196494,USDTUSD,1525790464.2495,0.9992,30.06946,b,l,None
195632,USDTUSD,1525790464.2517,0.9992,30.06946,b,l,None
200710,USDTUSD,1525790464.2539,0.9992,30.06946,b,l,None
198320,USDTUSD,1525790464.2561,0.9992,30.06946,b,l,None
194364,USDTUSD,1525790464.2584,0.9992,30.06946,b,l,None
195832,USDTUSD,1525790464.2608,0.9992,30.06946,b,l,None
194982,USDTUSD,1525790464.2629998,0.9992,30.06946,b,l,None
201193,USDTUSD,1525790464.2653,0.9992,30.06946,b,l,None
197665,USDTUSD,1525790464.2676,0.9992,30.06946,b,l,None
194640,USDTUSD,1525790464.2699,0.9992,30.06946,b,l,None
199649,USDTUSD,1525790464.2721,0.9992,30.06946,b,l,None
199436,USDTUSD,1525790464.2747,0.9992,30.06946,b,l,None
195521,USDTUSD,1525790464.2772,0.9992,30.06946,b,l,None
195144,USDTUSD,1525790464.2795,0.9992,30.06946,b,l,None
200965,USDTUSD,1525790464.2817,0.9992,30.06946,b,l,None
196039,USDTUSD,1525790464.2838,0.9992,30.06946,b,l,None
198578,USDTUSD,1525790464.286,0.9992,30.06946,b,l,None
197486,USDTUSD,1525790464.2881,0.9992,30.06946,b,l,None
196226,USDTUSD,1525790464.2904,0.9992,30.06946,b,l,None
194971,USDTUSD,1525790464.2929,0.9992,30.06946,b,l,None
199137,USDTUSD,1525790464.2952,0.9992,30.06946,b,l,None
194606,USDTUSD,1525790464.2976,0.9992,30.06946,b,l,None
194179,USDTUSD,1525790464.2998,0.9992,30.06946,b,l,None
201272,USDTUSD,1525790464.3019,0.9992,30.06946,b,l,None
195089,USDTUSD,1525790464.3042,0.9992,30.06946,b,l,None
197194,USDTUSD,1525790464.3065,0.9992,30.06946,b,l,None
202086,USDTUSD,1525790464.3091,0.9992,30.06946,b,l,None
199958,USDTUSD,1525790464.3113,0.9992,30.06946,b,l,None
194855,USDTUSD,1525790464.3135,0.9992,30.06946,b,l,None
197623,USDTUSD,1525790464.3157,0.9992,30.06946,b,l,None
199580,USDTUSD,1525790464.3179,0.9992,30.06946,b,l,None
202058,USDTUSD,1525790464.3202,0.9992,30.06946,b,l,None
200611,USDTUSD,1525790464.3223,0.9992,30.06946,b,l,None
202330,USDTUSD,1525790464.3246,0.9992,30.06946,b,l,None
202363,USDTUSD,1525790464.3270001,0.9992,30.06946,b,l,None
200928,USDTUSD,1525790464.3295,0.9992,30.06946,b,l,None
200339,USDTUSD,1525790464.3317,0.9992,30.06946,b,l,None
194723,USDTUSD,1525790464.3338,0.9992,30.06946,b,l,None
197802,USDTUSD,1525790464.3359,0.9992,30.06946,b,l,None
195804,USDTUSD,1525790464.3381,0.9992,30.06946,b,l,None
194305,USDTUSD,1525790464.3405,0.9992,30.06946,b,l,None
201603,USDTUSD,1525790464.3429,0.9992,30.06946,b,l,None
201058,USDTUSD,1525790464.3470001,0.9992,30.06946,b,l,None
195777,USDTUSD,1525790464.3492,0.9992,30.06946,b,l,None
198784,USDTUSD,1525790464.3513,0.9992,30.06946,b,l,None
200447,USDTUSD,1525790464.3535,0.9992,30.06946,b,l,None
197672,USDTUSD,1525790464.356,0.9992,30.06946,b,l,None
195977,USDTUSD,1525790464.3583,0.9996,1626.33673174,b,l,None
194209,USDTUSD,1525790464.3606,0.9997,34.11447,b,l,None
201785,USDTUSD,1525790464.3628,0.9997,34.11447,b,l,None
197149,USDTUSD,1525790464.3651,0.9997,10429.74492348,b,l,None
196221,USDTUSD,1525790800.1117,0.9989,75.0,s,m,None
201183,USDTUSD,1525790800.1206,0.9988,75.0,s,m,None
198625,USDTUSD,1525790800.123,0.9986,34.15387,s,m,None
194159,USDTUSD,1525790800.1256,0.9986,15.84613,s,m,None
201994,USDTUSD,1525792179.2449,0.9987,29.94011976,s,m,None
194382,USDTUSD,1525792457.6288,0.9988,75.0,b,l,None
196720,USDTUSD,1525792457.6384,0.9988,75.0,b,l,None
195543,USDTUSD,1525792457.641,0.9989,34.15325,b,l,None
200755,USDTUSD,1525792457.6434,0.9996,828.13842575,b,l,None
197931,USDTUSD,1525792457.6459,0.9996,828.13842575,b,l,None
196466,USDTUSD,1525792457.6489,0.9997,48810.15401121,b,l,None
198801,USDTUSD,1525792457.6508,0.9997,18.84598879,b,l,None
195546,USDTUSD,1525792457.6542,0.9999,25792.75428838,b,l,None
201910,USDTUSD,1525792457.6568,0.9999,6.00720865,b,l,None
194622,USDTUSD,1525792457.6596,0.9999,2493.99279135,b,l,None
196495,USDTUSD,1525792457.6617,0.9999,2500.0,b,l,None
199126,USDTUSD,1525792457.6639,0.9999,6.00720865,b,l,None
194383,USDTUSD,1525792457.6667,1.0,134723.6963,b,l,None
201256,USDTUSD,1525792457.6698,1.0,350000.0,b,l,None
198973,USDTUSD,1525792457.6729,1.0,299995.0,b,l,None
197033,USDTUSD,1525792457.6759,1.0,13076.389,b,l,None
195498,USDTUSD,1525792457.6792,1.0001,342151.03474441,b,l,None
197138,USDTUSD,1525792457.681,1.0001,546.56714815,b,l,None
197583,USDTUSD,1525792457.6828,1.0001,0.87311046,b,l,None
197794,USDTUSD,1525792457.6845,1.0001,0.00139475,b,l,None
194176,USDTUSD,1525792457.6866,1.0001,2.23e-06,b,l,None
201801,USDTUSD,1525792457.6912,1.0005,103.34645041,b,l,None
199688,USDTUSD,1525792457.6933,1.0005,150.0,b,l,None
200306,USDTUSD,1525792457.6954,1.0005,111.03296703,b,l,None
196926,USDTUSD,1525792457.6972,1.0005,32.88746733,b,l,None
200590,USDTUSD,1525792457.7004,1.0005,78.1454997,b,l,None
194998,USDTUSD,1525792457.7023,1.0005,200.0,b,l,None
195488,USDTUSD,1525792457.7042,1.0005,324.58761553,b,l,None
202113,USDTUSD,1525792457.7071,1.0009,62.9,b,l,None
201493,USDTUSD,1525792457.7117,1.001,5441.63620681,b,l,None
200865,USDTUSD,1525792457.7135,1.001,10.86154931,b,l,None
200288,USDTUSD,1525792457.7153,1.001,0.02167974,b,l,None
200725,USDTUSD,1525792457.717,1.001,4.327e-05,b,l,None
197669,USDTUSD,1525792457.7188,1.001,9e-08,b,l,None
197184,USDTUSD,1525792457.7213,1.001,472.26688477,b,l,None
202159,USDTUSD,1525792457.7236,1.001,150.0,b,l,None
194856,USDTUSD,1525792457.7259,1.001,53.1454997,b,l,None
201548,USDTUSD,1525792457.7279,1.001,324.58761553,b,l,None
197613,USDTUSD,1525792457.7305,1.001,1133.03011447,b,l,None
197397,USDTUSD,1525792457.7327,1.001,2.26153716,b,l,None
194944,USDTUSD,1525792457.7351,1.001,0.00444837,b,l,None
199669,USDTUSD,1525792457.7395,1.001,8.98221302,b,l,None
201103,USDTUSD,1525792457.7418,1.001,0.01778698,b,l,None
201629,USDTUSD,1525792460.4706,1.001,4088.70140758,s,l,None
195727,USDTUSD,1525792460.4767,1.001,3.26834645,s,l,None
202160,USDTUSD,1525792460.4787,1.001,0.00260597,s,l,None
194583,USDTUSD,1525792463.0302,1.001,13076.389,s,l,None
202164,USDTUSD,1525792465.1046,1.001,13076.389,s,l,None
202166,USDTUSD,1525792467.4983,1.001,13076.389,s,l,None
196356,USDTUSD,1525792469.1329,1.001,13076.389,s,l,None
202175,USDTUSD,1525792482.6716,1.001,13.39079824,s,l,None
201667,USDTUSD,1525792581.0991,1.001,130.17828171,s,l,None
202275,USDTUSD,1525792625.9346,1.001,247.48469158,s,l,None
194160,USDTUSD,1525792824.832,1.001,39.60895244,s,l,None
194228,USDTUSD,1525792983.4623,1.001,110.89533286,s,l,None
194233,USDTUSD,1525792995.6731,1.001,15935.252,s,l,None
194262,USDTUSD,1525793082.7916,1.001,48.46849183,s,l,None
194303,USDTUSD,1525793181.6971,1.001,134.89475524,s,l,None
194391,USDTUSD,1525793413.2021,1.001,497.92622377,s,l,None
194394,USDTUSD,1525793427.62,1.001,100.47567432,s,l,None
194405,USDTUSD,1525793455.9879,1.001,54.33566433,s,l,None
194451,USDTUSD,1525793566.2152,1.001,74.59026766,s,l,None
194455,USDTUSD,1525793575.9958,1.001,825.85070129,s,l,None
194468,USDTUSD,1525793616.1798,1.001,1988.01,s,l,None
194540,USDTUSD,1525793760.736,1.001,45.02413838,s,l,None
194682,USDTUSD,1525794039.5638,1.001,107.97346653,s,l,None
194750,USDTUSD,1525794177.9553,1.001,74.72847152,s,l,None
194834,USDTUSD,1525794339.4891,1.001,33.07513936,s,l,None
194860,USDTUSD,1525794393.4518,1.001,23.38973026,s,l,None
194920,USDTUSD,1525794523.4139,1.001,96.6210989,s,l,None
194931,USDTUSD,1525794541.2276,1.001,327.72110889,s,l,None
194942,USDTUSD,1525794561.0599,1.001,146.55344655,s,l,None
194947,USDTUSD,1525794571.034,1.001,16.12043956,s,l,None
194951,USDTUSD,1525794578.0577,1.001,16.12043956,s,l,None
194956,USDTUSD,1525794609.7231,1.001,15.38664335,s,l,None
195067,USDTUSD,1525794856.7985,1.0011,799.500998,s,m,None
195168,USDTUSD,1525794908.4026,1.0011,732.66406952,s,l,None
195138,USDTUSD,1525795010.1492,1.0011,16.14234342,s,l,None
195704,USDTUSD,1525796280.3457,1.0011,787.88883953,s,m,None
196274,USDTUSD,1525796280.3481,1.0011,1.11116047,s,m,None
196967,USDTUSD,1525796554.2718,1.0011,113.89103599,s,l,None
199316,USDTUSD,1525797364.3563,1.0011,11638.56123087,s,l,None
196248,USDTUSD,1525797396.1574,1.0011,20.0,b,m,None
196351,USDTUSD,1525797488.4389,1.001,1971.05788423,s,m,None
201094,USDTUSD,1525797488.4483,1.001,3.93424728,s,m,None
199697,USDTUSD,1525797488.4502,1.001,0.00785278,s,m,None
196289,USDTUSD,1525797488.4519,1.001,1.568e-05,s,m,None
196586,USDTUSD,1525797488.4536,1.001,3e-08,s,m,None
200677,USDTUSD,1525797764.2801,1.001,76.4562793,s,l,None
194460,USDTUSD,1525798366.0233,1.001,23.88917835,s,m,None
197658,USDTUSD,1525798366.0569,1.001,0.04768299,s,m,None
196651,USDTUSD,1525798366.0591,1.001,3.866e-05,s,m,None
196750,USDTUSD,1525798575.2537,1.0011,859.49405654,b,m,None
196795,USDTUSD,1525798709.5809,1.001,60.94297562,s,l,None
196825,USDTUSD,1525798780.5132,1.001,59.11448551,s,l,None
200133,USDTUSD,1525799047.3344,1.0011,767.2,b,m,None
196431,USDTUSD,1525799073.312,1.0011,153.36360004,b,m,None
197155,USDTUSD,1525799517.8761,1.001,19.4578197,s,l,None
198877,USDTUSD,1525799979.6106,1.0011,986562.38111255,b,l,None
197364,USDTUSD,1525799979.6144,1.0011,14089.7596778,b,l,None
197399,USDTUSD,1525800050.7106,1.0011,105.72826808,s,l,None
197917,USDTUSD,1525801170.6679,1.0012,0.9975,b,m,None
197930,USDTUSD,1525801206.4986,1.0012,0.4235,b,m,None
194778,USDTUSD,1525801206.5031,1.0012,0.574,b,m,None
197944,USDTUSD,1525801239.2909,1.0011,0.574,s,m,None
198057,USDTUSD,1525801478.6427,1.0011,305.68984473,s,l,None
197607,USDTUSD,1525802727.8718,1.0011,139.14180938,s,l,None
198770,USDTUSD,1525803063.4865,1.0012,1002.005,b,m,None
194773,USDTUSD,1525803063.5049,1.0012,106.8214143,b,m,None
197112,USDTUSD,1525803236.3176,1.0011,35.5565647,s,l,None
198884,USDTUSD,1525803283.8756,1.0011,143.69936222,s,l,None
198895,USDTUSD,1525803296.9184,1.0011,105.1755045,s,l,None
201165,USDTUSD,1525803355.3518,1.0011,523.138,s,l,None
199012,USDTUSD,1525803467.5946,1.0011,9.98003992,s,m,None
196475,USDTUSD,1525803467.5978,1.0011,0.01992024,s,m,None
201545,USDTUSD,1525803467.5997,1.0011,3.976e-05,s,m,None
199184,USDTUSD,1525803467.6018,1.0011,8e-08,s,m,None
199038,USDTUSD,1525803500.8871,1.0012,49.13001803,b,l,None
199057,USDTUSD,1525803527.4349,1.0012,55.40819107,b,l,None
199143,USDTUSD,1525803658.7644,1.0011,232.92877834,s,l,None
199199,USDTUSD,1525803755.585,1.0011,7260.97870943,s,l,None
199212,USDTUSD,1525803773.1152,1.0012,42.93413756,b,l,None
199261,USDTUSD,1525803967.2055,1.0011,990485.24836827,s,l,None
199614,USDTUSD,1525804142.0341,1.001,34.04077,s,l,None
195754,USDTUSD,1525804142.0383,1.001,34.04077,s,l,None
195985,USDTUSD,1525804142.0408,1.001,34.04077,s,l,None
198301,USDTUSD,1525804142.0433,1.001,34.04041,s,l,None
199426,USDTUSD,1525804142.0455,1.001,34.04041,s,l,None
196251,USDTUSD,1525804142.0477,1.001,34.04041,s,l,None
198799,USDTUSD,1525804142.0501,1.001,34.04041,s,l,None
196763,USDTUSD,1525804142.0524,1.001,34.04041,s,l,None
200243,USDTUSD,1525804142.0547,1.001,34.04041,s,l,None
200052,USDTUSD,1525804142.0571,1.001,34.04041,s,l,None
