time,price,volume,buy_or_sell,market_or_limit,misc
1525721451.7608,0.9999,34.0309,b,l,None
1525721451.7629998,0.9999,34.0309,b,l,None
1525721451.7657,0.9999,34.0309,b,l,None
1525721451.7681,0.9999,34.02036,b,l,None
1525721451.7708,1.0,602.73311523,b,l,None
1525721451.7736,1.0,37.4354654,b,l,None
1525721451.7795,1.0,359.83141937,b,l,None
1525721451.7827,1.0,1457.70173287,b,l,None
1525721452.2613,1.0,13076.389,b,l,None
1525721454.9569,1.0,13076.389,b,l,None
1525721456.1453,1.0,13076.389,b,l,None
1525721472.2063,1.0,13076.389,b,l,None
1525721473.4783,1.0,13076.389,b,l,None
1525721476.2951,1.0,13076.389,b,l,None
1525721481.8834,1.0,112.73152083,b,l,None
1525721517.4151,1.0,13076.389,b,l,None
1525721518.8449,1.0,6894.8437463,b,l,None
1525721518.8489,1.0,2891.34469442,b,l,None
1525721518.8522,1.0,3290.20055928,b,l,None
1525721521.8178,1.0,13076.389,b,l,None
1525721523.5386,1.0,38.45539634,b,l,None
1525721523.542,1.0,0.07675728,b,l,None
1525721523.5439,1.0,8.71e-05,b,l,None
1525721523.5476,1.0,99.8003992,b,l,None
1525721523.5501,1.0,0.1992024,b,l,None
1525721523.552,1.0,0.0003976,b,l,None
1525721523.5538,1.0,8e-07,b,l,None
1525721523.5577,1.0,486.2096998,b,l,None
1525721523.5601,1.0,0.9703002,b,l,None
1525721523.5632,1.0,12450.67675928,b,l,None
1525721526.7570002,1.0,3061.749166,b,l,None
1525721526.7602,1.0,3.66969537,b,l,None
1525721526.7626,1.0,0.00437935,b,l,None
1525721526.7679,1.0,10010.96575928,b,l,None
1525721530.45,1.0,13076.389,b,l,None
1525721795.8369,0.9998,34.04686,s,m,None
1525721795.8398,0.9998,34.04686,s,m,None
1525721795.8422,0.9998,34.04686,s,m,None
1525721795.8446,0.9998,34.04686,s,m,None
1525721795.8472,0.9998,34.04686,s,m,None
1525721795.8498,0.9998,34.04686,s,m,None
1525721795.8526,0.9998,34.04686,s,m,None
1525721795.8553,0.9998,34.04686,s,m,None
1525721795.8577,0.9998,34.04686,s,m,None
1525721795.86,0.9998,34.04686,s,m,None
1525721795.8625,0.9998,34.04686,s,m,None
1525721795.8647,0.9998,34.04686,s,m,None
1525721795.8669,0.9998,34.04686,s,m,None
1525721795.8694,0.9998,34.04686,s,m,None
1525721795.8720002,0.9998,34.04686,s,m,None
1525721795.8746,0.9994,911.86863493,s,m,None
1525721795.8767,0.9994,1.82009708,s,m,None
1525721795.8789,0.9994,0.00356799,s,m,None
1525721846.9060001,0.9998,34.04206,b,l,None
1525721846.9098,0.9998,34.04206,b,l,None
1525721846.9125,0.9998,34.04206,b,l,None
1525721846.9152,0.9998,34.04206,b,l,None
1525721846.9191,0.9998,34.04206,b,l,None
1525721846.9219,0.9998,34.04206,b,l,None
1525721846.9245,0.9998,34.04206,b,l,None
1525721846.9292,0.9998,34.04206,b,l,None
1525721846.9322,0.9998,34.04206,b,l,None
1525721846.9349,0.9998,34.04206,b,l,None
1525721846.9385,1.0,12735.9684,b,l,None
1525721849.8741,1.0,13076.389,b,l,None
1525721850.8389,1.0,13076.389,b,l,None
1525721954.6261,0.9999,34.04206,b,l,None
1525721954.6296,0.9999,34.04206,b,l,None
1525721954.6319,0.9999,34.04526,b,l,None
1525721954.6341,0.9999,26.5599349,b,l,None
1525722327.2655,0.9998,34.04526,s,m,None
1525722327.2696,0.9998,34.04526,s,m,None
1525722327.2728,0.9998,34.04526,s,m,None
1525722327.2765,0.9998,34.04526,s,m,None
1525722327.279,0.9998,34.03732,s,m,None
1525722327.2815,0.9998,34.03732,s,m,None
1525722327.2846,0.9998,34.03732,s,m,None
1525722327.2874,0.9998,34.03732,s,m,None
1525722327.2899,0.9998,34.03732,s,m,None
1525722327.2924,0.9995,34.04206,s,m,None
1525722327.2949,0.9995,34.04206,s,m,None
1525722327.2972,0.9995,34.04206,s,m,None
1525722327.2997,0.9995,34.04206,s,m,None
1525722327.3027,0.9995,34.04526,s,m,None
1525722327.3051,0.9995,0.41886,s,m,None
1525722501.1191,0.9995,33.6264,s,l,None
1525722501.1226,0.9995,22.06056686,s,l,None
1525722501.1243,0.9995,0.04403306,s,l,None
1525722501.1262,0.9995,8e-08,s,l,None
1525722505.6339,0.9998,34.0247,b,l,None
1525722505.64,0.9998,34.0247,b,l,None
1525722505.6428,0.9998,34.0247,b,l,None
1525722505.6451,0.9998,34.0247,b,l,None
1525722505.6474,0.9998,34.0247,b,l,None
1525722505.65,0.9998,34.0247,b,l,None
1525722505.6523,0.9998,34.0247,b,l,None
1525722505.6548,0.9998,34.0247,b,l,None
1525722505.6572,0.9998,34.0247,b,l,None
1525722505.6599,0.9998,34.0247,b,l,None
1525722505.6624,0.9998,34.0247,b,l,None
1525722505.6648,0.9998,34.0247,b,l,None
1525722505.6672,0.9999,6.9296,b,l,None
1525722505.6905,0.9999,0.5557251,b,l,None
1525722505.6936,0.9999,34.0247,b,l,None
1525722505.6963,0.9999,34.0247,b,l,None
1525722505.6996,1.0,1050.6338749,b,l,None
1525722505.7053,1.0,513.033,b,l,None
1525722505.7587,1.0,592.262,b,l,None
1525722505.8864,1.0,1066.097,b,l,None
1525722506.2266,1.0,352.917,b,l,None
1525722506.3996,1.0,2051.02,b,l,None
1525722686.2412,1.0,1900.0,b,m,None
1525723058.6233,0.9998,34.02435,s,m,None
1525723058.6269,0.9998,34.02435,s,m,None
1525723058.6298,0.9998,34.02435,s,m,None
1525723058.6324,0.9998,34.02435,s,m,None
1525723058.6352,0.9998,34.02435,s,m,None
1525723058.6377,0.9998,34.02435,s,m,None
1525723058.6405,0.9998,34.02435,s,m,None
1525723058.6432,0.9998,34.02435,s,m,None
1525723058.6455,0.9998,34.02435,s,m,None
1525723058.6479998,0.9998,34.02435,s,m,None
1525723058.6504,0.9998,34.02435,s,m,None
1525723058.6531,0.9998,34.02435,s,m,None
1525723058.6560001,0.9998,34.02435,s,m,None
1525723058.6584,0.9998,34.02435,s,m,None
1525723058.6608,0.9998,34.02425,s,m,None
1525723058.6631,0.9998,34.02425,s,m,None
1525723058.6654,0.9998,34.02425,s,m,None
1525723058.6676,0.9998,34.02425,s,m,None
1525723058.6701,0.9998,34.02425,s,m,None
1525723058.6724,0.9998,34.02425,s,m,None
1525723058.6748,0.9995,11.94066,s,m,None
1525723058.6772,0.9995,34.04526,s,m,None
1525723058.6801,0.9995,34.0247,s,m,None
1525723058.6827,0.9995,34.0247,s,m,None
1525723058.6855,0.9995,34.0247,s,m,None
1525723058.6881,0.9995,34.02474,s,m,None
1525723058.6904,0.9995,34.02474,s,m,None
1525723058.6929,0.9994,34.04206,s,m,None
1525723058.6951,0.9994,34.04206,s,m,None
1525723058.6974,0.9994,34.04206,s,m,None
1525723058.6998,0.9994,34.04206,s,m,None
1525723058.7021,0.9993,34.03531,s,m,None
1525723058.7044,0.9993,34.03531,s,m,None
1525723058.7069,0.9993,34.03531,s,m,None
1525723058.7092,0.9993,34.03531,s,m,None
1525723058.7115,0.9993,34.03531,s,m,None
1525723058.7137,0.9993,2.05931,s,m,None
1525723278.9885,0.9993,31.976,s,l,None
1525723278.9989998,0.9993,34.03531,s,l,None
1525723279.0015,0.9993,34.03531,s,l,None
1525723279.0038,0.9993,34.03531,s,l,None
1525723279.0061,0.9993,34.03531,s,l,None
1525723279.0084,0.9993,34.03531,s,l,None
1525723279.0115,0.9993,34.03531,s,l,None
1525723279.0141,0.9993,34.03531,s,l,None
1525723279.0167,0.9993,34.03531,s,l,None
1525723279.0201,0.9993,34.03531,s,l,None
1525723279.0229998,0.9993,34.03531,s,l,None
1525723279.0255,0.9993,34.03531,s,l,None
1525723279.0278,0.9993,34.03531,s,l,None
1525723279.0314,0.9993,34.03531,s,l,None
1525723279.034,0.9993,34.03531,s,l,None
1525723279.0364,0.9993,34.03531,s,l,None
1525723279.0388,0.9991,34.0447,s,l,None
1525723279.0411,0.9991,34.0447,s,l,None
1525723279.0439,0.9991,34.0447,s,l,None
1525723279.0464,0.9991,34.0447,s,l,None
1525723279.0488,0.9991,34.0447,s,l,None
1525723279.0515,0.9991,34.0447,s,l,None
1525723279.0541,0.9991,34.0447,s,l,None
1525723279.0602,0.9991,34.0447,s,l,None
1525723279.0626,0.9991,34.0447,s,l,None
1525723279.0649,0.9991,34.0447,s,l,None
1525723279.0673,0.9991,34.0447,s,l,None
1525723279.0696,0.9991,34.0447,s,l,None
1525723279.0719,0.9991,34.0447,s,l,None
1525723279.0741,0.9991,14.88348303,s,l,None
1525723279.0759,0.9991,0.02970755,s,l,None
1525723279.0778,0.9991,5.93e-05,s,l,None
1525723279.0797,0.9991,1.2e-07,s,l,None
1525723439.1972,0.9991,19.13145,s,l,None
1525723439.2083,0.9991,34.0447,s,l,None
1525723439.2109,0.9991,903.28367172,s,l,None
1525723439.2129,0.9991,1e-08,s,l,None
1525723599.5661,0.9991,8995.0,s,m,None
1525725362.9419,0.9993,34.03732,b,m,None
1525725362.9706,0.9993,34.03732,b,m,None
1525725362.9735,0.9993,34.03732,b,m,None
1525725362.9761,0.9993,34.03732,b,m,None
1525725362.9788,0.9993,34.03732,b,m,None
1525725362.9813,0.9993,34.03732,b,m,None
1525725362.9841,0.9993,34.03732,b,m,None
1525725362.9871,0.9993,34.03732,b,m,None
1525725362.9897,0.9993,34.03732,b,m,None
1525725362.9929998,0.9993,34.03732,b,m,None
1525725362.9956,0.9993,34.03732,b,m,None
1525725362.9982,0.9993,34.03732,b,m,None
1525725363.0382,0.9993,34.03732,b,m,None
1525725363.0414,0.9993,34.03732,b,m,None
1525725363.044,0.9993,34.03732,b,m,None
1525725363.0466,0.9993,34.03732,b,m,None
1525725363.0501,0.9993,34.03732,b,m,None
1525725363.0525,0.9993,34.03732,b,m,None
1525725363.0555,0.9993,34.03732,b,m,None
1525725363.0587,0.9993,34.03732,b,m,None
1525725363.0619,0.9993,34.03732,b,m,None
1525725363.0649,0.9993,34.03732,b,m,None
1525725363.0682,0.9993,34.03732,b,m,None
1525725363.0713,0.9993,34.03732,b,m,None
1525725363.0743,0.9993,34.03732,b,m,None
1525725363.0777,0.9993,34.03732,b,m,None
1525725363.0803,0.9993,34.03732,b,m,None
1525725363.0826,0.9993,34.03732,b,m,None
1525725363.0854,0.9993,34.03732,b,m,None
1525725363.0888,0.9993,34.03732,b,m,None
1525725363.0914,0.9993,34.03732,b,m,None
1525725363.0939,0.9993,34.03794,b,m,None
1525725363.0965,0.9999,34.02725,b,m,None
1525725363.0989,0.9999,34.02725,b,m,None
1525725363.1018,0.9999,34.02725,b,m,None
1525725363.1057,0.9999,34.02725,b,m,None
1525725363.1091,0.9999,34.02725,b,m,None
1525725363.1117,0.9999,34.02725,b,m,None
1525725363.1160002,0.9999,34.02725,b,m,None
1525725363.1207,0.9999,34.02725,b,m,None
1525725363.1236,0.9999,34.02725,b,m,None
1525725363.1259,0.9999,34.02725,b,m,None
1525725363.1283,0.9999,34.02725,b,m,None
1525725363.1304,0.9999,34.02725,b,m,None
1525725363.1326,0.9999,34.02725,b,m,None
1525725363.1349,0.9999,34.02725,b,m,None
1525725363.1371,0.9999,34.02725,b,m,None
1525725363.1395,0.9999,34.02725,b,m,None
1525725363.1418,0.9999,34.02725,b,m,None
1525725363.1441,0.9999,34.02725,b,m,None
1525725363.1467,0.9999,34.02725,b,m,None
1525725363.1489,0.9999,34.02725,b,m,None
1525725363.1514,0.9999,34.02725,b,m,None
1525725363.1536,0.9999,34.02725,b,m,None
1525725363.1560001,1.0,34.04526,b,m,None
1525725363.1582,1.0,34.02435,b,m,None
1525725363.1605,1.0,34.02435,b,m,None
1525725363.1638,1.0,918.11168,b,m,None
1525727079.1636,0.9994,34.02693,s,m,None
1525727079.167,0.9994,34.02693,s,m,None
1525727079.1693,0.9994,34.02693,s,m,None
1525727079.1719,0.9994,34.02693,s,m,None
1525727079.1746,0.9994,34.02693,s,m,None
1525727079.1772,0.9994,34.02693,s,m,None
1525727079.1801,0.9994,34.02693,s,m,None
1525727079.1826,0.9994,34.02693,s,m,None
1525727079.1853,0.9994,34.02693,s,m,None
1525727079.1884,0.9994,34.02693,s,m,None
1525727079.1911,0.9994,34.02693,s,m,None
1525727079.1939,0.9994,34.02693,s,m,None
1525727079.1971,0.9994,34.02693,s,m,None
1525727079.1996,0.9994,34.02693,s,m,None
1525727079.2025,0.9994,34.02693,s,m,None
1525727079.205,0.9994,34.02693,s,m,None
1525727079.2076,0.9994,34.02659,s,m,None
1525727079.2106,0.9994,34.02659,s,m,None
1525727079.2134,0.9994,34.02659,s,m,None
1525727079.2159,0.9994,34.02659,s,m,None
1525727079.2183,0.9994,34.02659,s,m,None
1525727079.2205,0.9994,34.02659,s,m,None
1525727079.2229,0.9994,34.02659,s,m,None
1525727079.2253,0.9994,34.02659,s,m,None
1525727079.2275,0.9994,34.02659,s,m,None
1525727079.2303,0.9994,34.02659,s,m,None
1525727079.2331,0.9994,34.02659,s,m,None
1525727079.2358,0.9994,34.02659,s,m,None
1525727079.2383,0.9994,34.02659,s,m,None
1525727079.2410002,0.9994,34.02659,s,m,None
1525727079.2438,0.9994,34.02659,s,m,None
1525727079.2462,0.9994,34.02659,s,m,None
1525727079.2488,0.9994,34.02659,s,m,None
1525727079.2514,0.9994,34.02659,s,m,None
1525727079.2542,0.9994,34.02723,s,m,None
1525727079.2570002,0.9994,34.02723,s,m,None
1525727079.2593,0.9994,34.02897,s,m,None
1525727079.2624,0.9994,34.02897,s,m,None
1525727079.2651,0.9994,34.02897,s,m,None
1525727079.2786,0.9994,34.02897,s,m,None
1525727079.2813,0.9994,34.02897,s,m,None
1525727079.2835,0.9994,34.02897,s,m,None
1525727079.2858,0.9994,34.02897,s,m,None
1525727079.2882,0.9994,34.02897,s,m,None
1525727079.2906,0.9994,34.02897,s,m,None
1525727079.293,0.9994,34.02897,s,m,None
1525727079.2954,0.9994,34.02897,s,m,None
1525727079.2976,0.9994,34.02897,s,m,None
1525727079.3,0.9994,34.02897,s,m,None
1525727079.3023,0.9994,34.02897,s,m,None
1525727079.3047,0.9994,34.02897,s,m,None
1525727079.3074,0.9994,34.02897,s,m,None
1525727079.3098,0.9994,34.02897,s,m,None
1525727079.3122,0.9994,34.02897,s,m,None
1525727079.3145,0.9994,34.02897,s,m,None
1525727079.3167,0.9994,34.02897,s,m,None
1525727079.3344,0.9994,34.02897,s,m,None
1525727079.3377,0.999,8019.38889222,s,m,None
1525727079.3395,0.999,16.00676425,s,m,None
1525727079.3412,0.999,0.03194963,s,m,None
1525727079.3429,0.999,6.377e-05,s,m,None
1525727079.3445,0.999,1.3e-07,s,m,None
1525727671.8902,0.9999,34.0426,b,l,None
1525727671.894,0.9999,34.0426,b,l,None
1525727671.8968,0.9999,34.0426,b,l,None
1525727671.8998,0.9999,34.0426,b,l,None
1525727671.9024,0.9999,34.0426,b,l,None
1525727671.9048,0.9999,34.0426,b,l,None
1525727671.9077,0.9999,34.0426,b,l,None
1525727671.9102,0.9999,34.0426,b,l,None
1525727671.9131,0.9999,34.0426,b,l,None
1525727671.9155,0.9999,34.0426,b,l,None
1525727671.918,0.9999,34.0426,b,l,None
1525727671.9205,0.9999,34.0426,b,l,None
1525727671.9239,0.9999,34.0426,b,l,None
1525727671.9262,0.9999,34.0426,b,l,None
1525727671.9285,0.9999,34.0426,b,l,None
1525727671.9314,0.9999,34.0426,b,l,None
1525727671.9338,0.9999,34.0426,b,l,None
1525727671.9362,0.9999,34.0426,b,l,None
1525727671.9391,0.9999,34.0426,b,l,None
1525727671.9416,0.9999,34.0426,b,l,None
1525727671.9438,0.9999,34.0426,b,l,None
1525727671.946,0.9999,34.0426,b,l,None
1525727671.9482,0.9999,34.0426,b,l,None
1525727671.9505,0.9999,34.0426,b,l,None
1525727671.9529998,0.9999,34.0426,b,l,None
1525727671.9552,0.9999,34.0426,b,l,None
1525727671.9576,0.9999,34.0426,b,l,None
1525727671.9597,0.9999,34.0426,b,l,None
1525727671.9619,0.9999,34.0426,b,l,None
1525727671.9641,0.9999,34.0426,b,l,None
1525727671.9663,0.9999,34.0426,b,l,None
1525727671.9687,0.9999,34.0426,b,l,None
1525727671.9709,0.9999,34.0426,b,l,None
1525727671.9731,0.9999,34.0426,b,l,None
1525727671.9753,0.9999,34.0426,b,l,None
1525727671.9776,0.9999,34.0426,b,l,None
1525727671.98,0.9999,34.0426,b,l,None
1525727671.9822,0.9999,34.0426,b,l,None
1525727671.9845,0.9999,34.0426,b,l,None
1525727671.9868,0.9999,34.0426,b,l,None
1525727671.9889998,0.9999,34.0426,b,l,None
1525727671.9914,0.9999,34.0426,b,l,None
1525727671.9938,0.9999,34.0426,b,l,None
1525727671.9965,0.9999,34.0426,b,l,None
1525727671.9989,0.9999,34.0426,b,l,None
1525727672.0012,0.9999,34.0426,b,l,None
1525727672.0034,0.9999,34.0426,b,l,None
1525727672.0057,0.9999,34.0426,b,l,None
1525727672.008,0.9999,34.0426,b,l,None
1525727672.0102,0.9999,34.0426,b,l,None
1525727672.0124,0.9999,34.0426,b,l,None
1525727672.0147,0.9999,34.0426,b,l,None
1525727672.0169,0.9999,34.0426,b,l,None
1525727672.0192,0.9999,34.0426,b,l,None
1525727672.0215,0.9999,34.0426,b,l,None
1525727672.0237,0.9999,34.0426,b,l,None
1525727672.0262,0.9999,34.0426,b,l,None
1525727672.0292,1.0,459.5718,b,l,None
1525728438.0715,0.9995,446.143,s,l,None
1525728458.3144,0.9995,5177.784,s,l,None
1525728577.2636,0.9994,34.04795,s,m,None
1525728577.2674,0.9994,34.04795,s,m,None
1525728577.2698,0.9994,34.04795,s,m,None
1525728577.2723,0.9994,34.04795,s,m,None
1525728577.2745,0.9994,34.04795,s,m,None
1525728577.2770002,0.9994,34.04795,s,m,None
1525728577.2793,0.9994,34.04795,s,m,None
1525728577.2816,0.9994,34.04795,s,m,None
1525728577.284,0.9994,34.04795,s,m,None
1525728577.2864,0.9994,34.04795,s,m,None
1525728577.289,0.9994,34.04795,s,m,None
1525728577.2914,0.9994,34.04795,s,m,None
1525728577.2935,0.9994,34.04795,s,m,None
1525728577.2958,0.9994,34.04795,s,m,None
1525728577.2979999,0.9994,23.3287,s,m,None
1525729720.4343,0.9996,34.04712,s,l,None
1525729720.4375,0.9994,10.71925,s,l,None
1525729720.44,0.9994,34.04795,s,l,None
1525729720.4422,0.9994,34.04795,s,l,None
1525729720.4445,0.9994,34.04795,s,l,None
1525729720.4468,0.9994,34.04795,s,l,None
1525729720.449,0.9994,34.04795,s,l,None
1525729720.4514,0.9994,34.04795,s,l,None
1525729720.4537,0.9994,18.96581879,s,l,None
1525729769.3352,0.9994,15.08213121,s,l,None
1525729769.3404,0.9994,26.17016073,s,l,None
1525730641.9597,0.9999,34.04815,b,l,None
1525730641.9632,0.9999,34.04815,b,l,None
1525730641.9654,0.9999,34.04815,b,l,None
1525730641.9678,0.9999,34.04815,b,l,None
1525730641.9701,0.9999,34.04815,b,l,None
1525730641.9725,0.9999,34.04815,b,l,None
1525730641.9748,0.9999,34.04815,b,l,None
1525730641.9771,0.9999,34.04815,b,l,None
1525730641.9795,0.9999,34.04815,b,l,None
1525730641.9818,0.9999,34.04815,b,l,None
1525730641.984,0.9999,34.04815,b,l,None
1525730641.9862,0.9999,34.04815,b,l,None
1525730641.9886,0.9999,34.04815,b,l,None
1525730641.9913,0.9999,34.04815,b,l,None
1525730641.9936,0.9999,34.04815,b,l,None
1525730641.9977,1.0,6.25075,b,l,None
1525730642.3164,1.0,982.692,b,l,None
1525730783.2414,1.0,255.155,b,l,None
1525730807.6182,1.0,347.266,b,l,None
1525730807.6857,1.0,423.931,b,l,None
1525730811.585,1.0,1658.84,b,l,None
1525730822.7561,1.0,172.305,b,l,None
1525730833.9958,0.9996,10.88391,s,l,None
1525730853.9203,0.9996,10.88391,s,l,None
1525730871.6847,0.9996,5.44195,s,l,None
1525733361.7889,0.9998,75.0,s,l,None
1525733361.7921,0.9997,75.0,s,l,None
1525733361.7943,0.9996,6.83926,s,l,None
1525733361.7968,0.9996,34.04936,s,l,None
1525733361.7992,0.9996,34.04936,s,l,None
1525733361.8014,0.9996,34.04936,s,l,None
1525733361.8036,0.9996,34.04936,s,l,None
1525733361.8057,0.9996,34.04936,s,l,None
1525733361.8088,0.9996,34.04936,s,l,None
1525733361.811,0.9996,34.04936,s,l,None
1525733361.8136,0.9996,34.04936,s,l,None
1525733361.8161,0.9996,34.04936,s,l,None
1525733361.8184,0.9996,34.04936,s,l,None
1525733361.8206,0.9996,34.04936,s,l,None
1525733361.8228,0.9996,34.04936,s,l,None
1525733361.8252,0.9996,34.04936,s,l,None
1525733361.8276,0.9996,34.04936,s,l,None
1525733361.8309,0.9996,34.04936,s,l,None
1525733361.8344,0.9996,34.0494,s,l,None
1525733361.8367,0.9996,34.0494,s,l,None
1525733361.8404,0.9996,34.0494,s,l,None
1525733361.8429,0.9996,34.04946,s,l,None
1525733361.8467,0.9996,34.04946,s,l,None
1525733361.8489,0.9996,34.04946,s,l,None
1525733361.8513,0.9996,34.04946,s,l,None
1525733361.8538,0.9996,34.04946,s,l,None
1525733361.8561,0.9996,34.04946,s,l,None
1525733361.859,0.9996,105.0,s,l,None
1525733361.8616,0.9996,34.04614,s,l,None
1525733361.8639,0.9996,34.04614,s,l,None
1525733361.8663,0.9996,34.04614,s,l,None
1525733361.8686,0.9994,9.75496,s,l,None
1525734149.2428,0.9999,1647.3647,b,l,None
1525734471.4096,0.9997,75.0,s,l,None
1525734471.4141,0.9996,25.1001,s,l,None
1525736756.2804,0.9997,75.0,s,m,None
1525736756.3181,0.9996,8.95138,s,m,None
1525736756.3231,0.9996,34.05148,s,m,None
1525736756.3279,0.9996,34.05148,s,m,None
1525736756.3302,0.9996,34.05148,s,m,None
1525736756.3325,0.9996,34.05148,s,m,None
1525736756.3348,0.9996,34.05148,s,m,None
1525736756.3371,0.9996,34.05148,s,m,None
1525736756.3394,0.9994,24.29299,s,m,None
1525736756.3419,0.9994,34.04795,s,m,None
1525736756.3442,0.9994,34.04795,s,m,None
1525736756.3466,0.9994,34.04795,s,m,None
1525736756.3489,0.9994,34.04795,s,m,None
1525736756.3511,0.9994,34.04795,s,m,None
1525736756.3536,0.9994,34.04795,s,m,None
1525736756.3559,0.9994,34.04795,s,m,None
1525736756.3581,0.9994,34.04795,s,m,None
1525736756.3603,0.9994,34.04795,s,m,None
1525736756.3626,0.9994,34.04795,s,m,None
1525736756.3648,0.9994,34.04795,s,m,None
1525736756.3671,0.9994,34.04795,s,m,None
1525736756.3701,0.999,2274.42250499,s,m,None
1525736756.3721,0.999,4.53976548,s,m,None
1525736756.3738,0.999,0.00906141,s,m,None
1525736756.3759,0.999,1.808e-05,s,m,None
1525736756.3778,0.999,4e-08,s,m,None
1525736863.3022,0.9996,34.05672,b,l,None
1525736863.3072,0.9996,34.05672,b,l,None
1525736863.3098,0.9996,34.05672,b,l,None
1525736863.3128,0.9996,34.05672,b,l,None
1525736863.3169,0.9996,34.05672,b,l,None
1525736863.3209,0.9997,75.0,b,l,None
1525736863.3239,0.9998,44.24015656,b,l,None
1525736863.3268,0.9998,81.74015656,b,l,None
1525736863.3297,0.9998,75.0,b,l,None
1525736863.4333,0.9999,152.33063872,b,l,None
1525736863.4352,0.9999,0.30405317,b,l,None
1525736863.437,0.9999,0.0006069,b,l,None
1525736863.4387,0.9999,1.21e-06,b,l,None
1525736863.441,0.9999,401.10078688,b,l,None
1525737051.0812,0.9997,75.0,s,m,None
1525737051.0938,0.9997,75.0,s,m,None
1525737051.0965,0.9996,34.0579,s,m,None
1525737051.099,0.9996,34.0579,s,m,None
1525737051.1014,0.9996,34.0579,s,m,None
1525737051.1036,0.9996,34.0579,s,m,None
1525737051.1061,0.9996,34.0579,s,m,None
1525737051.1093,0.999,174.46157685,s,m,None
1525737051.1111,0.999,0.3482267,s,m,None
1525737051.113,0.999,0.00069506,s,m,None
1525737051.115,0.999,1.39e-06,s,m,None
1525738385.1827,0.9993,75.0,s,l,None
1525738385.1904,0.9993,75.0,s,l,None
1525738385.1926,0.9992,75.0,s,l,None
1525738385.1955,0.999,1122.76447106,s,l,None
1525738385.1976,0.999,2.24104685,s,l,None
1525738385.1997,0.999,0.00447314,s,l,None
1525738385.2018,0.999,8.93e-06,s,l,None
1525738385.2039,0.999,2e-08,s,l,None
1525738965.0526,0.999,20.02002002,s,m,None
1525738965.0569,0.9987,75.0,s,m,None
1525738965.0598,0.9986,75.0,s,m,None
1525738965.0622,0.9986,75.0,s,m,None
1525738965.0653,0.9985,13.01346,s,m,None
1525738965.0678,0.9984,13.01346,s,m,None
1525738965.0701,0.9981,6000.0,s,m,None
1525738965.0734,0.998,14089.7596778,s,m,None
1525738965.076,0.9978,3270.31343955,s,m,None
1525738965.079,0.9977,6.0,s,m,None
1525738965.0817,0.9969,13076.389,s,m,None
1525738965.0847,0.9963,2010.0,s,m,None
1525738965.0883,0.996,18.0,s,m,None
1525738965.0918,0.9956,21767.95503256,s,m,None
1525738965.0936,0.9956,43.44901205,s,m,None
1525738965.0953,0.9956,0.08672457,s,m,None
1525738965.0971,0.9956,0.0001731,s,m,None
1525738965.0988,0.9956,3.5e-07,s,m,None
1525739051.3520002,0.9985,75.0,b,l,None
1525739051.3563,0.9985,1120.0,b,l,None
1525740561.4538,0.9988,75.0,b,l,None
1525740561.4589999,0.9988,1281.40671978,b,l,None
1525740561.4615,0.9988,14089.7596778,b,l,None
1525740561.464,0.9989,75.0,b,l,None
1525740777.2087,0.9992,75.0,b,l,None
1525740777.2181,0.9993,34.05668,b,l,None
1525740777.2214,0.9994,13076.389,b,l,None
1525740777.2243,0.9995,565.70335989,b,l,None
1525740777.2266,0.9995,565.70335989,b,l,None
1525740777.2289,0.9996,34.05743,b,l,None
1525740777.2311,0.9996,34.05743,b,l,None
1525740777.2333,0.9996,34.05668,b,l,None
1525740777.2354,0.9996,34.05668,b,l,None
1525740777.2376,0.9996,34.05668,b,l,None
1525740777.2398,0.9996,34.05668,b,l,None
1525740777.2419,0.9996,34.05668,b,l,None
1525740777.2443,0.9996,34.05668,b,l,None
1525740777.2464,0.9996,34.05668,b,l,None
1525740777.2486,0.9996,34.05668,b,l,None
1525740777.2508,0.9996,34.05668,b,l,None
1525740777.2536,0.9996,10308.52262022,b,l,None
1525740918.7323,0.9995,37.5,b,l,None
1525740918.7358,0.9995,37.5,b,l,None
1525740918.7391,0.9996,4347.3602441,b,l,None
1525741721.0669,0.9996,7152.74697952,b,l,None
1525741721.0716,0.9996,2.85995481,b,l,None
1525741721.0744,0.9996,0.00114352,b,l,None
1525741721.0768,0.9996,4.6e-07,b,l,None
1525741721.0801,0.9996,34.0614,b,l,None
1525741721.0838,0.9996,34.0614,b,l,None
1525741721.0865,0.9996,34.0614,b,l,None
1525741721.0897,0.9996,34.0614,b,l,None
1525743670.0982,0.9997,75.0,s,m,None
1525743670.1041,0.9996,573.85229541,s,m,None
1525743670.106,0.9996,1.14541376,s,m,None
1525743670.1078,0.9996,0.00228626,s,m,None
1525743670.1097,0.9996,4.56e-06,s,m,None
1525744393.7545,0.9997,37.5,b,l,None
1525744393.7607,0.9998,34.05743,b,l,None
1525744393.7641,0.9998,34.05743,b,l,None
1525744393.7718,0.9998,34.05743,b,l,None
1525744393.7745,0.9998,34.05743,b,l,None
1525744393.7774,0.9998,34.05743,b,l,None
1525744393.7802,0.9998,34.05743,b,l,None
1525744393.783,0.9998,34.05743,b,l,None
1525744393.7857,0.9998,34.05743,b,l,None
1525744393.7884,0.9998,34.05743,b,l,None
1525744393.7908,0.9998,34.05743,b,l,None
1525744393.794,0.9998,34.05743,b,l,None
1525744393.7975,0.9998,34.05743,b,l,None
1525744393.8005,0.9998,34.05743,b,l,None
1525744393.803,0.9998,34.05743,b,l,None
1525744393.8052,0.9998,34.05743,b,l,None
1525744393.8073,0.9998,34.05743,b,l,None
1525744393.8096,0.9998,34.05743,b,l,None
1525744393.813,0.9999,34.05672,b,l,None
1525744393.8155,0.9999,34.05672,b,l,None
1525744393.8178,0.9999,34.0579,b,l,None
1525744393.8201,0.9999,34.0579,b,l,None
1525744393.8224,0.9999,34.0579,b,l,None
1525744393.8247,0.9999,34.0579,b,l,None
1525744393.8270001,0.9999,34.0579,b,l,None
1525744393.8302,0.9999,34.0579,b,l,None
1525744393.8347,0.9999,34.0579,b,l,None
1525744393.8369,0.9999,34.0579,b,l,None
1525744393.8395,0.9999,34.0579,b,l,None
1525744393.8417,0.9999,34.0579,b,l,None
1525744393.8439999,0.9999,34.0579,b,l,None
1525744393.8463,0.9999,34.0579,b,l,None
1525744393.8485,0.9999,34.0579,b,l,None
1525744393.8508,0.9999,34.0579,b,l,None
1525744393.853,0.9999,34.0579,b,l,None
1525744393.8552,0.9999,34.0579,b,l,None
1525744393.8575,0.9999,34.0579,b,l,None
1525744393.8598,0.9999,34.0579,b,l,None
1525744393.8624,0.9999,34.0579,b,l,None
1525744393.8648,0.9999,34.05743,b,l,None
1525744393.8672,0.9999,34.05743,b,l,None
1525744393.8695,0.9999,34.05743,b,l,None
1525744393.8718,0.9999,34.05743,b,l,None
1525744393.8744,0.9999,34.05743,b,l,None
1525744393.8766,0.9999,34.05743,b,l,None
1525744393.8788,0.9999,34.05743,b,l,None
1525744393.8809,0.9999,34.05743,b,l,None
1525744393.8831,0.9999,34.05743,b,l,None
1525744393.8853,0.9999,34.05743,b,l,None
1525744393.8875,0.9999,34.05743,b,l,None
1525744393.8899,0.9999,34.05743,b,l,None
1525744393.8924,0.9999,34.05743,b,l,None
1525744393.8949,0.9999,34.05743,b,l,None
1525744393.8976,0.9999,34.05743,b,l,None
1525744393.8998,0.9999,1317.69031078,b,l,None
1525744393.9083,0.9999,1182.30968922,b,l,None
1525744393.9105,0.9999,2500.0,b,l,None
1525744393.9134,1.0,75267.87677,b,l,None
1525744393.9165,1.0,22496.87759824,b,l,None
1525744393.9192,1.0,206886.025,b,l,None
1525744753.5196,0.9998,75.0,s,l,None
1525744753.5247,0.9997,34.06649,s,l,None
1525744753.5275,0.9997,34.06649,s,l,None
1525744753.5299,0.9997,34.06337,s,l,None
1525744753.5322,0.9997,34.06337,s,l,None
1525744753.5347,0.9997,34.06337,s,l,None
1525744753.5369,0.9997,34.06337,s,l,None
1525744753.5391,0.9997,34.06337,s,l,None
1525744753.5413,0.9997,34.06337,s,l,None
1525744753.621,0.9997,34.06337,s,l,None
1525744753.6249,0.9997,34.06337,s,l,None
1525744753.6279,0.9997,34.06337,s,l,None
1525744753.6304,0.9997,34.06337,s,l,None
1525744753.6328,0.9997,34.06337,s,l,None
1525744753.6353,0.9997,34.06337,s,l,None
1525744753.6383,0.9997,34.06337,s,l,None
1525744753.6411,0.9997,34.06337,s,l,None
1525744753.6437,0.9997,34.06337,s,l,None
1525744753.6460001,0.9997,34.06337,s,l,None
1525744753.6481,0.9997,34.06337,s,l,None
1525744753.6503,0.9997,34.06337,s,l,None
1525744753.6532,0.9997,34.06337,s,l,None
1525744753.6555,0.9997,34.06337,s,l,None
1525744753.6579,0.9997,34.06337,s,l,None
1525744753.6605,0.9997,34.06337,s,l,None
1525744753.6629999,0.9997,34.06337,s,l,None
1525744753.6653,0.9997,34.06337,s,l,None
1525744753.6678,0.9997,34.06337,s,l,None
1525744753.6703,0.9997,34.06337,s,l,None
1525744753.6727,0.9997,34.06337,s,l,None
1525744753.6752,0.9997,34.06337,s,l,None
1525744753.6779,0.9997,34.06337,s,l,None
1525744753.6801,0.9997,34.06337,s,l,None
1525744753.6823,0.9997,34.06337,s,l,None
1525744753.6845,0.9997,34.06337,s,l,None
1525744753.6868,0.9997,34.06337,s,l,None
1525744753.6889,0.9997,34.06337,s,l,None
1525744753.6915,0.9997,34.06337,s,l,None
1525744753.6946,0.9997,34.06337,s,l,None
1525744753.6972,0.9997,34.06337,s,l,None
1525744753.6993,0.9997,34.06337,s,l,None
1525744753.7014,0.9997,34.06337,s,l,None
1525744753.7037,0.9997,34.06337,s,l,None
1525744753.7058,0.9997,34.06337,s,l,None
1525744753.7079,0.9997,34.06337,s,l,None
1525744753.7101,0.9997,34.06337,s,l,None
1525744753.7125,0.9997,34.06337,s,l,None
1525744753.7147,0.9997,34.06337,s,l,None
1525744753.7168,0.9997,34.06337,s,l,None
1525744753.7191,0.9997,34.06298,s,l,None
1525744753.7213,0.9997,34.06298,s,l,None
1525744753.7235,0.9997,34.06298,s,l,None
1525744753.7259,0.9997,34.06298,s,l,None
1525744753.7283,0.9997,34.06298,s,l,None
1525744753.7305,0.9992,34.0614,s,l,None
1525744753.7327,0.9992,34.0614,s,l,None
1525744753.7355,0.9992,34.0614,s,l,None
1525744753.7376,0.9992,34.0614,s,l,None
1525744753.7397,0.9992,34.0614,s,l,None
1525744753.7419,0.9992,34.0614,s,l,None
1525744753.7441,0.9992,34.0614,s,l,None
1525744753.7463,0.9992,34.0614,s,l,None
1525744753.7484,0.9992,34.0614,s,l,None
1525744753.7506,0.9992,34.0614,s,l,None
1525744753.7527,0.9992,34.0614,s,l,None
1525744753.755,0.9992,34.05721,s,l,None
1525744753.7572,0.9988,1182.30968922,s,l,None
1525744753.7602,0.9988,2500.0,s,l,None
1525744753.7629,0.9988,3556.35077092,s,l,None
1525744753.7658,0.9986,34.05938,s,l,None
1525744753.7679,0.9986,34.05938,s,l,None
1525744753.7701,0.9986,34.05938,s,l,None
1525744753.7723,0.9986,34.05938,s,l,None
1525744753.7749,0.9985,6000.0,s,l,None
1525744753.7773,0.9981,9299.84673388,s,l,None
1525744753.7791,0.9981,11.14644035,s,l,None
1525744753.7807,0.9981,0.01333563,s,l,None
1525745170.6536,0.999,75.0,s,m,None
1525745170.6676,0.9989,75.0,s,m,None
1525745170.6736,0.9985,663.37325349,s,m,None
1525746426.4441,0.9988,75.0,b,m,None
1525746426.4501,0.9989,75.0,b,m,None
1525746426.4537,0.999,34.06494,b,m,None
1525746426.4561,0.999,34.06494,b,m,None
1525746426.4587,0.9995,9311.00650986,b,m,None
1525746426.4611,0.9996,34.06503,b,m,None
1525746426.4634,0.9996,34.06503,b,m,None
1525746426.4659,0.9996,34.06503,b,m,None
1525746426.4681,0.9996,34.06503,b,m,None
1525746426.4704,0.9996,34.06503,b,m,None
1525746426.4727,0.9996,34.06503,b,m,None
1525746426.4749,0.9996,34.06503,b,m,None
1525746426.4778,0.9996,34.06503,b,m,None
1525746426.4804,0.9996,34.06503,b,m,None
1525746426.4828,0.9996,34.06503,b,m,None
1525746426.4853,0.9996,34.06503,b,m,None
1525746426.4877,0.9996,34.06503,b,m,None
1525746426.4899,0.9996,34.06503,b,m,None
1525746426.4921,0.9996,34.06503,b,m,None
1525746426.4943,0.9996,34.06503,b,m,None
1525746426.4967,0.9996,34.06503,b,m,None
1525746426.4989998,0.9996,34.06503,b,m,None
1525746426.5012,0.9996,34.06503,b,m,None
1525746426.5034,0.9996,34.06503,b,m,None
1525746426.5056,0.9996,34.06503,b,m,None
1525746426.508,0.9996,34.06503,b,m,None
1525746426.5102,0.9996,34.06503,b,m,None
1525746426.5123,0.9996,34.06503,b,m,None
1525746426.5145,0.9996,34.06503,b,m,None
1525746426.5167,0.9996,34.06503,b,m,None
1525746426.5194,0.9996,34.06503,b,m,None
1525746426.5218,0.9996,34.06503,b,m,None
1525746426.5241,0.9996,34.06503,b,m,None
1525746426.5273,0.9996,34.06503,b,m,None
1525746426.5296,0.9996,34.06503,b,m,None
1525746426.5323,0.9996,34.06503,b,m,None
1525746426.5345,0.9996,34.06503,b,m,None
1525746426.5367,0.9996,34.06503,b,m,None
1525746426.539,0.9996,34.06503,b,m,None
1525746426.5412,0.9996,34.06503,b,m,None
1525746426.5435,0.9996,34.06503,b,m,None
1525746426.5469,0.9996,34.06503,b,m,None
1525746426.5492,0.9996,34.06503,b,m,None
1525746426.5515,0.9996,34.06503,b,m,None
1525746426.5546,0.9996,34.06503,b,m,None
1525746426.5576,0.9996,34.06503,b,m,None
1525746426.5609,0.9996,34.06503,b,m,None
1525746426.5632,0.9996,34.06503,b,m,None
1525746426.5657,0.9996,34.06503,b,m,None
1525746426.5682,0.9996,34.06503,b,m,None
1525746426.5706,0.9996,34.06503,b,m,None
1525746426.5729,0.9996,34.06503,b,m,None
1525746426.5751,0.9996,34.06503,b,m,None
1525746426.5774,0.9996,34.06503,b,m,None
1525746426.5814,0.9996,34.06503,b,m,None
1525746426.5839999,0.9996,34.06503,b,m,None
1525746426.5865,0.9996,34.06503,b,m,None
1525746426.5888,0.9996,34.06503,b,m,None
1525746426.591,0.9996,34.06503,b,m,None
1525746426.5933,0.9996,34.06503,b,m,None
1525746426.5955,0.9996,34.06503,b,m,None
1525746426.5979,0.9996,34.06503,b,m,None
1525746426.6002,0.9996,34.06503,b,m,None
1525746426.6025,0.9996,34.06503,b,m,None
1525746426.6047,0.9996,34.06503,b,m,None
1525746426.6072,0.9996,34.06503,b,m,None
1525746426.6096,0.9996,34.06503,b,m,None
1525746426.6120002,0.9996,34.06503,b,m,None
1525746426.6144,0.9996,34.06503,b,m,None
1525746426.6167,0.9996,34.06503,b,m,None
1525746426.619,0.9996,34.06503,b,m,None
1525746426.6212,0.9996,34.06503,b,m,None
1525746426.6243,0.9999,2500.0,b,m,None
1525746426.6276,0.9999,2500.0,b,m,None
1525746426.6304,1.0,53161.6787,b,m,None
1525746853.4672,0.9994,75.0,s,l,None
1525746853.4706,0.9994,75.0,s,l,None
1525746859.0972,0.9989,34.05478,s,l,None
1525746859.1016,0.9989,34.05478,s,l,None
1525746859.1038,0.9989,34.05478,s,l,None
1525746859.1059,0.9989,34.05478,s,l,None
1525746859.1084,0.9989,34.05478,s,l,None
1525746859.1106,0.9989,34.05478,s,l,None
1525746859.1128,0.9989,34.05478,s,l,None
1525746859.115,0.9989,34.05478,s,l,None
1525746859.1174,0.9989,34.05478,s,l,None
1525746859.1199,0.9989,34.05478,s,l,None
1525746859.1223,0.9989,34.05478,s,l,None
1525746859.1249,0.9989,34.05478,s,l,None
1525746859.1276,0.9989,34.05478,s,l,None
1525746859.1303,0.9989,34.05478,s,l,None
1525746859.1325,0.9989,34.05478,s,l,None
1525746859.1349,0.9989,34.05478,s,l,None
1525746859.1374,0.9989,34.05478,s,l,None
1525746859.1399,0.9989,34.05478,s,l,None
1525746859.1421,0.9989,34.05478,s,l,None
1525746859.1445,0.9989,34.05478,s,l,None
1525746859.1468,0.9989,34.05478,s,l,None
1525746859.1491,0.9989,34.05478,s,l,None
1525746859.1514,0.9989,34.05478,s,l,None
1525746859.1535,0.9989,34.05478,s,l,None
1525746859.1557,0.9989,34.05478,s,l,None
1525746859.1579,0.9989,34.05478,s,l,None
1525746859.1602,0.9989,34.05478,s,l,None
1525746859.1627,0.9989,34.05478,s,l,None
1525746859.1651,0.9989,34.05478,s,l,None
1525746859.1674,0.9989,34.05478,s,l,None
1525746859.1698,0.9989,34.05478,s,l,None
1525746859.1721,0.9989,34.05478,s,l,None
1525746859.1746,0.9989,34.05478,s,l,None
1525746859.1773,0.9989,34.05478,s,l,None
1525746859.18,0.9989,34.05478,s,l,None
1525746859.1824,0.9989,34.05478,s,l,None
1525746859.1847,0.9989,34.05478,s,l,None
1525746859.188,0.9989,34.05478,s,l,None
1525746859.1907,0.9989,34.05478,s,l,None
1525746859.1929998,0.9989,34.05478,s,l,None
1525746859.1952,0.9989,34.05478,s,l,None
1525746859.1973,0.9989,34.05478,s,l,None
1525746859.1994,0.9989,34.05478,s,l,None
1525746859.2016,0.9989,34.05478,s,l,None
1525746859.2042,0.9989,34.05478,s,l,None
1525746859.2067,0.9989,34.05478,s,l,None
1525746859.2089,0.9989,34.05478,s,l,None
1525746859.2113,0.9989,34.05478,s,l,None
1525746859.2136,0.9989,34.05478,s,l,None
1525746859.2164,0.9989,34.05478,s,l,None
1525746859.2187,0.9989,34.05478,s,l,None
1525746859.221,0.9989,34.05478,s,l,None
1525746859.2234,0.9989,34.05478,s,l,None
1525746859.2258,0.9989,34.05478,s,l,None
1525746859.228,0.9989,34.05478,s,l,None
1525746859.2302,0.9989,34.05478,s,l,None
1525746859.2325,0.9989,34.05478,s,l,None
1525746859.235,0.9989,34.05478,s,l,None
1525746859.2372,0.9989,34.05478,s,l,None
1525746859.2395,0.9989,34.05478,s,l,None
1525746859.2418,0.9989,34.05478,s,l,None
1525746859.2441,0.9989,34.05478,s,l,None
1525746859.2466,0.9989,34.05478,s,l,None
1525746859.2491,0.9989,34.05478,s,l,None
1525746859.2516,0.9989,34.05478,s,l,None
1525746859.2541,0.9989,34.05478,s,l,None
1525746859.2566,0.9989,34.05478,s,l,None
1525746859.2592,0.9989,34.05478,s,l,None
1525746859.2616,0.9989,34.05478,s,l,None
1525746859.2647,0.9988,2500.0,s,l,None
1525746859.2678,0.9988,2500.0,s,l,None
1525746859.2698,0.9988,6.00720865,s,l,None
1525746874.4147,0.9986,75.0,s,l,None
1525746874.4191,0.9984,6000.0,s,l,None
1525746887.7269,0.9983,6000.0,s,l,None
1525746887.7335,0.9982,7076.389,s,l,None
1525746889.7605,0.9983,6000.0,s,l,None
1525746889.7658,0.9982,7013.3706778,s,l,None
1525746889.7693,0.9981,20.03807232,s,l,None
1525747248.2686,0.997,79.84031936,s,m,None
1525747248.2709,0.997,0.15936192,s,m,None
1525747248.2729,0.997,0.00031808,s,m,None
1525747248.2746,0.997,6.4e-07,s,m,None
1525747388.6557,0.9977,75.0,s,l,None
1525747388.6595,0.9976,75.0,s,l,None
1525747401.6088,0.9974,1000.0,b,l,None
1525747402.4956,0.9974,1000.0,b,l,None
1525747413.199,0.9974,75.0,s,l,None
1525747413.2039,0.9972,241.9172,s,l,None
1525747413.2065,0.9972,483.774,s,l,None
1525747414.4219,0.9972,1000.0,b,l,None
1525747415.2243,0.9972,1000.0,b,l,None
1525747415.4575,0.9972,1000.0,b,l,None
1525747415.7956,0.9972,1000.0,b,l,None
1525747416.0934,0.9972,1000.0,b,l,None
1525747416.4066,0.9972,1000.0,b,l,None
1525747417.2205,0.9972,1000.0,b,l,None
1525747420.1827,0.9972,483.774,s,l,None
1525747420.1869,0.9971,6000.0,s,l,None
1525747420.3122,0.9968,241.887,b,l,None
1525747426.9466,0.9967,1000.0,b,l,None
1525747428.8489,0.9967,1000.0,b,l,None
1525747429.1008,0.9967,1000.0,b,l,None
1525747429.3436,0.9967,1000.0,b,l,None
1525747429.6673,0.9967,1000.0,b,l,None
1525747431.1001,0.9967,1000.0,b,l,None
1525747431.3485,0.9967,1000.0,b,l,None
1525747431.6053,0.9967,1000.0,b,l,None
1525747432.4622,0.9969,1000.0,b,l,None
1525747433.7174,0.9966,1000.0,b,l,None
1525747437.7147,0.9966,1000.0,b,l,None
1525747440.0476,0.9966,1000.0,b,l,None
1525747440.2988,0.9966,1000.0,b,l,None
1525747440.5508,0.9966,1000.0,b,l,None
1525747440.8491,0.9966,1000.0,b,l,None
1525747441.2999,0.9966,1000.0,b,l,None
1525747442.1158,0.9966,1000.0,b,l,None
1525747444.0202,0.9967,1000.0,b,l,None
1525747444.3274,0.9967,1000.0,b,l,None
1525747444.5927,0.9967,1000.0,b,l,None
1525747444.8858,0.9967,1000.0,b,l,None
1525747445.2386,0.9967,1000.0,b,l,None
1525747446.0194,0.9967,1000.0,b,l,None
1525747447.5583,0.9967,1000.0,b,l,None
1525747447.8136,0.9967,1000.0,b,l,None
1525747448.8716,0.9969,1000.0,b,l,None
1525747449.1261,0.9969,1000.0,b,l,None
1525747449.3578,0.9969,1000.0,b,l,None
1525747450.7234,0.9969,1000.0,b,l,None
1525747464.1578,0.9971,474.732,s,l,None
1525747464.1688,0.9971,237.366,s,l,None
1525747464.1768,0.997,6000.0,s,l,None
1525747464.1797,0.9966,75.0,s,l,None
1525747465.0668,0.9962,6000.0,b,l,None
1525747467.8053,0.9962,289.291,b,l,None
1525747467.809,0.9962,710.709,b,l,None
1525747468.7406,0.9962,1000.0,b,l,None
1525747469.0836,0.9962,6000.0,b,l,None
1525747470.6575,0.9974,1000.0,b,l,None
1525747471.5899,0.9974,1000.0,b,l,None
1525747471.9834,0.9974,1000.0,b,l,None
1525747472.8806,0.9974,1000.0,b,l,None
1525747489.2554,0.9973,30.11081,b,l,None
1525747489.2581,0.9973,30.11081,b,l,None
1525747489.2603,0.9974,75.0,b,l,None
1525747559.2277,0.9973,30.11081,b,l,None
1525747602.9745,0.9974,30.11081,s,l,None
1525750153.1552,0.9975,1.421,s,m,None
1525750506.4691,0.9976,30.09903,b,l,None
1525750506.4741,0.9976,30.1099,b,l,None
1525750548.8876,0.9979,30.1099,s,l,None
1525751452.5647,0.9979,30.07127,s,l,None
1525751522.5149,0.9979,30.07127,s,l,None
1525751600.5132,0.9979,30.07127,s,l,None
1525751675.6666,0.9979,30.07127,s,l,None
1525751718.4194,0.998,30.07127,s,l,None
1525751719.2944,0.998,30.07127,s,l,None
1525751777.4231,0.998,30.07127,s,l,None
1525752515.4383,0.9979,30.07127,s,l,None
1525752810.5102,0.9979,75.0,s,l,None
1525752810.5173,0.9979,75.0,s,l,None
1525752810.5198,0.9977,6000.0,s,l,None
1525752810.5229998,0.9976,2444.79107,s,l,None
1525752810.5254,0.9976,30.07127,s,l,None
1525752810.5283,0.9976,30.07127,s,l,None
1525752810.5314,0.9976,30.07127,s,l,None
1525752810.5338,0.9976,30.07127,s,l,None
1525752810.5361,0.9976,30.07127,s,l,None
1525752810.5385,0.9976,30.07127,s,l,None
1525752810.5408,0.9976,30.07127,s,l,None
1525752810.543,0.9976,30.07127,s,l,None
1525752810.5461,0.9975,3417.53061494,s,l,None
1525752810.5479,0.9975,4.09612139,s,l,None
1525752810.5499,0.9975,0.00483367,s,l,None
1525752811.4669,0.998,14.85746,s,l,None
1525756104.9073,0.9978,75.0,b,l,None
1525756104.9105,0.9978,75.0,b,l,None
1525756104.9138,0.998,15.21622,b,l,None
1525756104.9163,0.998,30.07368,b,l,None
1525756104.9187,0.998,30.07368,b,l,None
1525756104.9214,0.998,30.07368,b,l,None
1525756104.9238,0.998,30.07368,b,l,None
1525756104.9264,0.998,30.07368,b,l,None
1525756104.9289,0.998,6.09638,b,l,None
1525757916.3469,0.998,23.9773,b,l,None
1525757916.3515,0.998,30.07368,b,l,None
1525757916.3539,0.998,30.07368,b,l,None
1525757916.3561,0.998,30.07368,b,l,None
1525757916.3587,0.998,30.07368,b,l,None
1525757916.3613,0.998,30.07368,b,l,None
1525757916.3638,0.998,33.60246,b,l,None
1525757916.3663,0.998,33.60069,b,l,None
1525757952.4591,0.998,33.60101,b,l,None
1525757985.7934,0.9982,75.0,b,m,None
1525757985.7986,0.9983,33.60092,b,m,None
1525757985.8009,0.9983,33.60092,b,m,None
1525757985.8031,0.9983,33.60092,b,m,None
1525757985.8055,0.9983,24.19724,b,m,None
1525761199.092,0.9981,75.0,b,l,None
1525761199.0964,0.9983,9.40368,b,l,None
1525761199.0988,0.9983,33.60092,b,l,None
1525761203.7537,0.9986,33.60092,b,l,None
1525761203.7652,0.9986,33.60092,b,l,None
1525761203.7674,0.9986,33.60092,b,l,None
1525761203.7695,0.9986,33.60092,b,l,None
1525761203.7717,0.9986,33.60092,b,l,None
1525761203.7739,0.999,2089.69414546,b,l,None
1525761215.5756,0.9992,75.0,b,l,None
1525761254.4227,0.9992,75.0,b,l,None
1525761322.7827,0.9991,13076.389,b,l,None
1525761323.7466,0.9991,1013.3706778,b,l,None
1525761323.7528,0.9992,75.0,b,l,None
1525765959.9191,0.9992,51.0,b,m,None
1525766777.1148,0.9991,1559.19036025,s,l,None
1525766777.1221,0.9991,1.86878589,s,l,None
1525766777.1239,0.9991,0.00215386,s,l,None
1525767244.8976,0.9992,56.08506805,s,l,None
1525767261.9744,0.9992,75.0,s,l,None
1525767261.9826,0.9992,18.99019114,s,l,None
1525767427.2556,0.9993,33.11394,b,m,None
1525767427.2664,0.9993,33.11394,b,m,None
1525767427.2687,0.9993,33.11394,b,m,None
1525767427.2708,0.9993,33.11394,b,m,None
1525767427.2729998,0.9993,33.11394,b,m,None
1525767427.2756,0.9993,33.11394,b,m,None
1525767427.2779,0.9993,33.11394,b,m,None
1525767427.28,0.9993,33.11394,b,m,None
1525767427.2823,0.9993,33.11394,b,m,None
1525767427.2861,0.9993,33.11394,b,m,None
1525767427.2884,0.9993,33.11394,b,m,None
1525767427.2907,0.9993,33.11394,b,m,None
1525767427.2975,0.9993,33.11394,b,m,None
1525767427.2997,0.9993,33.11394,b,m,None
1525767427.3022,0.9993,33.60092,b,m,None
1525767427.3047,0.9993,33.60092,b,m,None
1525767427.3072,0.9993,33.60092,b,m,None
1525767427.3097,0.9993,33.60092,b,m,None
1525767427.312,0.9993,20.88116,b,m,None
1525768150.1351,0.9992,22.67498373,s,l,None
1525770164.6532,0.9993,12.71976,b,l,None
1525770164.659,0.9993,33.60092,b,l,None
1525770164.6615,0.9993,33.60092,b,l,None
1525770164.6641,0.9993,33.60092,b,l,None
1525770164.6667,0.9993,33.60092,b,l,None
1525770164.669,0.9993,33.60092,b,l,None
1525770164.6719,0.9993,33.60092,b,l,None
1525770164.6742,0.9993,33.60092,b,l,None
1525770164.6764,0.9993,33.60092,b,l,None
1525770164.6789,0.9993,33.60092,b,l,None
1525770164.6815,0.9993,33.60092,b,l,None
1525770164.6837,0.9993,33.60092,b,l,None
1525770164.6862,0.9993,33.60092,b,l,None
1525770164.6887,0.9993,33.60092,b,l,None
1525770164.6914,0.9993,33.60092,b,l,None
1525770164.6936,0.9993,33.60092,b,l,None
1525770164.6958,0.9993,33.60092,b,l,None
1525770164.6985,0.9993,33.60092,b,l,None
1525770164.7012,0.9993,33.60092,b,l,None
1525770174.0308,0.9998,955.72219419,b,l,None
1525770174.0345,0.9998,955.72219419,b,l,None
1525770174.0368,0.9999,34.0879,b,l,None
1525770174.0403,0.9999,11130.85671162,b,l,None
1525770177.1008,0.9999,13076.389,b,l,None
1525770429.7458,0.9996,75.0,s,m,None
1525770429.7531,0.9995,94.81037924,s,m,None
1525770429.7566,0.9995,0.18924228,s,m,None
1525770429.7634,0.9995,0.00037772,s,m,None
1525770429.7657,0.9995,7.6e-07,s,m,None
1525771754.3765,0.9996,75.0,s,m,None
1525771754.3827,0.9996,75.0,s,m,None
1525771754.3860002,0.9995,207.83921961,s,m,None
1525771754.3887,0.9994,34.05097,s,m,None
1525771754.3911,0.9994,34.05097,s,m,None
1525771754.3934,0.9994,34.05097,s,m,None
1525771754.3956,0.9994,34.05097,s,m,None
1525771754.3979,0.9994,34.05097,s,m,None
1525771754.4001,0.9994,34.05097,s,m,None
1525771754.4023,0.9994,34.05097,s,m,None
1525771754.4045,0.9994,34.05097,s,m,None
1525771754.4067,0.9994,34.05097,s,m,None
1525771754.409,0.9994,34.05097,s,m,None
1525771754.4112,0.9994,34.05097,s,m,None
1525771754.4135,0.9994,34.05097,s,m,None
1525771754.4157,0.9994,34.05097,s,m,None
1525771754.4179,0.9994,34.05097,s,m,None
1525771754.4202,0.9994,34.05097,s,m,None
1525771754.4229999,0.9994,34.05097,s,m,None
1525771754.4256,0.9994,34.05097,s,m,None
1525771754.4287,0.9992,2937.41945149,s,m,None
1525771754.431,0.9992,5.86311267,s,m,None
1525771754.4332,0.9992,0.01170282,s,m,None
1525771754.4351,0.9992,2.336e-05,s,m,None
1525771754.437,0.9992,5e-08,s,m,None
1525772475.4159,0.9994,34.05499,b,l,None
1525772709.7856,0.9995,70.78431365,s,l,None
1525772769.0858,0.9995,4.21568635,s,l,None
1525772769.0892,0.9995,24.0584802,s,l,None
1525773803.2945,0.9996,75.0,s,m,None
1525773803.305,0.9995,75.0,s,m,None
1525773803.3075,0.9995,75.0,s,m,None
1525773803.3107,0.9994,34.05522,s,m,None
1525773803.314,0.9992,1143.70570961,s,m,None
1525773803.3167,0.9991,34.07476,s,m,None
1525773803.319,0.9991,34.07476,s,m,None
1525773803.3214,0.9991,34.07476,s,m,None
1525773803.3238,0.9991,34.07476,s,m,None
1525773803.326,0.9991,34.07476,s,m,None
1525773803.3281,0.9991,34.07476,s,m,None
1525773803.3303,0.9991,34.07476,s,m,None
1525773803.3325,0.9991,34.07476,s,m,None
1525773803.3349,0.9991,34.07476,s,m,None
1525773803.3372,0.9991,34.07476,s,m,None
1525773803.3394,0.9991,34.07476,s,m,None
1525773803.3416,0.9991,34.07476,s,m,None
1525773803.3438,0.9991,34.07476,s,m,None
1525773803.3459,0.9991,34.07476,s,m,None
1525773803.3479998,0.9991,34.07476,s,m,None
1525773803.3502,0.9991,34.07476,s,m,None
1525773803.3523,0.9991,34.07476,s,m,None
1525773803.3547,0.9991,34.07341,s,m,None
1525773803.3572,0.9991,34.07341,s,m,None
1525773803.3595,0.9991,34.07341,s,m,None
1525773803.3618,0.9991,34.07341,s,m,None
1525773803.3642,0.9991,34.07341,s,m,None
1525773803.3665,0.9991,34.0734,s,m,None
1525773803.369,0.9991,34.07026,s,m,None
1525773803.3714,0.9991,34.07026,s,m,None
1525773803.3737,0.999,34.07317,s,m,None
1525773803.3759,0.999,34.07317,s,m,None
1525773803.3779998,0.999,34.07317,s,m,None
1525773803.3801,0.999,34.07316,s,m,None
1525773803.3829,0.999,34.07151,s,m,None
1525773803.3855,0.999,34.07151,s,m,None
1525773803.3878,0.999,30.67204927,s,m,None
1525773803.3896,0.999,1e-08,s,m,None
1525773895.3452,0.9994,74.99084,b,l,None
1525774334.7017,0.9992,47.86378508,s,l,None
1525774878.6991,0.9994,75.0,b,m,None
1525774878.7029,0.9994,75.0,b,m,None
1525774878.7052,0.9995,34.07386,b,m,None
1525774878.7076,0.9995,34.07386,b,m,None
1525774878.7099,0.9995,34.07386,b,m,None
1525774878.7121,0.9995,34.07386,b,m,None
1525774878.7143,0.9995,20.56398199,b,m,None
1525777001.6161,0.9994,74.986642,b,l,None
1525777348.6247,0.9994,75.0,b,m,None
1525777348.6408,0.9994,75.0,b,m,None
1525777348.6443,0.9995,13.50987801,b,m,None
1525777348.6473,0.9995,34.07386,b,m,None
1525777348.6499,0.9995,34.07386,b,m,None
1525777348.6526,0.9995,34.07386,b,m,None
1525777348.6552,0.9995,34.07386,b,m,None
1525777348.6579,0.9995,34.07386,b,m,None
1525777348.661,0.9995,34.07386,b,m,None
1525777348.6638,0.9995,34.07386,b,m,None
1525777348.6664,0.9995,34.07386,b,m,None
1525777348.6694,0.9995,34.07386,b,m,None
1525777348.6726,0.9995,34.07386,b,m,None
1525777348.6754,0.9995,34.07386,b,m,None
1525777348.678,0.9995,34.07386,b,m,None
1525777348.6808,0.9995,34.07386,b,m,None
1525777348.6836,0.9995,34.07386,b,m,None
1525777348.6863,0.9995,33.61190595,b,m,None
1525777715.437,0.9994,75.0,s,l,None
1525777715.4474,0.9994,75.0,s,l,None
1525777715.4502,0.9993,75.0,s,l,None
1525777715.4691,0.9992,366.922,s,l,None
1525777922.5425,0.9994,75.0,b,l,None
1525777987.5362,0.9994,228.94351023,s,m,None
1525777987.5525,0.9994,0.45697307,s,m,None
1525777987.5549,0.9994,0.0008167,s,m,None
1525778118.2237,0.9995,0.46195405,b,l,None
1525778118.2275,0.9995,34.07386,b,l,None
1525778118.2309,0.9995,34.07386,b,l,None
1525778118.2335,0.9995,34.07386,b,l,None
1525778118.2358,0.9995,34.07386,b,l,None
1525778118.2381,0.9995,34.07386,b,l,None
1525778118.2408,0.9995,34.07386,b,l,None
1525778118.244,0.9995,34.07386,b,l,None
1525778118.2475,0.9995,34.07386,b,l,None
1525778118.2508,0.9995,34.07386,b,l,None
1525778118.2532,0.9995,34.07386,b,l,None
1525778118.2561,0.9995,34.07386,b,l,None
1525778118.2583,0.9995,34.07386,b,l,None
1525778118.2608,0.9995,34.07386,b,l,None
1525778118.2629,0.9998,3.32386595,b,l,None
1525778121.0214,0.9998,30.73112405,b,l,None
1525778121.0298,0.9998,34.05499,b,l,None
1525778121.0327,0.9998,34.05499,b,l,None
1525778121.0355,0.9998,34.05499,b,l,None
1525778121.0383,0.9998,34.05499,b,l,None
1525778121.0406,0.9998,34.05499,b,l,None
1525778121.0437,0.9998,34.05499,b,l,None
1525778121.0459,0.9998,34.05499,b,l,None
1525778121.0488,0.9998,34.05499,b,l,None
1525778121.0511,0.9998,34.05499,b,l,None
1525778121.0535,0.9998,34.05499,b,l,None
1525778121.0557,0.9998,34.05499,b,l,None
1525778121.0583,0.9998,34.05499,b,l,None
1525778121.061,0.9998,34.05499,b,l,None
1525778121.0636,0.9998,34.05499,b,l,None
1525778121.066,0.9998,34.05499,b,l,None
1525778121.0685,0.9998,20.32602595,b,l,None
1525778297.1281,0.9996,75.0,s,l,None
1525778297.1346,0.9995,34.07673,s,l,None
1525778297.1373,0.9995,34.07673,s,l,None
1525778297.1399,0.9995,34.07673,s,l,None
1525778297.1421,0.9995,34.07673,s,l,None
1525778297.1442,0.9995,34.07673,s,l,None
1525778297.1464,0.9995,34.07673,s,l,None
1525778297.1488,0.9995,34.07673,s,l,None
1525778297.1513,0.9995,34.07673,s,l,None
1525778297.1538,0.9995,34.07673,s,l,None
1525778297.1638,0.9995,34.07673,s,l,None
1525778297.1667,0.9995,34.07673,s,l,None
1525778297.1693,0.9995,34.07673,s,l,None
1525778297.1716,0.9995,34.07673,s,l,None
1525778297.1737,0.9995,34.07673,s,l,None
1525778297.1758,0.9995,34.07673,s,l,None
1525778297.178,0.9995,34.07673,s,l,None
1525778297.1807,0.9995,34.07673,s,l,None
1525778297.1832,0.9995,34.07673,s,l,None
1525778297.1856,0.9995,34.07673,s,l,None
1525778297.1883,0.9995,34.07673,s,l,None
1525778297.1906,0.9995,34.07673,s,l,None
1525778297.1929,0.9995,34.07673,s,l,None
1525778297.1951,0.9995,34.07673,s,l,None
1525778297.1973,0.9995,34.07673,s,l,None
1525778297.1996,0.9995,34.07673,s,l,None
1525778297.2018,0.9995,34.07673,s,l,None
1525778297.2041,0.9995,34.07673,s,l,None
1525778297.2068,0.9995,34.07673,s,l,None
1525778297.2093,0.9995,34.07673,s,l,None
1525778297.2115,0.9995,34.07673,s,l,None
1525778297.2138,0.9995,34.07673,s,l,None
1525778297.2168,0.9994,11945.01037,s,l,None
1525778299.0444,0.9994,10683.66633,s,l,None
1525778299.0489,0.9994,1592.44526716,s,l,None
1525778299.0515,0.9993,800.27740284,s,l,None
1525778358.0779998,0.9995,34.0774,s,l,None
1525778358.082,0.9995,75.0,s,l,None
1525778358.0855,0.9994,75.0,s,l,None
1525778358.0884,0.9992,34.07432,s,l,None
1525778358.0913,0.9992,34.07432,s,l,None
1525778358.0939,0.9992,34.07286,s,l,None
1525778358.0965,0.9992,34.07286,s,l,None
1525778358.0991,0.9992,34.07286,s,l,None
1525778358.1020002,0.9992,34.07286,s,l,None
1525778358.1045,0.9992,34.07286,s,l,None
1525778358.1071,0.9992,34.07286,s,l,None
1525778358.1098,0.9992,34.07286,s,l,None
1525778358.1129,0.9992,34.07286,s,l,None
1525778358.1160002,0.9992,34.07286,s,l,None
1525778358.1192,0.9991,34.0745,s,l,None
1525778358.1224,0.9991,34.0745,s,l,None
1525778358.1252,0.9991,34.0745,s,l,None
1525778358.1281,0.9991,34.0745,s,l,None
1525778358.1311,0.9991,34.0745,s,l,None
1525778358.1344,0.9991,34.07685,s,l,None
1525778358.1381,0.9991,34.07685,s,l,None
1525778358.1414,0.9991,34.07685,s,l,None
1525778358.1446,0.9991,34.07685,s,l,None
1525778358.1475,0.9991,34.07685,s,l,None
1525778358.1504,0.9991,34.07685,s,l,None
1525778358.1533,0.9991,34.07685,s,l,None
1525778358.1561,0.9991,34.07685,s,l,None
1525778358.1595,0.999,3.39946072,s,l,None
1525778358.1635,0.999,34.07151,s,l,None
1525778358.1668,0.999,34.07151,s,l,None
1525778358.7621,0.9988,34.0774,b,l,None
1525778507.8255,0.9992,75.0,b,l,None
1525778507.8297,0.9993,1991.69968978,b,l,None
1525778647.5089998,0.9987,75.0,s,m,None
1525778647.514,0.9987,75.0,s,m,None
1525778647.5209,0.9981,33.59966,s,m,None
1525778647.5239,0.9981,33.59966,s,m,None
1525778647.5272,0.998,33.60176,s,m,None
1525778647.5304,0.998,33.60176,s,m,None
1525778647.533,0.998,723.94103124,s,m,None
1525778647.5356,0.9978,33.60246,s,m,None
1525778647.5382,0.9978,33.60246,s,m,None
1525778647.5415,0.9978,33.60101,s,m,None
1525778647.5444,0.9978,33.60106,s,m,None
1525778647.5478,0.9977,294.65981912,s,m,None
1525778647.5499,0.9977,0.58814335,s,m,None
1525778647.5521,0.9977,0.00117394,s,m,None
1525778647.5546,0.9977,2.35e-06,s,m,None
1525778726.4104,0.9985,75.0,b,m,None
1525778726.4292,0.9985,75.0,b,m,None
1525778726.4327,0.9986,30.06615,b,m,None
1525778726.4353,0.9986,30.06615,b,m,None
1525778726.4378,0.9986,30.06615,b,m,None
1525778726.4404,0.9986,30.06615,b,m,None
1525778726.4429,0.9986,30.06615,b,m,None
1525778726.4455,0.9986,30.06615,b,m,None
1525778726.4495,0.9986,30.06615,b,m,None
1525778726.4518,0.9986,30.06615,b,m,None
1525778726.4551,0.9986,30.06615,b,m,None
1525778726.4576,0.9986,30.06615,b,m,None
1525778726.4598,0.9986,30.06615,b,m,None
1525778726.4631,0.9996,132.27235,b,m,None
1525778817.1826,0.9992,263.1166835,b,l,None
1525779353.2328,0.9991,75.0,s,l,None
1525779353.2423,0.9991,75.0,s,l,None
1525779353.2626,0.999,34.08177,s,l,None
1525779353.265,0.999,34.08177,s,l,None
1525779353.2672,0.999,34.08177,s,l,None
1525779353.2695,0.999,34.08177,s,l,None
1525779353.2717,0.999,34.08177,s,l,None
1525779353.2739,0.999,34.08177,s,l,None
1525779353.2761,0.999,34.08177,s,l,None
1525779353.2784,0.999,34.08177,s,l,None
1525779353.2810001,0.999,34.08177,s,l,None
1525779806.3486,0.9989,74.99078,b,l,None
1525779898.3374,0.9988,75.0,s,l,None
1525779898.3406,0.9988,35.94339252,s,l,None
1525780003.9893,0.9981,75.0,s,l,None
1525780003.9923,0.9981,75.0,s,l,None
1525780003.9956,0.9977,12926.389,s,l,None
1525780007.177,0.9978,13076.389,s,l,None
1525780009.0655,0.9979,75.0,s,l,None
1525780009.0765,0.9978,1013.3706778,s,l,None
1525780044.1984,0.9981,30.06795,b,l,None
1525780044.204,0.9988,44.9320498,b,l,None
1525780063.0967,0.9988,30.0679502,b,l,None
1525780063.1033,0.9988,31.48118994,b,l,None
1525780227.6035,0.9981,75.0,s,l,None
1525780719.0179,0.9985,75.0,b,l,None
1525780719.0208,0.9986,75.0,b,l,None
1525780719.0233,0.9987,30.06584,b,l,None
1525780719.0262,0.9987,30.06584,b,l,None
1525780719.0285,0.9987,87.11132,b,l,None
1525780854.9589,0.9986,58.19212,b,l,None
1525780863.2386,0.9986,16.807824,b,l,None
1525780892.6181,0.9986,5.6e-05,b,l,None
1525780892.6223,0.9987,34.08386,b,l,None
1525780892.6256,0.9987,75.0,b,l,None
1525780892.6287,0.9991,34.08264,b,l,None
1525780892.6320002,0.9991,34.08264,b,l,None
1525780892.6349,0.9992,34.08264,b,l,None
1525780892.6379998,0.9992,34.08264,b,l,None
1525780892.6409,0.9992,34.08264,b,l,None
1525780892.6442,0.9992,34.08264,b,l,None
1525780892.6473,0.9992,34.08264,b,l,None
1525780892.65,0.9992,34.08264,b,l,None
1525780892.6528,0.9992,34.08264,b,l,None
1525780892.6552,0.9995,3.072324,b,l,None
1525780906.6543,0.9987,34.09112,s,l,None
1525780906.6577,0.9987,34.09112,s,l,None
1525780906.6599,0.9985,34.08463,s,l,None
1525780906.6632,0.9985,34.08463,s,l,None
1525780906.6668,0.9983,75.0,s,l,None
1525780906.6692,0.9982,75.0,s,l,None
1525780906.6718,0.9981,48.4805,s,l,None
1525780926.215,0.9982,34.09112,s,l,None
1525780926.2189,0.9982,0.0623512,s,l,None
1525780962.5556,0.9992,75.0,b,l,None
1525780962.5636,0.9992,908.651,b,l,None
1525780962.6341,0.9992,941.26,b,l,None
1525780980.9424,0.9983,34.08937,s,l,None
1525780980.9459,0.9983,11.84746333,s,l,None
1525780991.4733,0.9983,22.24190667,s,l,None
1525780991.4811,0.9983,15.45857098,s,l,None
1525781022.8218,0.999,74.9992204,b,l,None
1525781600.4213,0.9988,48.69387,b,l,None
1525781606.2377,0.9986,31.03525207,s,l,None
1525781790.3168,0.9988,34.08846,b,l,None
1525781790.3204,0.9988,6.52978,b,l,None
1525781881.3537,0.9987,74.9987084,b,l,None
1525782002.0726,0.9987,75.0,b,l,None
1525782002.0782,0.9987,398.4837,b,l,None
1525782028.1035,0.9988,34.08846,b,m,None
1525782028.1134,0.9988,34.0889,b,m,None
1525782028.1159,0.9988,34.0889,b,m,None
1525782028.1182,0.9991,34.08904,b,m,None
1525782028.1205,0.9991,34.08888,b,m,None
1525782028.123,0.9992,838.63776364,b,m,None
1525782028.1257,0.9993,876.13776364,b,m,None
1525782028.1281,0.9994,34.08463,b,m,None
1525782028.1304,0.9994,34.08956,b,m,None
1525782028.1328,0.9994,34.08956,b,m,None
1525782028.135,0.9994,12.51654272,b,m,None
1525782096.113,0.9987,22.77735781,s,l,None
1525782124.1668,0.9994,21.57301728,b,l,None
1525782124.1719,0.9994,34.08956,b,l,None
1525782124.1754,0.9994,34.08937,b,l,None
1525782124.1794,0.9996,1.427e-05,b,l,None
1525783062.3611,0.9995,43.11700638,s,l,None
1525784018.1857,0.9995,75.0,b,l,None
1525784018.1887,0.9995,14.19225,b,l,None
1525784101.1098,0.9994,34.09568,s,m,None
1525784101.1131,0.9992,75.0,s,m,None
1525784101.1160002,0.9991,75.0,s,m,None
1525784101.1184,0.9988,34.09568,s,m,None
1525784101.1212,0.9988,34.09568,s,m,None
1525784101.1235,0.9988,34.09568,s,m,None
1525784101.1261,0.9988,34.09568,s,m,None
1525784101.1284,0.9986,34.0889,s,m,None
1525784101.1312,0.9986,34.09377,s,m,None
1525784101.1336,0.9986,34.09377,s,m,None
1525784101.1359,0.9986,34.09377,s,m,None
1525784101.1382,0.9986,34.09377,s,m,None
1525784101.1407,0.9986,34.09377,s,m,None
1525784101.1435,0.9986,34.09377,s,m,None
1525784101.1460001,0.9986,34.09377,s,m,None
1525784101.1771,0.9982,34.0272088,s,m,None
1525784101.1837,0.9982,34.08956,s,m,None
1525784101.1866,0.9982,34.08937,s,m,None
1525784101.1889,0.9982,34.08937,s,m,None
1525784101.1916,0.9979,485.59502,s,m,None
1525784101.1941,0.9978,30.06584,s,m,None
1525784101.1966,0.9976,30.07368,s,m,None
1525784101.2032,0.9976,2212.77021329,s,m,None
1525784337.8431,0.9991,75.0,b,l,None
1525784337.8613,0.9991,1244.41517366,b,l,None
1525784400.4645,0.999,74.9930836,b,l,None
1525784636.789,0.9991,44.60450816,b,l,None
1525784636.7936,0.9991,44.60450816,b,l,None
1525784677.7321,0.9992,30.06675,b,l,None
1525784677.7566,0.9992,30.06675,b,l,None
1525784677.7596,0.9992,30.06675,b,l,None
1525784677.7626,0.9992,30.06675,b,l,None
1525784677.7653,0.9992,30.06675,b,l,None
1525784677.7679,0.9992,30.06675,b,l,None
1525784677.7706,0.9992,30.06675,b,l,None
1525784677.7733,0.9992,30.06675,b,l,None
1525784677.7762,0.9992,30.06675,b,l,None
1525784677.7791,0.9992,30.06675,b,l,None
1525784677.7818,0.9992,30.06675,b,l,None
1525784677.7845,0.9992,30.06675,b,l,None
1525784677.7871,0.9992,30.06675,b,l,None
1525784677.7898,0.9992,30.06675,b,l,None
1525784677.7924,0.9992,30.06675,b,l,None
1525784677.7947,0.9992,30.06675,b,l,None
1525784677.7972,0.9992,30.06675,b,l,None
1525784677.7996,0.9992,30.06675,b,l,None
1525784677.8019,0.9992,30.06675,b,l,None
1525784677.8045,0.9992,30.06675,b,l,None
1525784677.8070002,0.9992,30.06675,b,l,None
1525784677.8096,0.9992,30.06675,b,l,None
1525784677.8126,0.9998,13.72896405,b,l,None
1525784677.8155,0.9998,34.05522,b,l,None
1525784677.8184,0.9998,34.07522,b,l,None
1525784677.821,0.9998,34.0774,b,l,None
1525784677.8236,0.9998,34.0774,b,l,None
1525784677.8263,0.9998,34.0774,b,l,None
1525784677.829,0.9998,34.0774,b,l,None
1525784677.8317,0.9998,34.0774,b,l,None
1525784677.8345,0.9998,34.0774,b,l,None
1525784677.8371,0.9998,34.0774,b,l,None
1525784677.8397,0.9998,34.0774,b,l,None
1525784677.8422,0.9998,34.0774,b,l,None
1525784677.8456,0.9998,34.07936,b,l,None
1525784677.8492,0.9998,34.07936,b,l,None
1525784677.8519,0.9998,34.07936,b,l,None
1525784677.8543,0.9998,34.07936,b,l,None
1525784677.8571,0.9998,34.07936,b,l,None
1525784677.8598,0.9998,34.07936,b,l,None
1525784677.8634,0.9998,34.07936,b,l,None
1525784677.8658,0.9998,34.07936,b,l,None
1525784677.869,0.9998,34.07936,b,l,None
1525784677.8721,0.9998,34.07936,b,l,None
1525784677.8752,0.9998,34.07936,b,l,None
1525784677.8777,0.9998,34.07936,b,l,None
1525784677.8806,0.9998,34.07936,b,l,None
1525784677.8835,0.9998,34.07936,b,l,None
1525784677.8860002,0.9998,34.07936,b,l,None
1525784677.8886,0.9998,34.07936,b,l,None
1525784677.8911,0.9998,34.07936,b,l,None
1525784677.8938,0.9998,34.07936,b,l,None
1525784677.8963,0.9998,34.07936,b,l,None
1525784677.8988,0.9998,34.07936,b,l,None
1525784677.9015,0.9998,34.07936,b,l,None
1525784677.9044,0.9998,34.07936,b,l,None
1525784677.907,0.9998,34.07936,b,l,None
1525784677.9096,0.9998,34.07936,b,l,None
1525784677.9121,0.9998,34.07936,b,l,None
1525784677.9156,0.9998,34.07936,b,l,None
1525784677.9181,0.9998,34.07936,b,l,None
1525784677.9211,0.9998,34.07936,b,l,None
1525784677.9238,0.9998,34.07936,b,l,None
1525784677.9269,0.9998,34.07936,b,l,None
1525784677.9303,0.9998,34.07936,b,l,None
1525784677.9348,0.9998,34.07936,b,l,None
1525784677.938,0.9998,34.07936,b,l,None
1525784677.9407,0.9998,34.07931,b,l,None
1525784677.9433,0.9998,34.07931,b,l,None
1525784677.9459,0.9998,34.07931,b,l,None
1525784677.9486,0.9998,34.07931,b,l,None
1525784677.9518,0.9998,34.07931,b,l,None
1525784677.9552,0.9998,63.96006595,b,l,None
1525784696.6220002,0.9992,34.11478,s,l,None
1525784696.6267,0.9992,34.11478,s,l,None
1525784696.629,0.9992,0.05501108,s,l,None
1525784766.3746,0.9994,75.0,s,l,None
1525784766.3826,0.9994,0.0449821,s,l,None
1525785393.4029,0.9994,75.0,s,l,None
1525785393.4056,0.9994,27.36600281,s,l,None
1525785437.6592,0.9994,36.77388983,s,l,None
1525786326.17,0.9994,74.9989,b,l,None
1525786778.1442,0.9996,43.36937746,s,l,None
1525786869.3418,0.9994,19.84103062,s,l,None
1525787579.1066,0.9994,75.0,s,m,None
1525787579.1145,0.9994,75.0,s,m,None
1525787579.1183,0.9993,34.11447,s,m,None
1525787579.1212,0.9993,34.11447,s,m,None
1525787579.1247,0.9993,34.14089,s,m,None
1525787579.1277,0.9993,34.14089,s,m,None
1525787579.1308,0.9993,34.14089,s,m,None
1525787579.1337,0.9993,34.14089,s,m,None
1525787579.1365,0.9993,34.14089,s,m,None
1525787579.1396,0.9993,34.14089,s,m,None
1525787579.1425,0.9993,34.14089,s,m,None
1525787579.1455,0.9993,34.14089,s,m,None
1525787579.1483,0.9993,34.14089,s,m,None
1525787579.1513,0.9993,34.14089,s,m,None
1525787579.154,0.9993,34.14089,s,m,None
1525787579.1567,0.9993,34.14089,s,m,None
1525787579.1596,0.9993,34.14089,s,m,None
1525787579.1626,0.9993,34.14089,s,m,None
1525787579.1654,0.9993,34.14089,s,m,None
1525787579.1683,0.9993,34.14089,s,m,None
1525787579.1709,0.9993,34.14089,s,m,None
1525787579.1736,0.9993,34.14089,s,m,None
1525787579.1763,0.9993,34.14089,s,m,None
1525787579.1792,0.9993,34.14089,s,m,None
1525787579.1819,0.9993,34.14089,s,m,None
1525787579.1846,0.9993,34.14089,s,m,None
1525787579.1872,0.9993,34.13321,s,m,None
1525787579.1899,0.9993,34.13321,s,m,None
1525787579.1926,0.9993,34.13321,s,m,None
1525787579.1954,0.9993,34.13321,s,m,None
1525787579.1981,0.9992,34.05976892,s,m,None
1525787579.2006,0.9992,34.11478,s,m,None
1525787579.2033,0.9992,34.14089,s,m,None
1525787579.2062,0.9992,34.14089,s,m,None
1525787579.2089,0.9992,34.14089,s,m,None
1525787579.2113,0.9992,34.14089,s,m,None
1525787579.2139,0.9992,34.14089,s,m,None
1525787579.2164,0.9992,34.14089,s,m,None
1525787579.2195,0.9992,34.14089,s,m,None
1525787579.2229998,0.9992,34.14089,s,m,None
1525787579.2257,0.9992,34.14089,s,m,None
1525787579.228,0.9992,34.14089,s,m,None
1525787579.2303,0.9992,34.14089,s,m,None
1525787579.235,0.9992,34.14089,s,m,None
1525787579.2378,0.9992,34.14089,s,m,None
1525787579.2405,0.9992,34.14089,s,m,None
1525787579.2432,0.9992,34.14089,s,m,None
1525787579.2526,0.9992,34.14089,s,m,None
1525787579.256,0.9992,34.14089,s,m,None
1525787579.2588,0.9992,34.14089,s,m,None
1525787579.2619,0.9992,34.14089,s,m,None
1525787579.2651,0.9992,34.14089,s,m,None
1525787579.2678,0.9992,34.14089,s,m,None
1525787579.2705,0.9992,34.14089,s,m,None
1525787579.2731,0.9992,34.14089,s,m,None
1525787579.2765,0.9992,34.14089,s,m,None
1525787579.279,0.9992,34.14089,s,m,None
1525787579.2823,0.9992,34.14089,s,m,None
1525787579.2855,0.9992,34.14089,s,m,None
1525787579.2879999,0.9992,34.14089,s,m,None
1525787579.2913,0.9992,34.14089,s,m,None
1525787579.2942,0.9992,34.14089,s,m,None
1525787579.2974,0.9992,34.14089,s,m,None
1525787579.3,0.9992,34.14089,s,m,None
1525787579.3048,0.9992,34.14089,s,m,None
1525787579.3087,0.9992,34.14089,s,m,None
1525787579.3117,0.9992,34.14089,s,m,None
1525787579.3154,0.9992,34.14089,s,m,None
1525787579.3186,0.998,1244.41517366,s,m,None
1525787579.3214,0.9978,34.11478,s,m,None
1525787579.3246,0.9978,2671.95515133,s,m,None
1525787579.3287,0.9976,25459.22978671,s,m,None
1525787579.3337,0.9976,8000.0,s,m,None
1525787579.3377,0.9975,167.17715938,s,m,None
1525788099.7851,0.9987,74.99954,b,l,None
1525788203.6301,0.9988,75.0,s,l,None
1525788203.635,0.9987,75.0,s,l,None
1525788203.6373,0.9987,243.7,s,l,None
1525789260.8028,0.9985,59.62146932,s,l,None
1525790464.168,0.9985,75.0,b,l,None
1525790464.1732,0.9985,75.0,b,l,None
1525790464.1757,0.9991,14089.7596778,b,l,None
1525790464.1784,0.9992,33.12803,b,l,None
1525790464.1809,0.9992,33.12803,b,l,None
1525790464.1833,0.9992,32.18107,b,l,None
1525790464.1858,0.9992,32.18107,b,l,None
1525790464.1883,0.9992,31.26117,b,l,None
1525790464.191,0.9992,31.26117,b,l,None
1525790464.1933,0.9992,31.26117,b,l,None
1525790464.1958,0.9992,31.26117,b,l,None
1525790464.1982,0.9992,30.06946,b,l,None
1525790464.2006,0.9992,30.06946,b,l,None
1525790464.2029,0.9992,30.06946,b,l,None
1525790464.2051,0.9992,30.06946,b,l,None
1525790464.2075,0.9992,30.06946,b,l,None
1525790464.2099,0.9992,30.06946,b,l,None
1525790464.2125,0.9992,30.06946,b,l,None
1525790464.215,0.9992,30.06946,b,l,None
1525790464.2174,0.9992,30.06946,b,l,None
1525790464.2196,0.9992,30.06946,b,l,None
1525790464.2222,0.9992,30.06946,b,l,None
1525790464.2246,0.9992,30.06946,b,l,None
1525790464.2271,0.9992,30.06946,b,l,None
1525790464.2296,0.9992,30.06946,b,l,None
1525790464.2325,0.9992,30.06946,b,l,None
1525790464.2351,0.9992,30.06946,b,l,None
1525790464.2377,0.9992,30.06946,b,l,None
1525790464.2402,0.9992,30.06946,b,l,None
1525790464.2425,0.9992,30.06946,b,l,None
1525790464.2448,0.9992,30.06946,b,l,None
1525790464.2472,0.9992,30.06946,b,l,None
1525790464.2495,0.9992,30.06946,b,l,None
1525790464.2517,0.9992,30.06946,b,l,None
1525790464.2539,0.9992,30.06946,b,l,None
1525790464.2561,0.9992,30.06946,b,l,None
1525790464.2584,0.9992,30.06946,b,l,None
1525790464.2608,0.9992,30.06946,b,l,None
1525790464.2629998,0.9992,30.06946,b,l,None
1525790464.2653,0.9992,30.06946,b,l,None
1525790464.2676,0.9992,30.06946,b,l,None
1525790464.2699,0.9992,30.06946,b,l,None
1525790464.2721,0.9992,30.06946,b,l,None
1525790464.2747,0.9992,30.06946,b,l,None
1525790464.2772,0.9992,30.06946,b,l,None
1525790464.2795,0.9992,30.06946,b,l,None
1525790464.2817,0.9992,30.06946,b,l,None
1525790464.2838,0.9992,30.06946,b,l,None
1525790464.286,0.9992,30.06946,b,l,None
1525790464.2881,0.9992,30.06946,b,l,None
1525790464.2904,0.9992,30.06946,b,l,None
1525790464.2929,0.9992,30.06946,b,l,None
1525790464.2952,0.9992,30.06946,b,l,None
1525790464.2976,0.9992,30.06946,b,l,None
1525790464.2998,0.9992,30.06946,b,l,None
1525790464.3019,0.9992,30.06946,b,l,None
1525790464.3042,0.9992,30.06946,b,l,None
1525790464.3065,0.9992,30.06946,b,l,None
1525790464.3091,0.9992,30.06946,b,l,None
1525790464.3113,0.9992,30.06946,b,l,None
1525790464.3135,0.9992,30.06946,b,l,None
1525790464.3157,0.9992,30.06946,b,l,None
1525790464.3179,0.9992,30.06946,b,l,None
1525790464.3202,0.9992,30.06946,b,l,None
1525790464.3223,0.9992,30.06946,b,l,None
1525790464.3246,0.9992,30.06946,b,l,None
1525790464.3270001,0.9992,30.06946,b,l,None
1525790464.3295,0.9992,30.06946,b,l,None
1525790464.3317,0.9992,30.06946,b,l,None
1525790464.3338,0.9992,30.06946,b,l,None
1525790464.3359,0.9992,30.06946,b,l,None
1525790464.3381,0.9992,30.06946,b,l,None
1525790464.3405,0.9992,30.06946,b,l,None
1525790464.3429,0.9992,30.06946,b,l,None
1525790464.3470001,0.9992,30.06946,b,l,None
1525790464.3492,0.9992,30.06946,b,l,None
1525790464.3513,0.9992,30.06946,b,l,None
1525790464.3535,0.9992,30.06946,b,l,None
1525790464.356,0.9992,30.06946,b,l,None
1525790464.3583,0.9996,1626.33673174,b,l,None
1525790464.3606,0.9997,34.11447,b,l,None
1525790464.3628,0.9997,34.11447,b,l,None
1525790464.3651,0.9997,10429.74492348,b,l,None
1525790800.1117,0.9989,75.0,s,m,None
1525790800.1206,0.9988,75.0,s,m,None
1525790800.123,0.9986,34.15387,s,m,None
1525790800.1256,0.9986,15.84613,s,m,None
1525792179.2449,0.9987,29.94011976,s,m,None
1525792457.6288,0.9988,75.0,b,l,None
1525792457.6384,0.9988,75.0,b,l,None
1525792457.641,0.9989,34.15325,b,l,None
1525792457.6434,0.9996,828.13842575,b,l,None
1525792457.6459,0.9996,828.13842575,b,l,None
1525792457.6489,0.9997,48810.15401121,b,l,None
1525792457.6508,0.9997,18.84598879,b,l,None
1525792457.6542,0.9999,25792.75428838,b,l,None
1525792457.6568,0.9999,6.00720865,b,l,None
1525792457.6596,0.9999,2493.99279135,b,l,None
1525792457.6617,0.9999,2500.0,b,l,None
1525792457.6639,0.9999,6.00720865,b,l,None
1525792457.6667,1.0,134723.6963,b,l,None
1525792457.6698,1.0,350000.0,b,l,None
1525792457.6729,1.0,299995.0,b,l,None
1525792457.6759,1.0,13076.389,b,l,None
1525792457.6792,1.0001,342151.03474441,b,l,None
1525792457.681,1.0001,546.56714815,b,l,None
1525792457.6828,1.0001,0.87311046,b,l,None
1525792457.6845,1.0001,0.00139475,b,l,None
1525792457.6866,1.0001,2.23e-06,b,l,None
1525792457.6912,1.0005,103.34645041,b,l,None
1525792457.6933,1.0005,150.0,b,l,None
1525792457.6954,1.0005,111.03296703,b,l,None
1525792457.6972,1.0005,32.88746733,b,l,None
1525792457.7004,1.0005,78.1454997,b,l,None
1525792457.7023,1.0005,200.0,b,l,None
1525792457.7042,1.0005,324.58761553,b,l,None
1525792457.7071,1.0009,62.9,b,l,None
1525792457.7117,1.001,5441.63620681,b,l,None
1525792457.7135,1.001,10.86154931,b,l,None
1525792457.7153,1.001,0.02167974,b,l,None
1525792457.717,1.001,4.327e-05,b,l,None
1525792457.7188,1.001,9e-08,b,l,None
1525792457.7213,1.001,472.26688477,b,l,None
1525792457.7236,1.001,150.0,b,l,None
1525792457.7259,1.001,53.1454997,b,l,None
1525792457.7279,1.001,324.58761553,b,l,None
1525792457.7305,1.001,1133.03011447,b,l,None
1525792457.7327,1.001,2.26153716,b,l,None
1525792457.7351,1.001,0.00444837,b,l,None
1525792457.7395,1.001,8.98221302,b,l,None
1525792457.7418,1.001,0.01778698,b,l,None
1525792460.4706,1.001,4088.70140758,s,l,None
1525792460.4767,1.001,3.26834645,s,l,None
1525792460.4787,1.001,0.00260597,s,l,None
1525792463.0302,1.001,13076.389,s,l,None
1525792465.1046,1.001,13076.389,s,l,None
1525792467.4983,1.001,13076.389,s,l,None
1525792469.1329,1.001,13076.389,s,l,None
1525792482.6716,1.001,13.39079824,s,l,None
1525792581.0991,1.001,130.17828171,s,l,None
1525792625.9346,1.001,247.48469158,s,l,None
1525792824.832,1.001,39.60895244,s,l,None
1525792983.4623,1.001,110.89533286,s,l,None
1525792995.6731,1.001,15935.252,s,l,None
1525793082.7916,1.001,48.46849183,s,l,None
1525793181.6971,1.001,134.89475524,s,l,None
1525793413.2021,1.001,497.92622377,s,l,None
1525793427.62,1.001,100.47567432,s,l,None
1525793455.9879,1.001,54.33566433,s,l,None
1525793566.2152,1.001,74.59026766,s,l,None
1525793575.9958,1.001,825.85070129,s,l,None
1525793616.1798,1.001,1988.01,s,l,None
1525793760.736,1.001,45.02413838,s,l,None
1525794039.5638,1.001,107.97346653,s,l,None
1525794177.9553,1.001,74.72847152,s,l,None
1525794339.4891,1.001,33.07513936,s,l,None
1525794393.4518,1.001,23.38973026,s,l,None
1525794523.4139,1.001,96.6210989,s,l,None
1525794541.2276,1.001,327.72110889,s,l,None
1525794561.0599,1.001,146.55344655,s,l,None
1525794571.034,1.001,16.12043956,s,l,None
1525794578.0577,1.001,16.12043956,s,l,None
1525794609.7231,1.001,15.38664335,s,l,None
1525794856.7985,1.0011,799.500998,s,m,None
1525794908.4026,1.0011,732.66406952,s,l,None
1525795010.1492,1.0011,16.14234342,s,l,None
1525796280.3457,1.0011,787.88883953,s,m,None
1525796280.3481,1.0011,1.11116047,s,m,None
1525796554.2718,1.0011,113.89103599,s,l,None
1525797364.3563,1.0011,11638.56123087,s,l,None
1525797396.1574,1.0011,20.0,b,m,None
1525797488.4389,1.001,1971.05788423,s,m,None
1525797488.4483,1.001,3.93424728,s,m,None
1525797488.4502,1.001,0.00785278,s,m,None
1525797488.4519,1.001,1.568e-05,s,m,None
1525797488.4536,1.001,3e-08,s,m,None
1525797764.2801,1.001,76.4562793,s,l,None
1525798366.0233,1.001,23.88917835,s,m,None
1525798366.0569,1.001,0.04768299,s,m,None
1525798366.0591,1.001,3.866e-05,s,m,None
1525798575.2537,1.0011,859.49405654,b,m,None
1525798709.5809,1.001,60.94297562,s,l,None
1525798780.5132,1.001,59.11448551,s,l,None
1525799047.3344,1.0011,767.2,b,m,None
1525799073.312,1.0011,153.36360004,b,m,None
1525799517.8761,1.001,19.4578197,s,l,None
1525799979.6106,1.0011,986562.38111255,b,l,None
1525799979.6144,1.0011,14089.7596778,b,l,None
1525800050.7106,1.0011,105.72826808,s,l,None
1525801170.6679,1.0012,0.9975,b,m,None
1525801206.4986,1.0012,0.4235,b,m,None
1525801206.5031,1.0012,0.574,b,m,None
1525801239.2909,1.0011,0.574,s,m,None
1525801478.6427,1.0011,305.68984473,s,l,None
1525802727.8718,1.0011,139.14180938,s,l,None
1525803063.4865,1.0012,1002.005,b,m,None
1525803063.5049,1.0012,106.8214143,b,m,None
1525803236.3176,1.0011,35.5565647,s,l,None
1525803283.8756,1.0011,143.69936222,s,l,None
1525803296.9184,1.0011,105.1755045,s,l,None
1525803355.3518,1.0011,523.138,s,l,None
1525803467.5946,1.0011,9.98003992,s,m,None
1525803467.5978,1.0011,0.01992024,s,m,None
1525803467.5997,1.0011,3.976e-05,s,m,None
1525803467.6018,1.0011,8e-08,s,m,None
1525803500.8871,1.0012,49.13001803,b,l,None
1525803527.4349,1.0012,55.40819107,b,l,None
1525803658.7644,1.0011,232.92877834,s,l,None
1525803755.585,1.0011,7260.97870943,s,l,None
1525803773.1152,1.0012,42.93413756,b,l,None
1525803967.2055,1.0011,990485.24836827,s,l,None
1525804142.0341,1.001,34.04077,s,l,None
1525804142.0383,1.001,34.04077,s,l,None
1525804142.0408,1.001,34.04077,s,l,None
1525804142.0433,1.001,34.04041,s,l,None
1525804142.0455,1.001,34.04041,s,l,None
1525804142.0477,1.001,34.04041,s,l,None
1525804142.0501,1.001,34.04041,s,l,None
1525804142.0524,1.001,34.04041,s,l,None
1525804142.0547,1.001,34.04041,s,l,None
1525804142.0571,1.001,34.04041,s,l,None
1525804142.0596,1.001,34.04041,s,l,None
1525804142.0629,1.001,75.0,s,l,None
1525804142.0658,1.001,75.0,s,l,None
1525804142.0683,1.0009,7.35841,s,l,None
1525804142.1274,1.0009,26.68525,s,l,None
1525804142.1312,1.0009,34.04366,s,l,None
1525804142.1337,1.0009,34.04366,s,l,None
1525804142.1361,1.0009,34.04366,s,l,None
1525804142.1385,1.0009,34.04366,s,l,None
1525804142.1408,1.0009,34.04366,s,l,None
1525804142.1431,1.0009,34.04157,s,l,None
1525804142.1460001,1.0009,34.04157,s,l,None
1525804142.1485,1.0009,34.04157,s,l,None
1525804142.1508,1.0009,34.04157,s,l,None
1525804142.1529,1.0009,34.04157,s,l,None
1525804142.1553,1.0009,34.04089,s,l,None
1525804142.1579,1.0009,34.04089,s,l,None
1525804142.1603,1.0009,34.04089,s,l,None
1525804142.1631,1.0009,3.94193,s,l,None
1525804173.5054,1.0009,30.09896,s,l,None
1525804173.5101,1.0009,34.04089,s,l,None
1525804173.5124,1.0009,34.04089,s,l,None
1525804173.515,1.0009,34.04089,s,l,None
1525804173.5176,1.0009,34.04089,s,l,None
1525804173.52,1.0009,34.04089,s,l,None
1525804173.5223,1.0009,34.04089,s,l,None
1525804173.5245,1.0009,34.04077,s,l,None
1525804173.5268,1.0009,75.0,s,l,None
1525804173.5292,0.9999,2.23393,s,l,None
1525804179.3458,0.9999,184.969,s,l,None
1525804239.1479,1.0007,18.0,b,m,None
1525804508.7606,1.0006,35.12174366,b,l,None
1525804576.688,1.0005,75.0,s,l,None
1525804576.6907,1.0005,74.92404797,s,l,None
1525804675.1517,1.0003,75.0,s,l,None
1525804675.1593,1.0003,75.0,s,l,None
1525804675.1618,1.0002,182.78,s,l,None
1525805105.4556,1.0005,74.95879248,s,l,None
1525805310.4386,1.0005,75.0,b,m,None
1525805310.444,1.0005,75.0,b,m,None
1525805310.4466,1.0008,34.04117,b,m,None
1525805310.4501,1.0008,34.04117,b,m,None
1525805310.4596,1.0008,34.04214,b,m,None
1525805310.4627,1.0008,34.04214,b,m,None
1525805310.4651,1.0008,34.04214,b,m,None
1525805310.4675,1.0008,34.04214,b,m,None
1525805310.4703,1.0008,34.04214,b,m,None
1525805310.4728,1.0008,34.04214,b,m,None
1525805310.4751,1.0008,34.04214,b,m,None
1525805310.4775,1.0008,34.04214,b,m,None
1525805310.4799,1.0008,34.04214,b,m,None
1525805310.4822,1.0008,34.04214,b,m,None
1525805310.4846,1.0008,34.04214,b,m,None
1525805310.4870002,1.0008,34.04214,b,m,None
1525805310.4898,1.0008,34.04214,b,m,None
1525805310.4922,1.0008,34.04214,b,m,None
1525805310.4945,1.0008,34.04224,b,m,None
1525805310.4970002,1.0008,21.28546,b,m,None
1525806234.3855,1.0007,43.10880072,b,l,None
1525806251.5765,1.0006,75.0,s,l,None
1525806251.58,1.0006,74.90568418,s,l,None
1525806261.2657,1.0007,75.0,b,m,None
1525806261.3079,1.0008,12.75678,b,m,None
1525806261.3105,1.0008,34.04224,b,m,None
1525806261.3128,1.0008,34.04224,b,m,None
1525806261.3152,1.0008,34.04224,b,m,None
1525806261.3176,1.0008,34.04224,b,m,None
1525806261.3198,1.0008,34.04224,b,m,None
1525806261.3221,1.0008,34.04224,b,m,None
1525806261.3244,1.0008,34.04224,b,m,None
1525806261.3265,1.0008,34.04224,b,m,None
1525806261.3289,1.0008,34.04224,b,m,None
1525806261.3354,1.001,93.60146499,b,m,None
1525806261.3436,1.001,214.77054839,b,m,None
1525806261.3462,1.001,93.60146499,b,m,None
1525806261.3485,1.001,268.16899012,b,m,None
1525806261.351,1.0011,1935.72059151,b,m,None
1525806532.3919,1.0008,18.32783772,s,l,None
1525806550.611,1.0008,17.19300559,s,l,None
1525807607.0867,1.0007,75.0,s,l,None
1525807607.1260002,1.0007,25.0,s,l,None
1525807647.7387,1.0007,50.0,s,l,None
1525807647.8276,1.0006,34.03918,s,l,None
1525807647.8314,1.0006,15.96082,s,l,None
1525809040.3373,1.0006,34.05284,b,l,None
1525809069.5741,1.0006,34.05287,b,l,None
1525809080.6394,1.0005,17.37027486,s,l,None
1525809086.5627,1.0006,34.0529,b,l,None
1525809109.8815,1.0006,34.05296,b,l,None
1525809111.7532,1.0006,34.05296,b,l,None
1525809124.6179998,1.0005,16.67025514,s,l,None
1525809124.6254,1.0005,34.04053,s,l,None
1525809124.6279998,1.0005,31.57647123,s,l,None
1525809126.6375,1.0006,4.56707267,b,l,None
1525809126.6422,1.0006,29.48594733,b,l,None
1525809141.8755,1.0006,34.05322,b,l,None
1525809143.5904,1.0006,11.46083267,b,l,None
1525809143.5967,1.0006,22.59238733,b,l,None
1525809160.3702,1.0006,16.02772033,b,l,None
1525809298.8455,1.0006,18.02555967,s,l,None
1525809298.8546,1.0006,34.05329,s,l,None
1525809298.8571,1.0006,34.05329,s,l,None
1525809298.8593,1.0006,34.05329,s,l,None
1525809298.8616,1.0006,34.05329,s,l,None
1525809298.8639998,1.0006,34.05329,s,l,None
1525809298.8667,1.0006,34.05329,s,l,None
1525809298.8692,1.0006,34.05329,s,l,None
1525809298.8714,1.0005,2.46405877,s,l,None
1525809298.8737,1.0005,34.04053,s,l,None
1525809298.8760002,1.0005,34.04053,s,l,None
1525809298.8785,1.0005,34.04053,s,l,None
1525809298.8812,1.0005,34.04053,s,l,None
1525809298.8838,1.0005,34.04053,s,l,None
1525809298.8862,1.0005,34.04053,s,l,None
1525809298.8885,1.0005,34.04053,s,l,None
1525809298.8909,1.0005,34.04053,s,l,None
1525809298.8934,1.0005,34.04053,s,l,None
1525809298.8958,1.0005,34.04053,s,l,None
1525809298.8982,1.0005,34.04053,s,l,None
1525809298.9007,1.0005,34.04053,s,l,None
1525809298.9031,1.0005,34.04053,s,l,None
1525809298.9056,1.0005,34.05109,s,l,None
1525809298.9078,1.0005,34.05119,s,l,None
1525809298.9102,1.0005,34.05119,s,l,None
1525809298.9133,1.0002,776.39087182,s,l,None
1525809298.9160001,1.0002,737.76044791,s,l,None
1525809298.9184,1.0001,2306.78986135,s,l,None
1525809298.9206,1.0001,2500.0,s,l,None
1525809298.9226,1.0001,6.00720865,s,l,None
1525809298.9246,1.0001,93.60146499,s,l,None
1525809298.9265,1.0001,93.101515,s,l,None
1525809299.0289,1.0001,0.49994999,s,l,None
1525809299.0371,1.0,34.04214,s,l,None
1525809299.0474,1.0,34.04287,s,l,None
1525809299.0504,1.0,34.04287,s,l,None
1525809299.0532,1.0,34.04287,s,l,None
1525809299.0570002,1.0,34.04287,s,l,None
1525809299.0601,1.0,34.04309,s,l,None
1525809299.0634,1.0,34.04309,s,l,None
1525809299.0664,1.0,34.04309,s,l,None
1525809299.0694,1.0,34.03918,s,l,None
1525809299.0727,1.0,34.03918,s,l,None
1525809299.0763,1.0,34.03918,s,l,None
1525809299.0794,1.0,34.03918,s,l,None
1525809299.0823,1.0,34.03918,s,l,None
1525809299.0853,1.0,34.03918,s,l,None
1525809299.0885,1.0,34.03918,s,l,None
1525809299.0916,1.0,34.03918,s,l,None
1525809302.6776,0.9992,4092.79013211,b,l,None
1525809507.4889,0.9997,75.0,s,l,None
1525809507.5052,0.9997,186.89696909,s,l,None
1525809536.5428,0.9997,55.94848454,s,l,None
1525809536.5463,0.9997,75.0,s,l,None
1525809561.4229,0.9991,17.96407186,s,m,None
1525809561.4268,0.9991,0.03585643,s,m,None
1525809561.4287,0.9991,7.157e-05,s,m,None
1525809561.4305,0.9991,1.4e-07,s,m,None
1525811082.4714,0.9995,324.56818409,s,l,None
1525811082.4822,0.9995,2150.72865098,s,l,None
1525811670.9442,0.9993,75.0,s,m,None
1525811670.9519,0.9992,20.25948104,s,m,None
1525811670.9537,0.9992,0.04043808,s,m,None
1525811670.9556,0.9992,8.072e-05,s,m,None
1525811670.9574,0.9992,1.6e-07,s,m,None
1525811674.2018,0.9992,54.7,s,m,None
1525811674.2052,0.9991,45.3,s,m,None
1525812262.9209,0.9993,75.0,s,l,None
1525812262.9253,0.9992,75.0,s,l,None
1525812262.9279,0.9991,94.58147332,s,l,None
1525812262.9314,0.999,130.18326016,s,l,None
1525812262.9337,0.999,0.23526652,s,l,None
1525812329.7744,0.9991,11.42290911,s,l,None
1525812408.6144,0.9993,30.02913,b,l,None
1525812408.6198,0.9996,75.0,b,l,None
1525812408.6233,1.0,101.72787,b,l,None
1525813010.3697,0.9993,75.0,s,l,None
1525813147.4917,0.9992,75.0,s,l,None
1525813147.4971,0.9991,420.14453007,s,l,None
1525813147.5001,0.999,429.46832469,s,l,None
1525813147.5022,0.999,0.68605164,s,l,None
1525813147.5046,0.999,0.0010936,s,l,None
1525813667.1553,0.999,24945.06600133,s,m,None
1525813667.1704,0.999,29.89820136,s,m,None
1525813667.1727,0.999,0.03579731,s,m,None
1525813754.6213,0.9991,6.22930638,b,m,None
1525813917.9328,0.9992,30.02943,b,l,None
1525813917.9414,0.9992,30.02943,b,l,None
1525813917.9447,0.9999,75.0,b,l,None
1525813917.9472,1.0,999898.27213,b,l,None
1525813917.9499,1.0003,2150.72865098,b,l,None
1525813917.9528,1.0003,349.27134902,b,l,None
1525813917.9551,1.0003,1531.36583929,b,l,None
1525813917.9573,1.0003,1531.36583929,b,l,None
1525813917.9613,1.0003,2500.0,b,l,None
1525813917.9637,1.0004,31.14174,b,l,None
1525813917.9666,1.0005,31.1401,b,l,None
1525813917.9691,1.0005,31.1401,b,l,None
1525813917.9723,1.0007,678510.51539142,b,l,None
1525813936.3033,1.0004,1400.0,b,m,None
1525813956.4676,1.0004,50.0,b,m,None
1525814207.1334,1.0,75.0,s,m,None
1525814207.1395,1.0,25.0,s,m,None
1525814635.5315,1.0002,2745.09763047,s,m,None
1525814635.5466,1.0001,349.27134902,s,m,None
1525814635.5504,1.0001,521.58784482,s,m,None
1525814635.5519,1.0001,1.0410935,s,m,None
1525814635.5533,1.0001,0.00207803,s,m,None
1525814635.5547,1.0001,4.15e-06,s,m,None
1525818255.7454,1.0002,34.05613,b,l,None
1525820376.2792,1.0002,204.76129774,s,l,None
1525820376.3595,1.0002,204.76129774,s,l,None
1525823392.1305,1.0001,30.16332839,s,l,None
1525823392.1387,1.0001,0.06020625,s,l,None
1525823392.1403,1.0001,0.00012017,s,l,None
1525823392.1423,1.0001,2.4e-07,s,l,None
1525824499.4865,1.0001,44.74979334,s,l,None
1525824499.4914,1.0001,0.08932095,s,l,None
1525824499.4939,1.0001,8.571e-05,s,l,None
1525827016.8206,1.0002,34.05676,b,l,None
1525827633.2662,1.0002,9556.42064452,b,l,None
1525827633.2778,1.0002,10000.0,b,l,None
1525827646.4701,1.0003,1600.0,b,m,None
1525827753.3891,1.0002,1596.80638723,s,m,None
1525827753.4106,1.0002,3.18723829,s,m,None
1525827753.4127,1.0002,0.00636176,s,m,None
1525827753.4145,1.0002,1.269e-05,s,m,None
1525827753.4163,1.0002,3e-08,s,m,None
1525828645.4716,1.0002,75.0,b,l,None
1525828645.4782,1.0002,75.0,b,l,None
1525828645.4821,1.0003,8400.0,b,l,None
1525828645.4846,1.0003,10000.0,b,l,None
1525828645.4871,1.0003,10000.0,b,l,None
1525828645.5070002,1.0003,1068.90062981,b,l,None
1525831898.3427,1.0002,300.69860279,s,l,None
1525832110.5965,1.0002,1297.31598129,s,l,None
1525832631.4867,1.0002,233.901,b,l,None
1525833027.1328,1.0002,322.43,b,l,None
1525833297.7705,1.0002,331.875,b,l,None
1525833339.3115,1.0002,1272.859,b,l,None
1525833339.7504,1.0002,1803.976,b,l,None
1525833345.5609,1.0002,649.437,b,l,None
1525833357.1943,1.0002,2486.483,b,l,None
1525833370.6696,1.0002,937.844,b,l,None
1525833405.8632,1.0002,335.905,b,l,None
1525833406.6043,1.0002,626.593,b,l,None
1525833484.8141,1.0002,310.501,b,l,None
1525833487.6116,1.0002,467.884,b,l,None
1525833570.6343,1.0001,499.40071914,s,m,None
1525833570.6421,1.0001,0.59856258,s,m,None
1525833570.6437,1.0001,0.00071742,s,m,None
1525833570.6451,1.0001,8.6e-07,s,m,None
1525833592.3737,1.0001,1402.30612445,s,l,None
1525833592.3783,1.0001,3597.19392554,s,l,None
1525833592.3811,1.0001,1402.30616938,s,l,None
1525833592.3838,1.0,34.06139,s,l,None
1525833592.3891,1.0,34.06139,s,l,None
1525833592.3926,1.0,34.06139,s,l,None
1525833592.3960001,1.0,34.06139,s,l,None
1525833592.4024,1.0,34.06139,s,l,None
1525833592.4059,1.0,34.06139,s,l,None
1525833592.4083,1.0,34.06139,s,l,None
1525833592.411,1.0,34.06139,s,l,None
1525833592.4138,1.0,34.06139,s,l,None
1525833592.4165,1.0,34.06139,s,l,None
1525833592.4195,1.0,34.06139,s,l,None
1525833592.4221,1.0,34.06139,s,l,None
1525833592.4248,1.0,34.06139,s,l,None
1525833592.4273,1.0,34.06139,s,l,None
1525833610.5867,1.0,1110.355,b,l,None
1525833610.6033,1.0,1154.622,b,l,None
1525833720.5058,0.9998,70.34868803,b,l,None
1525834260.7344,0.9997,75.0,b,l,None
1525834260.7374,0.9998,75.0,b,l,None
1525834260.74,0.9998,75.0,b,l,None
1525834260.7432,1.0,74.442,b,l,None
1525834495.8554,0.9997,75.0,b,l,None
1525834495.8618,1.0,147.359,b,l,None
1525834659.9889998,0.9998,75.0,b,m,None
1525834659.9944,0.9999,15.74517452,b,m,None
1525834665.3437,0.9995,75.0,s,l,None
1525834665.3479998,0.9995,75.0,s,l,None
1525834665.3503,0.9994,372.12038238,s,l,None
1525834665.3527,0.9991,372.75070666,s,l,None
1525834665.3556,0.999,1072.84784784,s,l,None
1525834665.3586,0.999,22979.70550519,s,l,None
1525834665.3604,0.999,27.5425955,s,l,None
1525834665.3621,0.999,0.03296243,s,l,None
1525835033.2438,0.9996,75.0,b,l,None
1525835033.2476,0.9998,30.02732,b,l,None
1525835033.2504,0.9998,30.02732,b,l,None
1525835033.2531,0.9998,30.16783,b,l,None
1525835033.2561,1.0,184.70053,b,l,None
1525835052.7634,1.0,223.659,b,l,None
1525835362.5891,0.9997,75.0,s,l,None
1525835362.5925,0.9997,75.0,s,l,None
1525835362.595,0.9996,33.08861,s,l,None
1525835362.5975,0.9996,33.08861,s,l,None
1525835362.5999,0.9996,33.08861,s,l,None
1525835367.8706,0.999,113.40349067,s,l,None
1525835467.9685,0.9995,13076.389,s,l,None
1525835469.6972,0.9995,1896.16718359,s,l,None
1525836643.7849,0.9995,112.62847619,b,l,None
1525837561.4369,0.9996,75.0,s,m,None
1525837561.4444,0.9996,75.0,s,m,None
1525837561.4466,0.999,3338.62275449,s,m,None
1525837561.4483,0.999,1.37724551,s,m,None
1525837703.6448,0.9992,75.0,s,m,None
1525837703.6474,0.9992,75.0,s,m,None
1525837703.6504,0.999,750.0,s,m,None
1525837890.1574,0.9991,75.0,s,m,None
1525837890.1622,0.999,45347.4902,s,m,None
1525838780.4085,0.9991,40.41181915,s,l,None
1525838847.7697,0.9991,69.76521273,s,l,None
1525841503.4591,0.9991,75.0,b,l,None
1525841596.8122,0.9992,31.13933,b,m,None
1525841596.8155,0.9992,30.02943,b,m,None
1525841596.8183,0.9992,30.02943,b,m,None
1525841596.823,0.9992,75.0,b,m,None
1525841596.8262,0.9993,75.0,b,m,None
1525841596.8289,0.9995,31.13933,b,m,None
1525841596.8323,1.0,3.66248,b,m,None
1525841891.2265,0.9998,75.0,b,l,None
1525841891.2301,0.9999,31.62672,b,l,None
1525841891.2332,1.0,5207.41950019,b,l,None
1525841891.2351,1.0,10.3940509,b,l,None
1525841891.2369,1.0,0.02074661,b,l,None
1525841891.2386,1.0,1.293e-05,b,l,None
1525841891.2419,1.0,33.08903,b,l,None
1525841891.2443,1.0,33.08903,b,l,None
1525841891.2467,1.0,33.08861,b,l,None
1525841891.2489998,1.0,33.08861,b,l,None
1525841891.2515,1.0,33.08861,b,l,None
1525841891.2538,1.0,33.08881,b,l,None
1525841891.256,1.0,33.08881,b,l,None
1525841891.2584,1.0,33.08881,b,l,None
1525841891.2608,1.0,33.08881,b,l,None
1525841891.2629,1.0,33.08881,b,l,None
1525841891.2652,1.0,33.0888,b,l,None
1525841891.2675,1.0,33.0888,b,l,None
1525842237.1798,1.0,507.11242083,s,m,None
1525842237.1908,1.0,1.01220044,s,m,None
1525842237.1926,1.0,0.00197873,s,m,None
1525842987.5895,1.0,98.46363258,s,l,None
1525844181.0298,1.0,5547.832,s,l,None
1525844181.0596,1.0,829.364,s,l,None
1525844181.1332,1.0,550.88,s,l,None
1525844185.5879998,1.0,912.872,s,l,None
1525844358.4118,1.0,59.52677,s,l,None
1525844424.9162,1.0,33.70182,s,l,None
1525844629.7934,1.0001,59.89077044,b,l,None
1525844706.5708,1.0,11.97704591,s,l,None
1525844706.5799,1.0,0.02295409,s,l,None
1525844736.1618,1.0,151.1739684,s,l,None
1525844846.6967,1.0001,7.0,b,l,None
1525844884.6782,1.0001,1450.0,b,l,None
1525844953.3735,1.0001,7.0,b,l,None
1525845015.28,1.0,7.0,s,m,None
1525845162.0231,1.0,59.884,s,l,None
1525845229.4179,1.0,175.3789455,s,l,None
1525845807.0854,1.0,19379.1966427,s,m,None
1525845807.0948,1.0,15.49096454,s,m,None
1525845807.0966,1.0,0.01238286,s,m,None
1525845807.0983,1.0,9.9e-06,s,m,None
1525845851.8486,1.0,30.5403137,s,l,None
1525846286.976,1.0001,61.38473095,b,l,None
1525846378.9623,1.0,626.6526,s,l,None
1525846572.966,1.0,150.0250038,s,l,None
1525846597.3605,1.0,164.8943673,s,l,None
1525846711.0271,1.0,686.407,s,l,None
1525847361.7276,1.0001,61.42898768,b,l,None
1525847519.3470001,1.0001,541.748,b,l,None
1525847924.7877,1.0,2808.608,s,l,None
1525848185.9083,1.0,13076.389,s,l,None
1525848188.6094,1.0,13076.389,s,l,None
1525848190.3669,1.0,13076.389,s,l,None
1525848193.0398,1.0,13076.389,s,l,None
1525848195.6903,1.0,8960.3136,s,l,None
1525848195.6935,0.9999,34.0618,s,l,None
1525848195.6962,0.9999,34.0618,s,l,None
1525848195.6985,0.9999,34.0618,s,l,None
1525848195.7009,0.9999,34.0618,s,l,None
1525848195.7031,0.9999,34.0618,s,l,None
1525848195.7056,0.9999,34.0618,s,l,None
1525848195.708,0.9998,34.0618,s,l,None
1525848195.7107,0.9998,34.0618,s,l,None
1525848195.7129998,0.9993,31.13935,s,l,None
1525848195.7156,0.9993,31.13935,s,l,None
1525848203.0699,0.9998,6137.576,b,l,None
1525848694.7125,0.9994,29.51277822,s,l,None
1525848697.6455,0.9994,45.48722178,s,l,None
1525848697.6481,0.9993,75.0,s,l,None
1525848697.6507,0.9992,31.63219,s,l,None
1525848697.6535,0.9992,31.63219,s,l,None
1525848697.6559,0.9992,31.63219,s,l,None
1525848697.6582,0.9992,31.63219,s,l,None
1525848697.6604,0.9992,31.63219,s,l,None
1525848697.6627,0.9992,31.63219,s,l,None
1525848697.6649,0.9992,31.63219,s,l,None
1525848697.6681,0.9991,12734.47644822,s,l,None
1525849422.0291,0.9994,14.03468375,b,l,None
1525850970.2538,0.9993,70.53281148,b,l,None
1525851314.9404,0.9993,75.0,s,l,None
1525851314.9446,0.9991,534.668,s,l,None
1525851432.0894,0.9992,70.75393559,s,l,None
1525852315.2443,0.9992,75.0,s,l,None
1525852315.2488,0.9992,75.0,s,l,None
1525852315.2524,0.9991,299.727,s,l,None
1525852516.4849,0.9993,31.63003,b,l,None
1525852516.4914,0.9993,31.63003,b,l,None
1525852516.4937,0.9993,32.11713,b,l,None
1525852516.496,0.9993,32.11713,b,l,None
1525852516.4984,0.9994,17.59609625,b,l,None
1525852516.5008,0.9994,31.63078,b,l,None
1525852516.5032,0.9994,31.63078,b,l,None
1525852516.5056,0.9994,31.63078,b,l,None
1525852516.5083,0.9994,31.63078,b,l,None
1525852516.5109,0.9994,31.63078,b,l,None
1525852516.5135,0.9994,31.63078,b,l,None
1525852516.5159,0.9994,31.63078,b,l,None
1525852516.5182,0.9994,31.63078,b,l,None
1525852516.5211,0.9994,31.63078,b,l,None
1525852516.5234,0.9994,31.63078,b,l,None
1525852516.5256,0.9999,34.06289,b,l,None
1525852516.5278,0.9999,34.06289,b,l,None
1525852516.5302,0.9999,34.06289,b,l,None
1525852516.5326,0.9999,34.06289,b,l,None
1525852516.535,0.9999,34.0629,b,l,None
1525852516.5372,0.9999,34.0629,b,l,None
1525852516.5394,0.9999,34.0629,b,l,None
1525852516.5418,0.9999,34.0629,b,l,None
1525852516.5439,0.9999,34.0629,b,l,None
1525852516.5462,0.9999,34.0629,b,l,None
1525852516.5483,0.9999,34.0629,b,l,None
1525852516.5505,0.9999,4168.90992375,b,l,None
1525852590.9048,0.9995,75.0,s,l,None
1525852590.9093,0.9995,75.0,s,l,None
1525852590.9116,0.9994,33.58402,s,l,None
1525852590.9145,0.9994,33.58402,s,l,None
1525852590.9172,0.9994,33.58402,s,l,None
1525852590.9202,0.9994,33.58402,s,l,None
1525852590.9229,0.9994,33.58402,s,l,None
1525852590.9279,0.9994,33.58402,s,l,None
1525852590.9320002,0.9994,33.58402,s,l,None
1525852590.9346,0.9994,33.58402,s,l,None
1525852590.9368,0.9994,33.58402,s,l,None
1525852590.9392,0.9994,8.47082,s,l,None
1525852599.0687,0.9994,25.1132,s,l,None
1525852599.0725,0.9994,33.58402,s,l,None
1525852599.0757,0.9994,33.58402,s,l,None
1525852599.0794,0.9994,33.58402,s,l,None
1525852599.0822,0.9994,33.58402,s,l,None
1525852599.0854,0.9994,33.58402,s,l,None
1525852599.0883,0.9994,33.58402,s,l,None
1525852599.0913,0.9994,33.58402,s,l,None
1525852599.0939999,0.9994,33.58402,s,l,None
1525852599.0969,0.9994,33.58402,s,l,None
1525852599.0996,0.9994,33.58402,s,l,None
1525852599.1028,0.9991,3.6236,s,l,None
1525852603.5941,0.9995,33.58136,s,l,None
1525852605.8127,0.9995,33.58136,s,l,None
1525852610.9307,0.9995,7.83728,s,l,None
1525852623.3057,0.9991,492.029,s,l,None
1525852623.3371,0.9991,693.731,s,l,None
1525852627.0275,0.9991,696.167,s,l,None
1525852632.8372,0.9991,459.331,s,l,None
1525852636.0932,0.9991,459.331,s,l,None
1525852659.2995,0.9992,75.0,s,l,None
1525852659.3032,0.9991,567.661,s,l,None
1525852662.7073,0.9991,475.248,s,l,None
1525852666.1046,0.9991,1519.446,s,l,None
1525852685.0184,0.9992,75.0,s,l,None
1525852685.0327,0.9991,922.587,s,l,None
1525852685.0688,0.9991,437.171,s,l,None
1525852699.7816,0.9991,455.007,s,l,None
1525852701.6315,0.9991,660.563,s,l,None
1525852705.1228,0.9991,1065.427,s,l,None
1525852713.4593,0.9992,75.0,s,l,None
1525852713.4638,0.9991,894.633,s,l,None
1525852739.0368,0.9991,487.125,s,l,None
1525852739.0436,0.9991,1010.919,s,l,None
1525852763.02,0.9992,75.0,s,l,None
1525852763.0244,0.9991,493.801,s,l,None
1525852764.8533,0.9991,1593.462,s,l,None
1525852769.6375,0.9991,408.759,s,l,None
1525852790.0202,0.9991,1628.14,s,l,None
1525852802.6638,0.9991,458.932,s,l,None
1525852805.8781,0.9991,458.932,s,l,None
1525852806.9804,0.9991,706.515,s,l,None
1525852809.6071,0.9991,491.371,s,l,None
1525852813.7369,0.9991,458.6,s,l,None
1525852816.4366,0.9991,796.792,s,l,None
1525852818.0562,0.9991,1082.068,s,l,None
1525852820.4797,0.9991,1124.154,s,l,None
1525852823.4735,0.9991,983.555,s,l,None
1525852876.1731,0.9991,329.684,s,l,None
1525852916.6288,0.9991,1042.156,s,l,None
1525852916.7162,0.9991,1239.815,s,l,None
1525853669.4818,0.9993,16.0,b,m,None
1525854018.6799,0.9993,75.0,b,l,None
1525854018.6844,0.9994,9000.0,b,l,None
1525854018.6871,0.9995,25.74408,b,l,None
1525854018.6898,0.9995,33.58136,b,l,None
1525854018.6922,0.9995,33.58136,b,l,None
1525854018.6944,0.9995,33.58136,b,l,None
1525854018.6966,0.9995,33.58177,b,l,None
1525854018.699,0.9995,33.58177,b,l,None
1525854018.7015,0.9995,33.58177,b,l,None
1525854018.7037,0.9995,33.58177,b,l,None
1525854018.706,0.9995,33.58177,b,l,None
1525854018.7087,0.9995,33.58177,b,l,None
1525854018.7114,0.9995,32.11971,b,l,None
1525854018.7145,0.9995,32.11971,b,l,None
1525854018.7175,0.9995,32.11971,b,l,None
1525854018.7197,0.9995,32.11971,b,l,None
1525854018.7220001,0.9995,32.11971,b,l,None
1525854018.7242,0.9995,32.11971,b,l,None
1525854018.7269,0.9995,32.11971,b,l,None
1525854018.7292,0.9995,32.11971,b,l,None
1525854018.7319,0.9995,32.11971,b,l,None
1525854018.7343,0.9995,32.11971,b,l,None
1525854018.7367,0.9995,32.11971,b,l,None
1525854018.7391,0.9995,32.11971,b,l,None
1525854018.7417,0.9995,32.11971,b,l,None
1525854018.744,0.9995,32.11971,b,l,None
1525854018.7463,0.9995,32.11971,b,l,None
1525854018.7485,0.9995,32.11971,b,l,None
1525854018.7507,0.9995,32.11971,b,l,None
1525854018.7538,1.0,76596.1934,b,l,None
1525854157.795,0.9997,75.0,b,l,None
1525854157.7979,0.9998,75.0,b,l,None
1525854157.8007,0.9999,93.216,b,l,None
1525854158.0503,0.9999,363.551,b,l,None
1525854180.0253,0.9999,305.468,b,l,None
1525854180.0345,0.9999,363.589,b,l,None
1525854180.1387,0.9999,247.203,b,l,None
1525854203.1074,0.9998,75.0,b,l,None
1525854203.1114,0.9999,221.912,b,l,None
1525854203.1192,0.9999,312.409,b,l,None
1525854217.7699,0.9999,345.305,b,l,None
1525854217.7992,0.9999,317.923,b,l,None
1525854218.1659,0.9999,175.215,b,l,None
1525854218.1745,0.9999,343.962,b,l,None
1525854218.2047,0.9999,337.981,b,l,None
1525854218.9141,0.9999,321.358,b,l,None
1525854219.9508,0.9999,301.786,b,l,None
1525854228.9281,0.9998,75.0,b,l,None
1525854228.9329,0.9999,571.146,b,l,None
1525854232.8859,1.0,354.679,b,l,None
1525854236.0569,0.9998,344.289,b,l,None
1525854243.389,0.9998,370.276,b,l,None
1525854248.5496,0.9998,322.729,b,l,None
1525854252.2331,0.9999,178.368,b,l,None
1525854252.5862,0.9999,313.073,b,l,None
1525854397.2738,0.9999,201.146,b,l,None
1525854397.7533,0.9999,283.15,b,l,None
1525854408.7432,0.9999,157.918,b,l,None
1525854423.3557,0.9999,203.88,b,l,None
1525854433.7939,0.9999,265.173,b,l,None
1525854535.7449,0.9999,168.833,b,l,None
1525854593.8382,0.9999,305.311,b,l,None
1525854609.8268,0.9999,312.07,b,l,None
1525854612.8191,0.9999,327.594,b,l,None
1525854612.8269,0.9999,434.972,b,l,None
1525854612.8833,0.9999,410.352,b,l,None
1525854616.1939,0.9999,359.542,b,l,None
1525854619.2625,0.9999,486.43,b,l,None
1525854642.1604,0.9999,271.917,b,l,None
1525854642.2219,0.9999,386.635,b,l,None
1525854642.2627,0.9999,239.753,b,l,None
1525854645.7047,0.9999,509.701,b,l,None
1525854646.21,0.9999,664.376,b,l,None
1525854664.3182,0.9999,178.094,b,l,None
1525854674.9341,0.9999,218.03,b,l,None
1525854680.6522,0.9999,835.8,b,l,None
1525854680.6949,0.9999,195.66,b,l,None
1525854681.5807,0.9999,281.588,b,l,None
1525854690.0222,0.9999,1532.506,b,l,None
1525854690.6445,0.9999,339.699,b,l,None
1525854691.7303,0.9999,273.293,b,l,None
1525854693.676,0.9999,360.235,b,l,None
1525854695.1929998,0.9999,357.935,b,l,None
1525854721.5308,0.9999,358.281,b,l,None
1525854721.78,0.9999,199.442,b,l,None
1525854721.9989,0.9999,334.955,b,l,None
1525854722.3192,0.9999,843.513,b,l,None
1525854722.3453,0.9999,268.46,b,l,None
1525854726.0347,0.9999,466.633,b,l,None
1525854726.0449,0.9999,631.214,b,l,None
1525854726.3475,0.9999,664.184,b,l,None
1525854728.0269,0.9999,486.401,b,l,None
1525854728.0336,1.0,5.488,b,l,None
1525854729.6392,0.9999,183.927,b,l,None
1525854729.9101,0.9999,477.359,b,l,None
1525854736.1571,0.9999,513.511,b,l,None
1525854744.2697,0.9999,265.756,b,l,None
1525854770.6647,0.9999,397.174,b,l,None
1525854770.6816,0.9999,166.488,b,l,None
1525854773.9077,0.9999,315.264,b,l,None
1525854774.4354,0.9999,361.415,b,l,None
1525854776.8242,0.9999,186.807,b,l,None
1525854786.6922,0.9999,270.882,b,l,None
1525854833.2198,0.9999,258.026,b,l,None
1525854850.0315,0.9999,176.825,b,l,None
1525854850.8181,0.9999,189.049,b,l,None
1525854860.7132,0.9999,212.308,b,l,None
1525854865.4199,0.9999,193.367,b,l,None
1525854865.7962,0.9999,485.106,b,l,None
1525854876.175,1.0,183.475,b,l,None
1525854881.1702,1.0,411.34,b,l,None
1525854881.3034,1.0,165.631,b,l,None
1525854881.3152,1.0,217.579,b,l,None
1525854887.0175,1.0,375.387,b,l,None
1525854889.0919,1.0,348.887,b,l,None
1525854892.6627,1.0,456.528,b,l,None
1525854895.1059,1.0,436.531,b,l,None
1525854896.3173,1.0,222.464,b,l,None
1525854897.3416,1.0,170.2,b,l,None
1525854898.8276,1.0,328.846,b,l,None
1525854899.8854,1.0,248.865,b,l,None
1525854902.3039,1.0,366.305,b,l,None
1525854908.2670002,1.0,203.436,b,l,None
1525854979.7694,1.0,192.117,b,l,None
1525854984.5631,1.0,171.564,b,l,None
1525854996.3353,1.0,165.861,b,l,None
1525855005.9225,1.0,2000.0,b,l,None
1525855011.6320002,1.0,323.652,b,l,None
1525855021.9081,1.0,348.604,b,l,None
1525855026.5948,1.0,159.764,b,l,None
1525855026.8455,1.0,168.373,b,l,None
1525855029.9103,1.0,177.02,b,l,None
1525855031.8720002,1.0,185.069,b,l,None
1525855033.8886,1.0,215.19,b,l,None
1525855035.4798,1.0,734.811,b,l,None
1525855036.8746,1.0,1142.151,b,l,None
1525855039.2634,1.0,176.312,b,l,None
1525855039.8663,1.0,160.212,b,l,None
1525855042.2922,1.0,205.109,b,l,None
1525855043.2338,1.0,181.391,b,l,None
1525855045.8161,1.0,172.251,b,l,None
1525855047.2423,1.0,177.125,b,l,None
1525855057.3387,1.0,357.309,b,l,None
1525855067.051,1.0,171.343,b,l,None
1525855067.34,1.0,162.853,b,l,None
1525855067.7177,1.0,184.337,b,l,None
1525855067.8242,1.0,179.791,b,l,None
1525855085.9692,1.0,175.516,b,l,None
1525855091.5965,1.0,179.86,b,l,None
1525855092.0778,1.0,174.912,b,l,None
1525855117.8468,1.0,515.556,b,l,None
1525855143.1624,1.0,1867.152,b,l,None
1525855143.3919,1.0,180.176,b,l,None
1525855143.6271,1.0,179.889,b,l,None
1525855144.3079,1.0,1441.146,b,l,None
1525855146.8455,1.0,209.248,b,l,None
1525855153.8291,1.0,170.513,b,l,None
1525855163.2297,1.0,630.571,b,l,None
1525855171.7705,1.0,463.285,b,l,None
1525855175.3166,1.0,528.363,b,l,None
1525855181.4168,1.0,366.117,b,l,None
1525855191.1768,1.0,176.444,b,l,None
1525855220.2823,1.0,517.495,b,l,None
1525855306.0261,1.0,585.919,b,l,None
1525855307.0486,1.0,302.916,b,l,None
1525855311.5004,1.0,412.572,b,l,None
1525855355.7588,0.9999,75.0,b,l,None
1525855355.7651,0.9999,256.195,b,l,None
1525855363.3202,0.9999,221.885,b,l,None
