time,bid,ask
524759,USDTUSD,1525753222.0,0.9977,0.9979
524760,USDTUSD,1525753224.0,0.9978,0.9979
524814,USDTUSD,1525753328.0,0.9978,0.998
524815,USDTUSD,1525753333.0,0.9977,0.998
524835,USDTUSD,1525753362.0,0.9978,0.998
524836,USDTUSD,1525753363.0,0.9978,0.9979
524877,USDTUSD,1525753438.0,0.9977,0.9978
524895,USDTUSD,1525753469.0,0.9976,0.9978
524896,USDTUSD,1525753470.0,0.9977,0.9978
525222,USDTUSD,1525753541.0,0.9977,0.998
524937,USDTUSD,1525753546.0,0.9978,0.998
524954,USDTUSD,1525753577.0,0.9978,0.9979
524956,USDTUSD,1525753580.0,0.9977,0.9979
524980,USDTUSD,1525753620.0,0.9978,0.9979
526002,USDTUSD,1525753758.0,0.9977,0.9979
525058,USDTUSD,1525753763.0,0.9978,0.9979
525101,USDTUSD,1525753837.0,0.9976,0.9979
525102,USDTUSD,1525753838.0,0.9977,0.9979
527967,USDTUSD,1525753866.0,0.9978,0.9979
525165,USDTUSD,1525753938.0,0.9978,0.9979
525048,USDTUSD,1525753978.0,0.9978,0.9979
525264,USDTUSD,1525754083.0,0.9978,0.998
527284,USDTUSD,1525754118.0,0.9978,0.9979
527572,USDTUSD,1525754191.0,0.9977,0.9978
528624,USDTUSD,1525754299.0,0.9978,0.998
525414,USDTUSD,1525754334.0,0.9978,0.9979
528547,USDTUSD,1525754442.0,0.9978,0.998
525481,USDTUSD,1525754443.0,0.9979,0.998
525541,USDTUSD,1525754550.0,0.9977,0.998
525542,USDTUSD,1525754552.0,0.9978,0.998
525562,USDTUSD,1525754586.0,0.9978,0.9979
525586,USDTUSD,1525754628.0,0.9977,0.9979
525606,USDTUSD,1525754658.0,0.9977,0.9978
525672,USDTUSD,1525754766.0,0.9977,0.9979
525695,USDTUSD,1525754802.0,0.9978,0.9979
528443,USDTUSD,1525754982.0,0.9977,0.9979
525813,USDTUSD,1525754985.0,0.9978,0.9979
525858,USDTUSD,1525755060.0,0.9977,0.9979
525875,USDTUSD,1525755090.0,0.9977,0.9979
525878,USDTUSD,1525755093.0,0.9978,0.9979
525961,USDTUSD,1525755239.0,0.9978,0.9979
525126,USDTUSD,1525755346.0,0.9977,0.9979
526041,USDTUSD,1525755377.0,0.9978,0.9979
526113,USDTUSD,1525755486.0,0.9978,0.9979
526159,USDTUSD,1525755564.0,0.9976,0.9979
526162,USDTUSD,1525755569.0,0.9977,0.9979
526181,USDTUSD,1525755599.0,0.9978,0.9979
526267,USDTUSD,1525755738.0,0.9978,0.9979
526311,USDTUSD,1525755810.0,0.9978,0.9979
524507,USDTUSD,1525756063.0,0.9976,0.9978
528267,USDTUSD,1525756064.0,0.9977,0.9978
526501,USDTUSD,1525756104.0,0.9977,0.998
526503,USDTUSD,1525756108.0,0.9978,0.998
526518,USDTUSD,1525756139.0,0.9979,0.998
526588,USDTUSD,1525756243.0,0.9978,0.998
526618,USDTUSD,1525756279.0,0.9979,0.998
526170,USDTUSD,1525756494.0,0.9979,0.998
526699,USDTUSD,1525756674.0,0.9978,0.998
524536,USDTUSD,1525756675.0,0.9978,0.9979
525689,USDTUSD,1525757286.0,0.9979,0.998
528697,USDTUSD,1525757723.0,0.9978,0.9979
527517,USDTUSD,1525757827.0,0.9978,0.998
528853,USDTUSD,1525757862.0,0.9979,0.998
527573,USDTUSD,1525757916.0,0.9981,0.9983
526250,USDTUSD,1525757920.0,0.9979,0.9983
527577,USDTUSD,1525757921.0,0.9982,0.9983
527592,USDTUSD,1525757938.0,0.9979,0.9983
527593,USDTUSD,1525757941.0,0.9981,0.9983
527691,USDTUSD,1525757942.0,0.9979,0.9983
527595,USDTUSD,1525757943.0,0.9982,0.9983
527726,USDTUSD,1525757944.0,0.9979,0.9983
527929,USDTUSD,1525757947.0,0.9979,0.9983
527602,USDTUSD,1525757950.0,0.9979,0.998
526367,USDTUSD,1525757952.0,0.9981,0.9983
527606,USDTUSD,1525757960.0,0.9979,0.9983
528292,USDTUSD,1525757975.0,0.9979,0.9982
526500,USDTUSD,1525757985.0,0.9979,0.9983
527625,USDTUSD,1525757992.0,0.998,0.9983
524032,USDTUSD,1525758006.0,0.9981,0.9983
526824,USDTUSD,1525758079.0,0.9982,0.9983
524969,USDTUSD,1525758187.0,0.998,0.9982
527742,USDTUSD,1525758188.0,0.9981,0.9982
527805,USDTUSD,1525758296.0,0.9981,0.9983
528613,USDTUSD,1525758298.0,0.9981,0.9982
527992,USDTUSD,1525758403.0,0.9981,0.9983
528260,USDTUSD,1525758475.0,0.9982,0.9983
527998,USDTUSD,1525758619.0,0.9982,0.9983
528065,USDTUSD,1525758727.0,0.9981,0.9983
528082,USDTUSD,1525758763.0,0.9981,0.9982
527986,USDTUSD,1525758875.0,0.9982,0.9983
528218,USDTUSD,1525758980.0,0.998,0.9983
525855,USDTUSD,1525759015.0,0.9981,0.9982
528311,USDTUSD,1525759123.0,0.9981,0.9982
525919,USDTUSD,1525759195.0,0.9981,0.9983
526319,USDTUSD,1525759304.0,0.9982,0.9983
528500,USDTUSD,1525759416.0,0.998,0.9983
525321,USDTUSD,1525759448.0,0.9981,0.9983
528565,USDTUSD,1525759518.0,0.9982,0.9983
528635,USDTUSD,1525759628.0,0.9981,0.9983
528689,USDTUSD,1525759704.0,0.9982,0.9983
528759,USDTUSD,1525759812.0,0.998,0.9983
528782,USDTUSD,1525759843.0,0.9981,0.9983
524038,USDTUSD,1525759916.0,0.9982,0.9983
524082,USDTUSD,1525760023.0,0.9981,0.9983
524331,USDTUSD,1525760095.0,0.9982,0.9983
524124,USDTUSD,1525760209.0,0.9981,0.9983
524889,USDTUSD,1525760275.0,0.9982,0.9983
524223,USDTUSD,1525760388.0,0.9981,0.9983
528784,USDTUSD,1525760455.0,0.9982,0.9983
524329,USDTUSD,1525760568.0,0.9981,0.9982
526324,USDTUSD,1525760671.0,0.9981,0.9983
524373,USDTUSD,1525760672.0,0.9981,0.9982
526958,USDTUSD,1525760851.0,0.9981,0.9983
524459,USDTUSD,1525760852.0,0.9981,0.9982
524514,USDTUSD,1525760964.0,0.9981,0.9982
524624,USDTUSD,1525761175.0,0.998,0.9981
524637,USDTUSD,1525761199.0,0.9985,0.9986
528246,USDTUSD,1525761202.0,0.998,0.9986
524640,USDTUSD,1525761203.0,0.9992,0.9993
524643,USDTUSD,1525761208.0,0.998,0.9993
524646,USDTUSD,1525761212.0,0.9981,0.9992
524648,USDTUSD,1525761215.0,0.9992,0.9993
524657,USDTUSD,1525761226.0,0.9981,0.9993
524659,USDTUSD,1525761228.0,0.9992,0.9993
528347,USDTUSD,1525761229.0,0.9981,0.9993
524661,USDTUSD,1525761230.0,0.9992,0.9993
524663,USDTUSD,1525761233.0,0.9981,0.9993
524664,USDTUSD,1525761237.0,0.9982,0.9993
524675,USDTUSD,1525761252.0,0.9982,0.9992
524677,USDTUSD,1525761254.0,0.9982,0.9993
524678,USDTUSD,1525761256.0,0.9992,0.9993
524681,USDTUSD,1525761260.0,0.9982,0.9993
524682,USDTUSD,1525761261.0,0.9992,0.9993
524683,USDTUSD,1525761262.0,0.9982,0.9993
524696,USDTUSD,1525761288.0,0.9983,0.9993
524697,USDTUSD,1525761290.0,0.9984,0.9993
524712,USDTUSD,1525761319.0,0.9984,0.9992
524713,USDTUSD,1525761320.0,0.9985,0.9992
524714,USDTUSD,1525761321.0,0.9985,0.9991
524716,USDTUSD,1525761323.0,0.9992,0.9993
524717,USDTUSD,1525761326.0,0.9985,0.9993
524718,USDTUSD,1525761327.0,0.9992,0.9993
524719,USDTUSD,1525761329.0,0.9985,0.9993
524733,USDTUSD,1525761355.0,0.9985,0.9992
524751,USDTUSD,1525761392.0,0.9986,0.9992
524177,USDTUSD,1525761416.0,0.999,0.9992
524761,USDTUSD,1525761418.0,0.9991,0.9992
524790,USDTUSD,1525761468.0,0.9991,0.9992
525065,USDTUSD,1525761967.0,0.999,0.9992
525066,USDTUSD,1525761968.0,0.9991,0.9992
525111,USDTUSD,1525762044.0,0.9992,0.9993
525234,USDTUSD,1525762226.0,0.999,0.9993
527308,USDTUSD,1525762256.0,0.999,0.9992
525252,USDTUSD,1525762257.0,0.9991,0.9992
525365,USDTUSD,1525762436.0,0.9991,0.9992
525366,USDTUSD,1525762437.0,0.9991,0.9992
525598,USDTUSD,1525762836.0,0.9991,0.9992
525658,USDTUSD,1525762940.0,0.9991,0.9993
525688,USDTUSD,1525762980.0,0.9992,0.9993
525757,USDTUSD,1525763083.0,0.9991,0.9993
525774,USDTUSD,1525763120.0,0.9992,0.9993
525970,USDTUSD,1525763448.0,0.9991,0.9993
525971,USDTUSD,1525763449.0,0.9991,0.9992
526863,USDTUSD,1525763551.0,0.9992,0.9993
526099,USDTUSD,1525763659.0,0.9991,0.9993
527226,USDTUSD,1525763660.0,0.9992,0.9993
526281,USDTUSD,1525763948.0,0.9991,0.9993
528015,USDTUSD,1525763949.0,0.9992,0.9993
526343,USDTUSD,1525764057.0,0.9991,0.9993
528876,USDTUSD,1525764091.0,0.9992,0.9993
526651,USDTUSD,1525764525.0,0.9991,0.9993
525564,USDTUSD,1525764560.0,0.9991,0.9992
526727,USDTUSD,1525764668.0,0.9991,0.9993
526728,USDTUSD,1525764669.0,0.9991,0.9992
526845,USDTUSD,1525764889.0,0.9992,0.9993
526932,USDTUSD,1525764993.0,0.9991,0.9992
527017,USDTUSD,1525765209.0,0.9991,0.9992
525451,USDTUSD,1525765893.0,0.9991,0.9993
527438,USDTUSD,1525765894.0,0.9991,0.9992
527936,USDTUSD,1525766721.0,0.9991,0.9993
527937,USDTUSD,1525766722.0,0.9991,0.9992
528208,USDTUSD,1525767157.0,0.9991,0.9993
528229,USDTUSD,1525767189.0,0.9992,0.9993
528345,USDTUSD,1525767371.0,0.9991,0.9993
528346,USDTUSD,1525767372.0,0.9992,0.9993
528439,USDTUSD,1525767513.0,0.9991,0.9993
528440,USDTUSD,1525767514.0,0.9992,0.9993
526782,USDTUSD,1525767621.0,0.9992,0.9993
527128,USDTUSD,1525767733.0,0.9992,0.9993
526056,USDTUSD,1525767945.0,0.9991,0.9993
528743,USDTUSD,1525767981.0,0.9992,0.9993
525069,USDTUSD,1525770164.0,0.9995,0.9998
526106,USDTUSD,1525770169.0,0.9993,0.9998
526129,USDTUSD,1525770174.0,0.9993,0.9999
525077,USDTUSD,1525770175.0,0.9992,0.9999
525079,USDTUSD,1525770177.0,0.9993,0.9998
525080,USDTUSD,1525770179.0,0.9994,0.9998
525082,USDTUSD,1525770182.0,0.9993,0.9998
525083,USDTUSD,1525770184.0,0.9995,0.9998
525090,USDTUSD,1525770201.0,0.9994,0.9998
525091,USDTUSD,1525770202.0,0.9996,0.9998
525097,USDTUSD,1525770213.0,0.9997,0.9998
526542,USDTUSD,1525770285.0,0.9996,0.9998
528838,USDTUSD,1525770286.0,0.9997,0.9998
525219,USDTUSD,1525770395.0,0.9996,0.9999
526920,USDTUSD,1525770396.0,0.9996,0.9998
525242,USDTUSD,1525770429.0,0.9995,0.9998
525244,USDTUSD,1525770434.0,0.9996,0.9998
525289,USDTUSD,1525770502.0,0.9997,0.9998
525354,USDTUSD,1525770610.0,0.9996,0.9997
525437,USDTUSD,1525770754.0,0.9996,0.9998
525480,USDTUSD,1525770826.0,0.9996,0.9997
525499,USDTUSD,1525770862.0,0.9996,0.9997
525607,USDTUSD,1525771043.0,0.9997,0.9998
525673,USDTUSD,1525771151.0,0.9996,0.9998
525723,USDTUSD,1525771222.0,0.9996,0.9997
525748,USDTUSD,1525771258.0,0.9996,0.9997
528777,USDTUSD,1525771366.0,0.9995,0.9997
527461,USDTUSD,1525771367.0,0.9996,0.9997
526154,USDTUSD,1525771547.0,0.9996,0.9997
525982,USDTUSD,1525771658.0,0.9996,0.9997
526036,USDTUSD,1525771754.0,0.9992,0.9997
526922,USDTUSD,1525771762.0,0.9993,0.9996
526090,USDTUSD,1525771838.0,0.9994,0.9996
527178,USDTUSD,1525771839.0,0.9994,0.9995
526156,USDTUSD,1525771943.0,0.9992,0.9995
526178,USDTUSD,1525771979.0,0.9992,0.9997
526179,USDTUSD,1525771980.0,0.9993,0.9997
526221,USDTUSD,1525772050.0,0.9994,0.9997
526244,USDTUSD,1525772087.0,0.9994,0.9998
527607,USDTUSD,1525772122.0,0.9994,0.9997
526268,USDTUSD,1525772123.0,0.9995,0.9997
528515,USDTUSD,1525772194.0,0.9996,0.9997
528647,USDTUSD,1525772230.0,0.9996,0.9997
526356,USDTUSD,1525772267.0,0.9993,0.9997
524056,USDTUSD,1525772302.0,0.9993,0.9996
524192,USDTUSD,1525772343.0,0.9994,0.9996
526431,USDTUSD,1525772374.0,0.9994,0.9995
524505,USDTUSD,1525772446.0,0.9993,0.9995
526476,USDTUSD,1525772447.0,0.9993,0.9994
525543,USDTUSD,1525772554.0,0.9992,0.9994
524862,USDTUSD,1525772555.0,0.9993,0.9998
526563,USDTUSD,1525772591.0,0.9993,0.9997
526874,USDTUSD,1525772627.0,0.9994,0.9997
525248,USDTUSD,1525772663.0,0.9994,0.9996
526637,USDTUSD,1525772698.0,0.9995,0.9996
526660,USDTUSD,1525772733.0,0.9995,0.9998
526661,USDTUSD,1525772734.0,0.9995,0.9996
526695,USDTUSD,1525772805.0,0.9994,0.9996
526741,USDTUSD,1525772882.0,0.9994,0.9995
526759,USDTUSD,1525772914.0,0.9993,0.9995
526799,USDTUSD,1525772986.0,0.9994,0.9998
526814,USDTUSD,1525773021.0,0.9995,0.9998
526567,USDTUSD,1525773022.0,0.9995,0.9997
528815,USDTUSD,1525773094.0,0.9996,0.9997
527411,USDTUSD,1525773203.0,0.9995,0.9997
526907,USDTUSD,1525773204.0,0.9995,0.9996
524467,USDTUSD,1525773310.0,0.9994,0.9996
526966,USDTUSD,1525773311.0,0.9995,0.9996
527026,USDTUSD,1525773418.0,0.9995,0.9998
527046,USDTUSD,1525773454.0,0.9995,0.9997
528243,USDTUSD,1525773489.0,0.9996,0.9997
527123,USDTUSD,1525773598.0,0.9995,0.9997
527143,USDTUSD,1525773636.0,0.9995,0.9996
527213,USDTUSD,1525773747.0,0.9995,0.9997
527232,USDTUSD,1525773778.0,0.9996,0.9997
527245,USDTUSD,1525773803.0,0.999,0.9997
527110,USDTUSD,1525773814.0,0.999,0.9995
527277,USDTUSD,1525773850.0,0.9991,0.9994
527326,USDTUSD,1525773927.0,0.9991,0.9995
527348,USDTUSD,1525773957.0,0.9991,0.9994
527349,USDTUSD,1525773958.0,0.9992,0.9994
527404,USDTUSD,1525774030.0,0.9993,0.9994
527472,USDTUSD,1525774139.0,0.9991,0.9994
527001,USDTUSD,1525774140.0,0.9992,0.9994
527516,USDTUSD,1525774210.0,0.9992,0.9993
528526,USDTUSD,1525774354.0,0.9991,0.9994
527632,USDTUSD,1525774390.0,0.9991,0.9995
524330,USDTUSD,1525774391.0,0.9991,0.9994
527674,USDTUSD,1525774462.0,0.9992,0.9994
527675,USDTUSD,1525774463.0,0.9992,0.9993
527183,USDTUSD,1525774571.0,0.9992,0.9994
527787,USDTUSD,1525774643.0,0.9993,0.9994
528004,USDTUSD,1525774751.0,0.9991,0.9994
527863,USDTUSD,1525774752.0,0.9992,0.9993
527883,USDTUSD,1525774823.0,0.9992,0.9994
527913,USDTUSD,1525774878.0,0.9992,0.9995
528401,USDTUSD,1525774895.0,0.9992,0.9994
528533,USDTUSD,1525774930.0,0.9993,0.9994
528021,USDTUSD,1525775044.0,0.9992,0.9994
528040,USDTUSD,1525775074.0,0.9992,0.9993
528085,USDTUSD,1525775152.0,0.9991,0.9993
528102,USDTUSD,1525775183.0,0.9992,0.9993
526369,USDTUSD,1525775327.0,0.9992,0.9995
528216,USDTUSD,1525775362.0,0.9992,0.9994
528266,USDTUSD,1525775434.0,0.9992,0.9993
528286,USDTUSD,1525775470.0,0.9992,0.9993
528333,USDTUSD,1525775543.0,0.9992,0.9995
528334,USDTUSD,1525775544.0,0.9993,0.9994
528431,USDTUSD,1525775691.0,0.9991,0.9994
526472,USDTUSD,1525775727.0,0.9992,0.9994
528494,USDTUSD,1525775794.0,0.9993,0.9994
525589,USDTUSD,1525775830.0,0.9993,0.9995
528521,USDTUSD,1525775831.0,0.9993,0.9994
528570,USDTUSD,1525775909.0,0.9992,0.9994
525115,USDTUSD,1525775974.0,0.9993,0.9994
528634,USDTUSD,1525776010.0,0.9993,0.9994
525016,USDTUSD,1525776082.0,0.9991,0.9993
528685,USDTUSD,1525776083.0,0.9992,0.9993
527927,USDTUSD,1525776190.0,0.9991,0.9994
525259,USDTUSD,1525776191.0,0.9992,0.9994
528812,USDTUSD,1525776264.0,0.9992,0.9993
528890,USDTUSD,1525776376.0,0.9992,0.9994
524030,USDTUSD,1525776406.0,0.9992,0.9994
524062,USDTUSD,1525776479.0,0.9993,0.9995
524079,USDTUSD,1525776515.0,0.9993,0.9994
524121,USDTUSD,1525776587.0,0.9992,0.9994
524158,USDTUSD,1525776660.0,0.9993,0.9994
524221,USDTUSD,1525776766.0,0.9991,0.9994
527770,USDTUSD,1525776768.0,0.9992,0.9994
524243,USDTUSD,1525776803.0,0.9992,0.9993
527580,USDTUSD,1525776874.0,0.9991,0.9993
524287,USDTUSD,1525776875.0,0.9991,0.9992
524341,USDTUSD,1525776983.0,0.9991,0.9994
524342,USDTUSD,1525776984.0,0.9992,0.9994
524372,USDTUSD,1525777055.0,0.9993,0.9994
524430,USDTUSD,1525777167.0,0.9992,0.9993
524475,USDTUSD,1525777272.0,0.9993,0.9994
527345,USDTUSD,1525777344.0,0.9992,0.9994
524513,USDTUSD,1525777345.0,0.9993,0.9994
528402,USDTUSD,1525777348.0,0.9993,0.9995
524546,USDTUSD,1525777414.0,0.9994,0.9995
524366,USDTUSD,1525777525.0,0.9992,0.9995
527236,USDTUSD,1525777559.0,0.9992,0.9994
524645,USDTUSD,1525777595.0,0.9993,0.9994
524692,USDTUSD,1525777667.0,0.9994,0.9995
524720,USDTUSD,1525777715.0,0.9992,0.9995
527078,USDTUSD,1525777739.0,0.9993,0.9994
524822,USDTUSD,1525777919.0,0.9993,0.9994
524825,USDTUSD,1525777922.0,0.9994,0.9995
524934,USDTUSD,1525778118.0,0.9994,0.9998
524947,USDTUSD,1525778136.0,0.9995,0.9997
528484,USDTUSD,1525778171.0,0.9996,0.9997
525036,USDTUSD,1525778297.0,0.9994,0.9997
525038,USDTUSD,1525778299.0,0.9993,0.9997
525937,USDTUSD,1525778315.0,0.9994,0.9996
525046,USDTUSD,1525778321.0,0.9995,0.9996
525071,USDTUSD,1525778358.0,0.9983,0.9988
525072,USDTUSD,1525778361.0,0.9983,0.9996
525088,USDTUSD,1525778387.0,0.9984,0.9995
525112,USDTUSD,1525778429.0,0.9984,0.9994
525113,USDTUSD,1525778430.0,0.9984,0.9993
525133,USDTUSD,1525778460.0,0.9985,0.9993
525154,USDTUSD,1525778496.0,0.9985,0.9992
525160,USDTUSD,1525778507.0,0.9985,0.9993
526742,USDTUSD,1525778531.0,0.9985,0.9992
525180,USDTUSD,1525778532.0,0.9986,0.9992
525230,USDTUSD,1525778604.0,0.9987,0.9992
527089,USDTUSD,1525778640.0,0.9987,0.9991
525256,USDTUSD,1525778647.0,0.9977,0.9991
525258,USDTUSD,1525778650.0,0.9978,0.9991
525262,USDTUSD,1525778657.0,0.9979,0.9991
525266,USDTUSD,1525778663.0,0.9979,0.9986
527199,USDTUSD,1525778671.0,0.9978,0.9986
527700,USDTUSD,1525778674.0,0.9978,0.9985
525276,USDTUSD,1525778675.0,0.9979,0.9985
525280,USDTUSD,1525778680.0,0.998,0.9985
525298,USDTUSD,1525778712.0,0.9981,0.9985
525306,USDTUSD,1525778726.0,0.9981,0.9996
525310,USDTUSD,1525778738.0,0.9982,0.9996
525318,USDTUSD,1525778748.0,0.9983,0.9995
525319,USDTUSD,1525778749.0,0.9983,0.9994
525338,USDTUSD,1525778783.0,0.9983,0.9993
527989,USDTUSD,1525778788.0,0.9983,0.9992
525364,USDTUSD,1525778819.0,0.9984,0.9992
527097,USDTUSD,1525778833.0,0.999,0.9992
525385,USDTUSD,1525778855.0,0.999,0.9991
525427,USDTUSD,1525778928.0,0.999,0.9993
525444,USDTUSD,1525778963.0,0.9991,0.9993
525471,USDTUSD,1525779004.0,0.9991,0.9992
525513,USDTUSD,1525779079.0,0.9991,0.9996
525514,USDTUSD,1525779082.0,0.9991,0.9992
528673,USDTUSD,1525779084.0,0.9991,0.9996
528868,USDTUSD,1525779108.0,0.9991,0.9995
525532,USDTUSD,1525779111.0,0.9991,0.9994
525553,USDTUSD,1525779143.0,0.9992,0.9993
525618,USDTUSD,1525779257.0,0.999,0.9992
525619,USDTUSD,1525779258.0,0.9991,0.9992
525678,USDTUSD,1525779353.0,0.9978,0.9989
525208,USDTUSD,1525779355.0,0.9977,0.9992
525070,USDTUSD,1525779356.0,0.9977,0.9988
525682,USDTUSD,1525779357.0,0.9978,0.9988
525683,USDTUSD,1525779358.0,0.9979,0.9988
525684,USDTUSD,1525779359.0,0.998,0.9988
524793,USDTUSD,1525779360.0,0.998,0.9987
525701,USDTUSD,1525779386.0,0.9981,0.9987
525707,USDTUSD,1525779395.0,0.9982,0.9987
525739,USDTUSD,1525779439.0,0.9982,0.999
525758,USDTUSD,1525779468.0,0.9983,0.999
528568,USDTUSD,1525779539.0,0.9984,0.9992
525825,USDTUSD,1525779575.0,0.9984,0.9991
525848,USDTUSD,1525779617.0,0.9985,0.9991
525888,USDTUSD,1525779683.0,0.9986,0.9991
525910,USDTUSD,1525779720.0,0.9986,0.999
525926,USDTUSD,1525779756.0,0.9987,0.999
525945,USDTUSD,1525779791.0,0.9987,0.9989
526490,USDTUSD,1525779828.0,0.9988,0.9989
525990,USDTUSD,1525779864.0,0.9988,0.999
526031,USDTUSD,1525779940.0,0.998,0.999
526033,USDTUSD,1525779942.0,0.9981,0.9989
526070,USDTUSD,1525780003.0,0.9977,0.9989
526072,USDTUSD,1525780005.0,0.9978,0.9989
526074,USDTUSD,1525780007.0,0.9979,0.9989
526075,USDTUSD,1525780008.0,0.9979,0.9988
527144,USDTUSD,1525780009.0,0.9977,0.9978
527116,USDTUSD,1525780014.0,0.9977,0.9988
526079,USDTUSD,1525780017.0,0.9978,0.9988
526085,USDTUSD,1525780025.0,0.9977,0.9988
527222,USDTUSD,1525780043.0,0.9977,0.9981
527810,USDTUSD,1525780044.0,0.9978,0.9988
526115,USDTUSD,1525780066.0,0.9978,0.9989
526116,USDTUSD,1525780067.0,0.9978,0.9987
526118,USDTUSD,1525780069.0,0.9978,0.9989
526119,USDTUSD,1525780070.0,0.9978,0.9986
526120,USDTUSD,1525780072.0,0.9978,0.9989
526125,USDTUSD,1525780079.0,0.9978,0.999
526126,USDTUSD,1525780080.0,0.9979,0.9989
527496,USDTUSD,1525780112.0,0.9979,0.9987
526169,USDTUSD,1525780153.0,0.998,0.9987
526212,USDTUSD,1525780225.0,0.9981,0.9986
527906,USDTUSD,1525780227.0,0.998,0.9981
526215,USDTUSD,1525780230.0,0.998,0.9986
526216,USDTUSD,1525780231.0,0.998,0.9981
527928,USDTUSD,1525780233.0,0.998,0.9986
526231,USDTUSD,1525780260.0,0.9979,0.9986
528166,USDTUSD,1525780295.0,0.9979,0.9985
524567,USDTUSD,1525780332.0,0.998,0.9985
526304,USDTUSD,1525780368.0,0.998,0.9984
526321,USDTUSD,1525780405.0,0.9981,0.9984
526366,USDTUSD,1525780476.0,0.9982,0.9986
526416,USDTUSD,1525780547.0,0.9983,0.9986
524237,USDTUSD,1525780548.0,0.9983,0.9985
524283,USDTUSD,1525780561.0,0.9983,0.9984
524299,USDTUSD,1525780566.0,0.9983,0.9985
528391,USDTUSD,1525780621.0,0.9984,0.9986
524687,USDTUSD,1525780692.0,0.9984,0.9985
526519,USDTUSD,1525780719.0,0.9984,0.9987
526523,USDTUSD,1525780726.0,0.9985,0.9987
526601,USDTUSD,1525780837.0,0.9985,0.9986
525386,USDTUSD,1525780892.0,0.9985,0.9995
526640,USDTUSD,1525780895.0,0.9985,0.9994
526641,USDTUSD,1525780897.0,0.9987,0.9994
525433,USDTUSD,1525780906.0,0.9981,0.9994
526649,USDTUSD,1525780907.0,0.9978,0.9994
526650,USDTUSD,1525780908.0,0.9982,0.9994
526653,USDTUSD,1525780912.0,0.9982,0.9993
526670,USDTUSD,1525780944.0,0.9982,0.9994
526671,USDTUSD,1525780947.0,0.9982,0.9992
526681,USDTUSD,1525780969.0,0.9982,0.9991
525675,USDTUSD,1525780974.0,0.9983,0.9991
526687,USDTUSD,1525780982.0,0.9983,0.999
526726,USDTUSD,1525781051.0,0.9984,0.999
526753,USDTUSD,1525781093.0,0.9984,0.9989
526768,USDTUSD,1525781124.0,0.9985,0.9989
526769,USDTUSD,1525781126.0,0.9985,0.9988
526791,USDTUSD,1525781164.0,0.9985,0.9989
526807,USDTUSD,1525781196.0,0.9986,0.9988
524970,USDTUSD,1525781269.0,0.9987,0.9989
526843,USDTUSD,1525781270.0,0.9987,0.9988
526897,USDTUSD,1525781376.0,0.9987,0.999
527423,USDTUSD,1525781377.0,0.9987,0.9989
526917,USDTUSD,1525781412.0,0.9984,0.9989
526955,USDTUSD,1525781484.0,0.9985,0.9989
526979,USDTUSD,1525781526.0,0.9985,0.9988
526996,USDTUSD,1525781556.0,0.9986,0.9988
527035,USDTUSD,1525781628.0,0.9987,0.999
527019,USDTUSD,1525781638.0,0.9987,0.9991
527205,USDTUSD,1525781649.0,0.9987,0.9988
527095,USDTUSD,1525781741.0,0.9983,0.9988
528709,USDTUSD,1525781802.0,0.9986,0.9988
528733,USDTUSD,1525781808.0,0.9986,0.9987
527175,USDTUSD,1525781880.0,0.9986,0.9987
527221,USDTUSD,1525781952.0,0.9986,0.9988
527243,USDTUSD,1525781989.0,0.9986,0.9987
524297,USDTUSD,1525782027.0,0.9986,0.9988
527268,USDTUSD,1525782028.0,0.9986,0.9994
527291,USDTUSD,1525782060.0,0.9987,0.9994
527328,USDTUSD,1525782124.0,0.9987,0.9996
524929,USDTUSD,1525782133.0,0.9988,0.9996
524938,USDTUSD,1525782135.0,0.9988,0.9995
527356,USDTUSD,1525782158.0,0.9994,0.9995
527384,USDTUSD,1525782196.0,0.9994,0.9996
527414,USDTUSD,1525782205.0,0.9994,0.9997
528601,USDTUSD,1525782244.0,0.9994,0.9996
527459,USDTUSD,1525782312.0,0.9994,0.9995
527526,USDTUSD,1525782421.0,0.9994,0.9995
527605,USDTUSD,1525782534.0,0.9994,0.9997
527624,USDTUSD,1525782565.0,0.9994,0.9996
527687,USDTUSD,1525782677.0,0.9995,0.9996
527689,USDTUSD,1525782679.0,0.9995,0.9998
527709,USDTUSD,1525782713.0,0.9995,0.9997
527710,USDTUSD,1525782714.0,0.9995,0.9996
527247,USDTUSD,1525782781.0,0.9995,0.9997
527778,USDTUSD,1525782817.0,0.9995,0.9996
528177,USDTUSD,1525783029.0,0.9995,0.9997
527895,USDTUSD,1525783032.0,0.9995,0.9996
527938,USDTUSD,1525783108.0,0.9995,0.9997
527946,USDTUSD,1525783119.0,0.9995,0.9996
528012,USDTUSD,1525783215.0,0.9995,0.9997
524039,USDTUSD,1525783218.0,0.9995,0.9996
528017,USDTUSD,1525783226.0,0.9995,0.9997
526247,USDTUSD,1525783231.0,0.9995,0.9996
528023,USDTUSD,1525783240.0,0.9995,0.9997
526410,USDTUSD,1525783244.0,0.9995,0.9996
528138,USDTUSD,1525783427.0,0.9994,0.9996
528139,USDTUSD,1525783428.0,0.9995,0.9996
528143,USDTUSD,1525783435.0,0.9995,0.9998
525011,USDTUSD,1525783436.0,0.9995,0.9997
528150,USDTUSD,1525783443.0,0.9995,0.9996
528230,USDTUSD,1525783574.0,0.9995,0.9997
528253,USDTUSD,1525783608.0,0.9995,0.9996
528277,USDTUSD,1525783644.0,0.9994,0.9995
528366,USDTUSD,1525783790.0,0.9994,0.9998
528369,USDTUSD,1525783794.0,0.9994,0.9995
528397,USDTUSD,1525783830.0,0.9994,0.9998
528417,USDTUSD,1525783860.0,0.9994,0.9997
527811,USDTUSD,1525783863.0,0.9994,0.9996
528438,USDTUSD,1525783896.0,0.9994,0.9995
527088,USDTUSD,1525784101.0,0.9976,0.9995
528572,USDTUSD,1525784103.0,0.9977,0.9995
525585,USDTUSD,1525784108.0,0.9977,0.9994
528576,USDTUSD,1525784109.0,0.9978,0.9994
528579,USDTUSD,1525784114.0,0.9978,0.9992
527462,USDTUSD,1525784117.0,0.9979,0.9992
528622,USDTUSD,1525784184.0,0.9979,0.9991
528646,USDTUSD,1525784225.0,0.998,0.9991
525696,USDTUSD,1525784292.0,0.9981,0.9991
528717,USDTUSD,1525784328.0,0.9981,0.9992
528718,USDTUSD,1525784329.0,0.9981,0.9991
524260,USDTUSD,1525784365.0,0.9982,0.999
524839,USDTUSD,1525784427.0,0.9982,0.9989
525302,USDTUSD,1525784436.0,0.9983,0.9989
527550,USDTUSD,1525784478.0,0.9983,0.9991
528617,USDTUSD,1525784509.0,0.9984,0.9992
528757,USDTUSD,1525784544.0,0.9984,0.9991
524026,USDTUSD,1525784582.0,0.9985,0.9991
524046,USDTUSD,1525784636.0,0.9991,0.9992
524053,USDTUSD,1525784654.0,0.9985,0.9992
524065,USDTUSD,1525784677.0,0.9985,0.9998
524068,USDTUSD,1525784684.0,0.9985,0.9997
524069,USDTUSD,1525784686.0,0.9992,0.9997
524073,USDTUSD,1525784699.0,0.9993,0.9997
524480,USDTUSD,1525784726.0,0.9994,0.9997
524109,USDTUSD,1525784762.0,0.9994,0.9996
524127,USDTUSD,1525784791.0,0.9994,0.9997
524131,USDTUSD,1525784801.0,0.9994,0.9996
524810,USDTUSD,1525784828.0,0.9994,0.9997
524147,USDTUSD,1525784832.0,0.9995,0.9996
524194,USDTUSD,1525784909.0,0.9996,0.9997
524254,USDTUSD,1525785013.0,0.9993,0.9996
524277,USDTUSD,1525785049.0,0.9994,0.9996
524278,USDTUSD,1525785052.0,0.9994,0.9995
524295,USDTUSD,1525785086.0,0.9994,0.9996
525897,USDTUSD,1525785121.0,0.9994,0.9995
526257,USDTUSD,1525785228.0,0.9994,0.9995
524382,USDTUSD,1525785265.0,0.9994,0.9995
527269,USDTUSD,1525785517.0,0.9994,0.9995
524615,USDTUSD,1525785734.0,0.9994,0.9995
524662,USDTUSD,1525785807.0,0.9993,0.9995
524684,USDTUSD,1525785841.0,0.9993,0.9994
524742,USDTUSD,1525785949.0,0.9994,0.9995
524801,USDTUSD,1525786059.0,0.9994,0.9997
524813,USDTUSD,1525786093.0,0.9995,0.9996
524866,USDTUSD,1525786184.0,0.9995,0.9997
524875,USDTUSD,1525786202.0,0.9993,0.9997
524876,USDTUSD,1525786203.0,0.9994,0.9996
524957,USDTUSD,1525786237.0,0.9994,0.9995
524933,USDTUSD,1525786309.0,0.9993,0.9994
525482,USDTUSD,1525786381.0,0.9993,0.9995
524977,USDTUSD,1525786384.0,0.9993,0.9996
525610,USDTUSD,1525786418.0,0.9994,0.9996
524999,USDTUSD,1525786420.0,0.9994,0.9995
525879,USDTUSD,1525786489.0,0.9994,0.9995
525037,USDTUSD,1525786490.0,0.9994,0.9997
525055,USDTUSD,1525786526.0,0.9994,0.9996
525078,USDTUSD,1525786560.0,0.9994,0.9995
526270,USDTUSD,1525786597.0,0.9994,0.9995
525142,USDTUSD,1525786669.0,0.9995,0.9996
525166,USDTUSD,1525786707.0,0.9995,0.9997
525192,USDTUSD,1525786741.0,0.9996,0.9997
525263,USDTUSD,1525786850.0,0.9994,0.9996
528722,USDTUSD,1525786870.0,0.9994,0.9995
525309,USDTUSD,1525786924.0,0.9994,0.9997
525327,USDTUSD,1525786956.0,0.9993,0.9997
525328,USDTUSD,1525786957.0,0.9994,0.9997
525329,USDTUSD,1525786959.0,0.9994,0.9996
527702,USDTUSD,1525786994.0,0.9994,0.9995
524161,USDTUSD,1525787353.0,0.9994,0.9995
528699,USDTUSD,1525787579.0,0.9975,0.9995
525703,USDTUSD,1525787581.0,0.9976,0.9995
524898,USDTUSD,1525787585.0,0.9977,0.9994
525706,USDTUSD,1525787586.0,0.9977,0.9992
525708,USDTUSD,1525787589.0,0.9978,0.9992
525712,USDTUSD,1525787594.0,0.9977,0.9991
526435,USDTUSD,1525787605.0,0.9978,0.999
524978,USDTUSD,1525787608.0,0.9979,0.999
525747,USDTUSD,1525787641.0,0.998,0.999
525786,USDTUSD,1525787718.0,0.998,0.999
525493,USDTUSD,1525787750.0,0.998,0.9989
525835,USDTUSD,1525787785.0,0.9981,0.9989
527037,USDTUSD,1525787834.0,0.9981,0.9988
525874,USDTUSD,1525787857.0,0.9982,0.9987
525916,USDTUSD,1525787930.0,0.9983,0.9987
525917,USDTUSD,1525787931.0,0.9983,0.9991
525936,USDTUSD,1525787969.0,0.9983,0.999
525960,USDTUSD,1525788006.0,0.9984,0.9989
525974,USDTUSD,1525788028.0,0.9984,0.9988
525980,USDTUSD,1525788038.0,0.9984,0.9987
526688,USDTUSD,1525788073.0,0.9985,0.9987
526019,USDTUSD,1525788110.0,0.9985,0.9992
526820,USDTUSD,1525788114.0,0.9986,0.9992
526279,USDTUSD,1525788146.0,0.9987,0.9992
526043,USDTUSD,1525788147.0,0.9987,0.9991
526065,USDTUSD,1525788182.0,0.9988,0.9991
526077,USDTUSD,1525788203.0,0.9987,0.9991
527155,USDTUSD,1525788217.0,0.9988,0.999
526114,USDTUSD,1525788256.0,0.9988,0.9989
526140,USDTUSD,1525788294.0,0.9979,0.9988
525322,USDTUSD,1525788363.0,0.998,0.9988
528768,USDTUSD,1525788398.0,0.998,0.9988
526224,USDTUSD,1525788440.0,0.9981,0.9988
527214,USDTUSD,1525788469.0,0.9981,0.9989
526243,USDTUSD,1525788470.0,0.9981,0.9988
526266,USDTUSD,1525788505.0,0.9982,0.9988
526294,USDTUSD,1525788546.0,0.9982,0.9988
526310,USDTUSD,1525788577.0,0.9983,0.9988
526332,USDTUSD,1525788616.0,0.9983,0.9987
526355,USDTUSD,1525788650.0,0.9984,0.9986
526884,USDTUSD,1525788722.0,0.9985,0.9988
526405,USDTUSD,1525788724.0,0.9985,0.9987
527529,USDTUSD,1525788758.0,0.9985,0.9986
524501,USDTUSD,1525788829.0,0.9978,0.999
526477,USDTUSD,1525788832.0,0.9979,0.999
526496,USDTUSD,1525788865.0,0.998,0.9989
524852,USDTUSD,1525788937.0,0.9981,0.9989
525862,USDTUSD,1525788938.0,0.9981,0.9988
525118,USDTUSD,1525789014.0,0.9982,0.9987
526639,USDTUSD,1525789086.0,0.9983,0.9991
525394,USDTUSD,1525789087.0,0.9983,0.9987
526679,USDTUSD,1525789153.0,0.9984,0.9987
526698,USDTUSD,1525789196.0,0.9984,0.9991
526716,USDTUSD,1525789225.0,0.9985,0.9991
526717,USDTUSD,1525789226.0,0.9985,0.999
528289,USDTUSD,1525789266.0,0.9985,0.9989
526777,USDTUSD,1525789333.0,0.9985,0.9988
526779,USDTUSD,1525789336.0,0.9985,0.9987
527729,USDTUSD,1525789369.0,0.9985,0.9986
528785,USDTUSD,1525789370.0,0.998,0.9986
526829,USDTUSD,1525789443.0,0.9981,0.9987
526816,USDTUSD,1525789478.0,0.9981,0.9991
526854,USDTUSD,1525789482.0,0.9981,0.999
526873,USDTUSD,1525789513.0,0.9982,0.9989
526909,USDTUSD,1525789590.0,0.9983,0.999
526910,USDTUSD,1525789591.0,0.9983,0.9989
526911,USDTUSD,1525789593.0,0.9983,0.9988
526928,USDTUSD,1525789622.0,0.9983,0.9987
524246,USDTUSD,1525789662.0,0.9984,0.9987
526965,USDTUSD,1525789694.0,0.9984,0.999
526990,USDTUSD,1525789735.0,0.9985,0.999
527005,USDTUSD,1525789766.0,0.9985,0.9991
527006,USDTUSD,1525789767.0,0.9985,0.999
527007,USDTUSD,1525789768.0,0.9985,0.9989
527543,USDTUSD,1525789799.0,0.9985,0.999
527974,USDTUSD,1525789802.0,0.9986,0.999
527047,USDTUSD,1525789841.0,0.9986,0.9992
527048,USDTUSD,1525789842.0,0.9986,0.999
527066,USDTUSD,1525789874.0,0.9987,0.999
527067,USDTUSD,1525789875.0,0.9987,0.9989
528729,USDTUSD,1525789913.0,0.9987,0.999
527102,USDTUSD,1525789946.0,0.9988,0.999
525648,USDTUSD,1525790018.0,0.9989,0.999
527646,USDTUSD,1525790128.0,0.998,0.999
524081,USDTUSD,1525790198.0,0.9981,0.9989
524754,USDTUSD,1525790271.0,0.9982,0.9988
527324,USDTUSD,1525790308.0,0.9982,0.9987
527350,USDTUSD,1525790343.0,0.9983,0.9986
527405,USDTUSD,1525790415.0,0.9984,0.9986
527406,USDTUSD,1525790416.0,0.9984,0.9985
525436,USDTUSD,1525790464.0,0.9984,0.9997
527437,USDTUSD,1525790469.0,0.9984,0.9998
527439,USDTUSD,1525790471.0,0.9984,0.9996
527440,USDTUSD,1525790472.0,0.9985,0.9996
524530,USDTUSD,1525790479.0,0.9986,0.9998
525512,USDTUSD,1525790486.0,0.9986,0.9997
527471,USDTUSD,1525790522.0,0.9987,0.9997
528502,USDTUSD,1525790523.0,0.9987,0.9996
528034,USDTUSD,1525790594.0,0.9987,0.9995
527562,USDTUSD,1525790667.0,0.9987,0.9994
527588,USDTUSD,1525790702.0,0.9988,0.9994
527613,USDTUSD,1525790739.0,0.9988,0.9993
524556,USDTUSD,1525790774.0,0.9989,0.9993
527644,USDTUSD,1525790800.0,0.9986,0.9993
526709,USDTUSD,1525790810.0,0.9987,0.9993
525430,USDTUSD,1525790824.0,0.9987,0.9989
527698,USDTUSD,1525790882.0,0.9988,0.9989
528453,USDTUSD,1525790990.0,0.9986,0.9989
528490,USDTUSD,1525790992.0,0.9987,0.9989
527804,USDTUSD,1525791062.0,0.9987,0.9988
526792,USDTUSD,1525791171.0,0.9987,0.9988
528121,USDTUSD,1525791207.0,0.9987,0.9988
527921,USDTUSD,1525791278.0,0.9987,0.9989
527948,USDTUSD,1525791314.0,0.9987,0.9989
527997,USDTUSD,1525791386.0,0.9988,0.9989
524320,USDTUSD,1525791495.0,0.9987,0.9989
524149,USDTUSD,1525791566.0,0.9988,0.9989
528287,USDTUSD,1525791855.0,0.9988,0.9989
528355,USDTUSD,1525791963.0,0.9986,0.9989
528379,USDTUSD,1525791999.0,0.9987,0.9989
526187,USDTUSD,1525792036.0,0.9987,0.9988
528496,USDTUSD,1525792180.0,0.9987,0.9988
528566,USDTUSD,1525792287.0,0.9986,0.9988
527191,USDTUSD,1525792322.0,0.9987,0.9988
527708,USDTUSD,1525792457.0,1.001,1.0012
525147,USDTUSD,1525792460.0,1.001,1.0011
525045,USDTUSD,1525794704.0,1.001,1.0012
526094,USDTUSD,1525794742.0,1.0011,1.0012
525089,USDTUSD,1525794775.0,1.001,1.0012
525100,USDTUSD,1525794796.0,1.0011,1.0012
525124,USDTUSD,1525794829.0,1.001,1.0012
525134,USDTUSD,1525794846.0,1.0011,1.0012
525174,USDTUSD,1525794910.0,1.001,1.0012
525182,USDTUSD,1525794918.0,1.0011,1.0012
525202,USDTUSD,1525794946.0,1.001,1.0012
525207,USDTUSD,1525794955.0,1.0011,1.0012
525245,USDTUSD,1525795012.0,1.001,1.0012
525255,USDTUSD,1525795030.0,1.0011,1.0012
525367,USDTUSD,1525795207.0,1.001,1.0012
525382,USDTUSD,1525795236.0,1.0011,1.0012
525419,USDTUSD,1525795300.0,1.001,1.0012
525426,USDTUSD,1525795311.0,1.0011,1.0012
525440,USDTUSD,1525795338.0,1.001,1.0012
525450,USDTUSD,1525795354.0,1.0011,1.0012
525503,USDTUSD,1525795450.0,1.001,1.0012
525509,USDTUSD,1525795457.0,1.0011,1.0012
526613,USDTUSD,1525795525.0,1.001,1.0012
525551,USDTUSD,1525795527.0,1.0011,1.0012
527131,USDTUSD,1525795557.0,1.001,1.0012
525577,USDTUSD,1525795572.0,1.0011,1.0012
525595,USDTUSD,1525795600.0,1.001,1.0012
525600,USDTUSD,1525795609.0,1.0011,1.0012
524916,USDTUSD,1525795783.0,1.001,1.0012
525737,USDTUSD,1525795817.0,1.0011,1.0012
524958,USDTUSD,1525795981.0,1.001,1.0012
525839,USDTUSD,1525795987.0,1.0011,1.0012
525889,USDTUSD,1525796073.0,1.001,1.0012
525995,USDTUSD,1525796081.0,1.0011,1.0012
525923,USDTUSD,1525796137.0,1.001,1.0012
526225,USDTUSD,1525796143.0,1.0011,1.0012
527857,USDTUSD,1525796190.0,1.001,1.0012
525962,USDTUSD,1525796202.0,1.0011,1.0012
526743,USDTUSD,1525796281.0,1.001,1.0012
526012,USDTUSD,1525796290.0,1.0011,1.0012
526101,USDTUSD,1525796429.0,1.001,1.0012
527387,USDTUSD,1525796468.0,1.0011,1.0012
526148,USDTUSD,1525796501.0,1.001,1.0012
527647,USDTUSD,1525796537.0,1.0011,1.0012
526189,USDTUSD,1525796571.0,1.001,1.0012
526192,USDTUSD,1525796576.0,1.0011,1.0012
528092,USDTUSD,1525796661.0,1.001,1.0012
526249,USDTUSD,1525796672.0,1.0011,1.0012
528256,USDTUSD,1525796703.0,1.001,1.0012
526284,USDTUSD,1525796720.0,1.0011,1.0012
528580,USDTUSD,1525796787.0,1.001,1.0012
526322,USDTUSD,1525796790.0,1.0011,1.0012
527664,USDTUSD,1525796897.0,1.001,1.0012
526399,USDTUSD,1525796910.0,1.0011,1.0012
526487,USDTUSD,1525797042.0,1.001,1.0012
526509,USDTUSD,1525797077.0,1.0011,1.0012
526578,USDTUSD,1525797190.0,1.001,1.0012
526594,USDTUSD,1525797211.0,1.0011,1.0012
526686,USDTUSD,1525797364.0,1.001,1.0011
528245,USDTUSD,1525799979.0,1.0011,1.0012
526329,USDTUSD,1525803967.0,1.001,1.0011
525818,USDTUSD,1525804142.0,1.0009,1.0011
525613,USDTUSD,1525804168.0,1.0009,1.001
525837,USDTUSD,1525804173.0,0.9999,1.001
525841,USDTUSD,1525804183.0,0.9999,1.0008
525751,USDTUSD,1525804203.0,1.0,1.0008
525857,USDTUSD,1525804210.0,1.0,1.0007
525901,USDTUSD,1525804281.0,1.0001,1.0007
525918,USDTUSD,1525804317.0,1.0002,1.0007
528312,USDTUSD,1525804349.0,1.0002,1.0008
525935,USDTUSD,1525804350.0,1.0002,1.0007
524123,USDTUSD,1525804385.0,1.0003,1.0007
525979,USDTUSD,1525804421.0,1.0003,1.0007
525996,USDTUSD,1525804457.0,1.0004,1.0007
526022,USDTUSD,1525804499.0,1.0004,1.0006
526042,USDTUSD,1525804530.0,1.0005,1.0006
527094,USDTUSD,1525804638.0,1.0003,1.0006
526137,USDTUSD,1525804674.0,1.0003,1.0005
526138,USDTUSD,1525804675.0,1.0004,1.0005
527838,USDTUSD,1525804782.0,1.0004,1.0007
526242,USDTUSD,1525804853.0,1.0003,1.0006
525237,USDTUSD,1525804998.0,1.0004,1.0007
526331,USDTUSD,1525804999.0,1.0004,1.0006
526540,USDTUSD,1525805069.0,1.0005,1.0008
526375,USDTUSD,1525805070.0,1.0005,1.0007
527829,USDTUSD,1525805141.0,1.0005,1.0006
526456,USDTUSD,1525805182.0,1.0004,1.0006
526475,USDTUSD,1525805214.0,1.0004,1.0005
526528,USDTUSD,1525805310.0,1.0004,1.0008
526092,USDTUSD,1525805318.0,1.0005,1.0008
526538,USDTUSD,1525805322.0,1.0005,1.0007
526562,USDTUSD,1525805357.0,1.0006,1.0007
526130,USDTUSD,1525805609.0,1.0006,1.0008
526737,USDTUSD,1525805646.0,1.0006,1.0007
526798,USDTUSD,1525805753.0,1.0006,1.0008
524476,USDTUSD,1525805754.0,1.0006,1.0007
528001,USDTUSD,1525805826.0,1.0005,1.0007
526702,USDTUSD,1525805827.0,1.0006,1.0007
527184,USDTUSD,1525805974.0,1.0006,1.0007
526948,USDTUSD,1525806046.0,1.0006,1.0007
527847,USDTUSD,1525806150.0,1.0005,1.0007
527025,USDTUSD,1525806185.0,1.0006,1.0007
528304,USDTUSD,1525806258.0,1.0006,1.0007
527068,USDTUSD,1525806261.0,1.0006,1.0011
527084,USDTUSD,1525806294.0,1.0006,1.001
527103,USDTUSD,1525806331.0,1.0007,1.001
527141,USDTUSD,1525806402.0,1.0008,1.001
525449,USDTUSD,1525806726.0,1.0008,1.0011
527378,USDTUSD,1525806762.0,1.0008,1.001
527565,USDTUSD,1525807054.0,1.0007,1.001
528465,USDTUSD,1525807085.0,1.0007,1.0008
527635,USDTUSD,1525807162.0,1.0006,1.0007
527676,USDTUSD,1525807234.0,1.0006,1.0008
527677,USDTUSD,1525807235.0,1.0007,1.0008
528185,USDTUSD,1525807343.0,1.0006,1.001
528793,USDTUSD,1525807374.0,1.0006,1.0008
527604,USDTUSD,1525807446.0,1.0007,1.0008
527826,USDTUSD,1525807482.0,1.0007,1.0008
527914,USDTUSD,1525807647.0,1.0006,1.0008
527925,USDTUSD,1525807666.0,1.0006,1.0007
528080,USDTUSD,1525807913.0,1.0005,1.0007
528081,USDTUSD,1525807914.0,1.0006,1.0007
527622,USDTUSD,1525808130.0,1.0006,1.0007
528356,USDTUSD,1525808350.0,1.0005,1.0006
524027,USDTUSD,1525809160.0,1.0006,1.0007
524085,USDTUSD,1525809299.0,0.9991,0.9992
524088,USDTUSD,1525809302.0,0.999,1.0006
524094,USDTUSD,1525809311.0,0.9991,1.0006
524099,USDTUSD,1525809318.0,0.9992,1.0005
524100,USDTUSD,1525809320.0,0.9992,1.0004
524101,USDTUSD,1525809321.0,0.9992,1.0005
524103,USDTUSD,1525809323.0,0.9992,1.0003
524111,USDTUSD,1525809342.0,0.9992,1.0004
524112,USDTUSD,1525809344.0,0.9992,1.0002
524113,USDTUSD,1525809345.0,0.9992,1.0004
524114,USDTUSD,1525809347.0,0.9992,1.0001
524115,USDTUSD,1525809348.0,0.9992,1.0004
524116,USDTUSD,1525809349.0,0.9992,1.0
524650,USDTUSD,1525809355.0,0.9993,0.9999
524137,USDTUSD,1525809390.0,0.9994,0.9999
524156,USDTUSD,1525809426.0,0.9995,1.0002
524179,USDTUSD,1525809462.0,0.9996,1.0002
524203,USDTUSD,1525809503.0,0.9997,1.0001
524205,USDTUSD,1525809507.0,0.9996,0.9997
524209,USDTUSD,1525809514.0,0.9996,1.0001
524210,USDTUSD,1525809515.0,0.9996,0.9997
528068,USDTUSD,1525809519.0,0.9996,1.0001
524213,USDTUSD,1525809521.0,0.9996,0.9997
524214,USDTUSD,1525809522.0,0.9996,1.0001
525852,USDTUSD,1525809534.0,0.9997,1.0001
528393,USDTUSD,1525809536.0,0.9991,0.9997
524225,USDTUSD,1525809542.0,0.999,1.0001
524227,USDTUSD,1525809545.0,0.9991,1.0001
524242,USDTUSD,1525809570.0,0.9992,1.0
524265,USDTUSD,1525809606.0,0.9993,0.9999
525533,USDTUSD,1525809607.0,0.9993,1.0
524269,USDTUSD,1525809611.0,0.9993,0.9999
528847,USDTUSD,1525809642.0,0.9994,0.9999
524304,USDTUSD,1525809678.0,0.9995,0.9998
524326,USDTUSD,1525809714.0,0.9996,0.9998
524340,USDTUSD,1525809750.0,0.9997,0.9998
526190,USDTUSD,1525809786.0,0.9998,0.9999
526467,USDTUSD,1525809859.0,0.999,0.9999
524960,USDTUSD,1525809893.0,0.999,0.9998
527809,USDTUSD,1525809894.0,0.9991,0.9998
524427,USDTUSD,1525809931.0,0.9992,0.9998
524439,USDTUSD,1525809966.0,0.9993,0.9998
524440,USDTUSD,1525809967.0,0.9993,0.9997
524458,USDTUSD,1525810003.0,0.9994,0.9997
524474,USDTUSD,1525810039.0,0.9995,0.9998
524491,USDTUSD,1525810075.0,0.9996,0.9998
524510,USDTUSD,1525810110.0,0.9996,0.9997
524527,USDTUSD,1525810146.0,0.999,0.9997
527640,USDTUSD,1525810187.0,0.9991,0.9997
524549,USDTUSD,1525810188.0,0.9991,0.9998
524563,USDTUSD,1525810218.0,0.9992,0.9998
524586,USDTUSD,1525810259.0,0.9993,0.9998
527278,USDTUSD,1525810295.0,0.9994,0.9998
524623,USDTUSD,1525810326.0,0.9995,0.9998
527953,USDTUSD,1525810365.0,0.9996,0.9998
524669,USDTUSD,1525810398.0,0.9996,0.9997
526580,USDTUSD,1525810471.0,0.9997,0.9998
524768,USDTUSD,1525810579.0,0.9991,0.9998
524787,USDTUSD,1525810615.0,0.9992,0.9998
528848,USDTUSD,1525810650.0,0.9993,0.9998
524821,USDTUSD,1525810686.0,0.9994,0.9997
524670,USDTUSD,1525810725.0,0.9995,0.9997
524869,USDTUSD,1525810763.0,0.9996,0.9997
524924,USDTUSD,1525810867.0,0.999,0.9997
524946,USDTUSD,1525810903.0,0.9991,0.9998
524966,USDTUSD,1525810939.0,0.9992,0.9998
524987,USDTUSD,1525810975.0,0.9993,0.9997
525005,USDTUSD,1525811010.0,0.9994,0.9997
525026,USDTUSD,1525811047.0,0.9995,0.9997
525028,USDTUSD,1525811050.0,0.9995,0.9996
525064,USDTUSD,1525811118.0,0.9991,0.9995
525087,USDTUSD,1525811154.0,0.9992,0.9995
525132,USDTUSD,1525811227.0,0.9992,0.9999
525732,USDTUSD,1525811299.0,0.9993,0.9999
525229,USDTUSD,1525811371.0,0.9994,0.9999
525251,USDTUSD,1525811408.0,0.9994,0.9998
525300,USDTUSD,1525811483.0,0.9992,0.9998
525301,USDTUSD,1525811485.0,0.9992,0.9997
525363,USDTUSD,1525811586.0,0.9993,1.0
527771,USDTUSD,1525811587.0,0.9993,0.9996
525400,USDTUSD,1525811659.0,0.9993,0.9998
525406,USDTUSD,1525811670.0,0.9992,0.9998
526949,USDTUSD,1525811674.0,0.9991,0.9998
527952,USDTUSD,1525811695.0,0.9992,0.9998
528636,USDTUSD,1525811731.0,0.9992,0.9997
525470,USDTUSD,1525811771.0,0.9993,0.9997
526919,USDTUSD,1525811803.0,0.9993,0.9996
525506,USDTUSD,1525811838.0,0.9994,0.9996
525527,USDTUSD,1525811874.0,0.9994,1.0
525528,USDTUSD,1525811875.0,0.9994,0.9996
525550,USDTUSD,1525811910.0,0.9995,0.9996
525570,USDTUSD,1525811946.0,0.9995,0.9999
525571,USDTUSD,1525811947.0,0.9995,0.9998
525594,USDTUSD,1525811983.0,0.9991,0.9998
525614,USDTUSD,1525812019.0,0.9992,0.9998
525615,USDTUSD,1525812020.0,0.9992,0.9997
524674,USDTUSD,1525812091.0,0.9992,0.9999
525029,USDTUSD,1525812199.0,0.9992,1.0
525736,USDTUSD,1525812200.0,0.9992,0.9999
527886,USDTUSD,1525812237.0,0.9993,0.9999
525767,USDTUSD,1525812262.0,0.999,0.9999
525303,USDTUSD,1525812272.0,0.999,0.9998
525775,USDTUSD,1525812273.0,0.9991,0.9998
525776,USDTUSD,1525812274.0,0.9991,0.9993
525860,USDTUSD,1525812408.0,0.9991,1.0
525865,USDTUSD,1525812415.0,0.9991,0.9999
525925,USDTUSD,1525812523.0,0.9992,0.9999
526488,USDTUSD,1525812595.0,0.9993,0.9999
525967,USDTUSD,1525812596.0,0.9993,0.9999
526009,USDTUSD,1525812671.0,0.9994,0.9998
526973,USDTUSD,1525812738.0,0.9995,0.9998
528221,USDTUSD,1525812779.0,0.9995,0.9997
528407,USDTUSD,1525812810.0,0.9996,0.9997
526147,USDTUSD,1525812884.0,0.9996,0.9999
526168,USDTUSD,1525812920.0,0.9992,0.9999
526209,USDTUSD,1525812990.0,0.9993,0.9999
526210,USDTUSD,1525812991.0,0.9993,0.9998
524481,USDTUSD,1525813010.0,0.9992,0.9993
526229,USDTUSD,1525813026.0,0.9991,0.9993
528031,USDTUSD,1525813063.0,0.9992,0.9993
526301,USDTUSD,1525813133.0,0.9992,1.0
526303,USDTUSD,1525813135.0,0.9992,0.9999
526306,USDTUSD,1525813147.0,0.999,0.9999
526314,USDTUSD,1525813159.0,0.999,0.9992
526320,USDTUSD,1525813171.0,0.9991,0.9992
526461,USDTUSD,1525813387.0,0.999,0.9992
526462,USDTUSD,1525813388.0,0.9991,0.9992
524913,USDTUSD,1525813531.0,0.999,0.9991
526087,USDTUSD,1525813855.0,0.9991,0.9992
526781,USDTUSD,1525813917.0,0.9991,1.0007
526783,USDTUSD,1525813920.0,0.9992,1.0007
526785,USDTUSD,1525813923.0,0.9992,1.0006
526786,USDTUSD,1525813925.0,0.9992,1.0005
526788,USDTUSD,1525813927.0,0.9993,1.0005
526789,USDTUSD,1525813928.0,0.9993,1.0004
526806,USDTUSD,1525813963.0,0.9994,1.0003
526823,USDTUSD,1525814003.0,0.9995,1.0002
525880,USDTUSD,1525814035.0,0.9996,1.0002
526861,USDTUSD,1525814071.0,0.9997,1.0002
526881,USDTUSD,1525814107.0,0.9998,1.0002
528228,USDTUSD,1525814143.0,0.9999,1.0002
528503,USDTUSD,1525814179.0,1.0,1.0002
526939,USDTUSD,1525814216.0,1.0001,1.0002
527016,USDTUSD,1525814360.0,1.0002,1.0003
527153,USDTUSD,1525814611.0,1.0001,1.0003
527154,USDTUSD,1525814612.0,1.0002,1.0003
527167,USDTUSD,1525814635.0,1.0001,1.0003
527179,USDTUSD,1525814652.0,1.0002,1.0003
527393,USDTUSD,1525814976.0,1.0001,1.0003
527394,USDTUSD,1525814977.0,1.0001,1.0002
528301,USDTUSD,1525816450.0,1.0001,1.0003
524908,USDTUSD,1525816483.0,1.0002,1.0003
528395,USDTUSD,1525816596.0,1.0002,1.0003
525375,USDTUSD,1525816735.0,1.0001,1.0002
528600,USDTUSD,1525816917.0,1.0001,1.0002
528670,USDTUSD,1525817024.0,1.0002,1.0003
524443,USDTUSD,1525817312.0,1.0002,1.0003
524233,USDTUSD,1525817747.0,1.0002,1.0004
524253,USDTUSD,1525817779.0,1.0002,1.0003
524276,USDTUSD,1525817816.0,1.0002,1.0003
527798,USDTUSD,1525817960.0,1.0001,1.0002
524448,USDTUSD,1525818176.0,1.0001,1.0002
525635,USDTUSD,1525820246.0,1.0001,1.0003
525646,USDTUSD,1525820265.0,1.0002,1.0003
525725,USDTUSD,1525820376.0,1.0001,1.0002
525145,USDTUSD,1525827633.0,1.0002,1.0003
525715,USDTUSD,1525828557.0,1.0001,1.0003
525735,USDTUSD,1525828583.0,1.0001,1.0002
525766,USDTUSD,1525828645.0,1.0001,1.0003
525773,USDTUSD,1525828655.0,1.0002,1.0003
525924,USDTUSD,1525828906.0,1.0002,1.0003
526008,USDTUSD,1525829051.0,1.0001,1.0003
526030,USDTUSD,1525829087.0,1.0001,1.0002
527642,USDTUSD,1525829194.0,1.0002,1.0003
526790,USDTUSD,1525830315.0,1.0001,1.0002
526844,USDTUSD,1525830423.0,1.0002,1.0003
526899,USDTUSD,1525830532.0,1.0001,1.0002
526954,USDTUSD,1525830635.0,1.0002,1.0003
527015,USDTUSD,1525830743.0,1.0001,1.0003
527905,USDTUSD,1525830744.0,1.0002,1.0003
527156,USDTUSD,1525831000.0,1.0002,1.0003
527314,USDTUSD,1525831254.0,1.0002,1.0004
527045,USDTUSD,1525831286.0,1.0002,1.0003
527907,USDTUSD,1525832110.0,1.0001,1.0002
528798,USDTUSD,1525833592.0,0.9993,1.0
528799,USDTUSD,1525833595.0,0.9991,1.0
528371,USDTUSD,1525833598.0,0.9994,1.0
528381,USDTUSD,1525833600.0,0.9991,1.0
524558,USDTUSD,1525833601.0,0.9995,1.0
524592,USDTUSD,1525833603.0,0.9991,1.0
528808,USDTUSD,1525833604.0,0.9991,1.0
524925,USDTUSD,1525833623.0,0.9992,0.9999
525274,USDTUSD,1525833696.0,0.9993,0.9998
524037,USDTUSD,1525833768.0,0.9994,0.9998
524070,USDTUSD,1525833839.0,0.9995,0.9998
524577,USDTUSD,1525833875.0,0.9995,0.9999
524108,USDTUSD,1525833912.0,0.9996,0.9999
524130,USDTUSD,1525833952.0,0.9996,0.9998
524824,USDTUSD,1525833984.0,0.9997,0.9998
524190,USDTUSD,1525834055.0,0.9998,1.0
528474,USDTUSD,1525834091.0,0.9998,0.9999
524255,USDTUSD,1525834166.0,0.9993,0.9999
524256,USDTUSD,1525834167.0,0.9993,0.9998
524294,USDTUSD,1525834236.0,0.9994,0.9997
524307,USDTUSD,1525834260.0,0.9994,1.0
524314,USDTUSD,1525834273.0,0.9994,0.9999
526261,USDTUSD,1525834307.0,0.9995,0.9999
524349,USDTUSD,1525834344.0,0.9995,0.9998
524362,USDTUSD,1525834380.0,0.9996,0.9998
524381,USDTUSD,1525834415.0,0.9996,0.9997
524419,USDTUSD,1525834490.0,0.9993,0.9997
524421,USDTUSD,1525834495.0,0.9993,1.0
526793,USDTUSD,1525834525.0,0.9993,0.9999
527038,USDTUSD,1525834559.0,0.9994,0.9999
524466,USDTUSD,1525834596.0,0.9995,0.9999
524482,USDTUSD,1525834631.0,0.9995,0.9998
524496,USDTUSD,1525834659.0,0.9995,0.9999
524498,USDTUSD,1525834665.0,0.999,0.9999
524499,USDTUSD,1525834668.0,0.9991,0.9999
524506,USDTUSD,1525834679.0,0.9991,0.9998
524533,USDTUSD,1525834739.0,0.9992,0.9997
524572,USDTUSD,1525834811.0,0.9993,0.9996
524613,USDTUSD,1525834884.0,0.9994,0.9996
524660,USDTUSD,1525834957.0,0.9995,0.9996
524704,USDTUSD,1525835033.0,0.9995,1.0
528698,USDTUSD,1525835047.0,0.9996,1.0
525546,USDTUSD,1525835063.0,0.9996,0.9999
524740,USDTUSD,1525835099.0,0.9997,0.9999
524780,USDTUSD,1525835176.0,0.9998,0.9999
524853,USDTUSD,1525835320.0,0.9996,0.9999
524854,USDTUSD,1525835321.0,0.9997,0.9999
524879,USDTUSD,1525835362.0,0.999,0.9991
524881,USDTUSD,1525835365.0,0.999,0.9999
524894,USDTUSD,1525835388.0,0.9991,0.9998
524932,USDTUSD,1525835460.0,0.9992,0.9998
524936,USDTUSD,1525835465.0,0.9995,0.9998
525250,USDTUSD,1525835469.0,0.9992,0.9994
524940,USDTUSD,1525835472.0,0.9992,0.9998
524941,USDTUSD,1525835473.0,0.9992,0.9997
524943,USDTUSD,1525835475.0,0.9992,0.9998
525479,USDTUSD,1525835532.0,0.9993,0.9997
525015,USDTUSD,1525835603.0,0.9994,0.9996
525054,USDTUSD,1525835676.0,0.9995,0.9999
524626,USDTUSD,1525835748.0,0.9996,0.9998
525141,USDTUSD,1525835820.0,0.9997,0.9998
525164,USDTUSD,1525835856.0,0.9997,0.9999
525191,USDTUSD,1525835892.0,0.9998,0.9999
527021,USDTUSD,1525835963.0,0.9998,1.0
528090,USDTUSD,1525835964.0,0.9998,0.9999
527145,USDTUSD,1525836001.0,0.9991,0.9999
527279,USDTUSD,1525836037.0,0.9991,0.9998
525307,USDTUSD,1525836072.0,0.9992,0.9998
526127,USDTUSD,1525836144.0,0.9993,0.9998
525395,USDTUSD,1525836223.0,0.9994,0.9997
525435,USDTUSD,1525836288.0,0.9995,0.9997
528359,USDTUSD,1525836326.0,0.9995,0.9996
524462,USDTUSD,1525836435.0,0.9992,0.9996
525521,USDTUSD,1525836436.0,0.9992,0.9999
525539,USDTUSD,1525836468.0,0.9992,0.9998
525560,USDTUSD,1525836504.0,0.9993,0.9998
524288,USDTUSD,1525836541.0,0.9993,0.9997
525605,USDTUSD,1525836576.0,0.9994,0.9997
524529,USDTUSD,1525836626.0,0.9994,0.9996
525633,USDTUSD,1525836627.0,0.9994,0.9995
525671,USDTUSD,1525836685.0,0.9991,0.9994
525693,USDTUSD,1525836720.0,0.9991,0.9993
527316,USDTUSD,1525836757.0,0.9992,0.9993
528652,USDTUSD,1525836828.0,0.9992,0.9993
525783,USDTUSD,1525836864.0,0.9991,0.9993
524989,USDTUSD,1525836900.0,0.9991,0.9993
525834,USDTUSD,1525836936.0,0.9992,0.9993
525854,USDTUSD,1525836972.0,0.9992,0.9994
525877,USDTUSD,1525837012.0,0.9993,0.9994
525933,USDTUSD,1525837116.0,0.999,0.9997
525955,USDTUSD,1525837152.0,0.9991,0.9997
525978,USDTUSD,1525837188.0,0.9991,0.9996
526947,USDTUSD,1525837225.0,0.9992,0.9996
526929,USDTUSD,1525837300.0,0.9993,0.9998
527151,USDTUSD,1525837368.0,0.9994,0.9998
526111,USDTUSD,1525837404.0,0.9994,0.9999
527429,USDTUSD,1525837439.0,0.9995,0.9998
526174,USDTUSD,1525837511.0,0.9995,0.9997
527705,USDTUSD,1525837512.0,0.9996,0.9997
526204,USDTUSD,1525837561.0,0.999,0.9997
527528,USDTUSD,1525837586.0,0.9991,0.9996
526223,USDTUSD,1525837589.0,0.9991,0.9995
526265,USDTUSD,1525837656.0,0.9992,0.9995
527400,USDTUSD,1525837692.0,0.9992,0.9994
526296,USDTUSD,1525837703.0,0.999,0.9994
528513,USDTUSD,1525837729.0,0.9991,0.9994
526315,USDTUSD,1525837737.0,0.9991,0.9992
524230,USDTUSD,1525837890.0,0.999,0.9992
526434,USDTUSD,1525837913.0,0.9991,0.9992
526495,USDTUSD,1525838016.0,0.999,0.9992
526516,USDTUSD,1525838052.0,0.9991,0.9992
528002,USDTUSD,1525838418.0,0.9991,0.9992
526813,USDTUSD,1525838556.0,0.9991,0.9992
526964,USDTUSD,1525838845.0,0.9991,0.9992
527252,USDTUSD,1525839349.0,0.999,0.9991
524865,USDTUSD,1525839457.0,0.999,0.9992
527322,USDTUSD,1525839458.0,0.9991,0.9992
527425,USDTUSD,1525839605.0,0.999,0.9991
527537,USDTUSD,1525839785.0,0.9991,0.9992
524906,USDTUSD,1525839896.0,0.999,0.9992
527631,USDTUSD,1525839925.0,0.9991,0.9992
527697,USDTUSD,1525840033.0,0.9991,0.9992
527920,USDTUSD,1525840429.0,0.9991,0.9992
528839,USDTUSD,1525840542.0,0.999,0.9991
528083,USDTUSD,1525840686.0,0.999,0.9991
528153,USDTUSD,1525840790.0,0.999,0.9992
527004,USDTUSD,1525840831.0,0.9991,0.9992
528242,USDTUSD,1525840934.0,0.999,0.9992
528269,USDTUSD,1525840974.0,0.9991,0.9992
525785,USDTUSD,1525841078.0,0.999,0.9992
525930,USDTUSD,1525841118.0,0.999,0.9991
528519,USDTUSD,1525841364.0,0.999,0.9991
528589,USDTUSD,1525841473.0,0.999,0.9991
528605,USDTUSD,1525841503.0,0.9991,0.9992
528666,USDTUSD,1525841596.0,0.9991,1.0
528672,USDTUSD,1525841603.0,0.9993,1.0
528683,USDTUSD,1525841617.0,0.9993,0.9999
527295,USDTUSD,1525841657.0,0.9994,0.9999
528731,USDTUSD,1525841694.0,0.9994,0.9998
528753,USDTUSD,1525841725.0,0.9995,0.9998
528810,USDTUSD,1525841798.0,0.9995,0.9997
528811,USDTUSD,1525841799.0,0.9996,0.9997
528860,USDTUSD,1525841871.0,0.9996,0.9998
528770,USDTUSD,1525841891.0,1.0,1.0001
526989,USDTUSD,1525848195.0,0.9992,0.9993
527680,USDTUSD,1525848200.0,0.9992,1.0
527681,USDTUSD,1525848201.0,0.9992,0.9999
525467,USDTUSD,1525848202.0,0.9992,0.9998
526876,USDTUSD,1525848206.0,0.9992,0.9999
526883,USDTUSD,1525848208.0,0.9993,0.9998
527125,USDTUSD,1525848283.0,0.9994,0.9998
524888,USDTUSD,1525848351.0,0.9995,0.9998
526193,USDTUSD,1525848423.0,0.9996,0.9998
527855,USDTUSD,1525848495.0,0.9997,0.9998
528316,USDTUSD,1525848602.0,0.9997,0.9998
525308,USDTUSD,1525848603.0,0.9993,0.9998
528041,USDTUSD,1525848675.0,0.9994,0.9998
528688,USDTUSD,1525848697.0,0.9991,0.9998
527973,USDTUSD,1525848699.0,0.9991,0.9994
527983,USDTUSD,1525848712.0,0.9992,0.9994
528011,USDTUSD,1525848750.0,0.9992,0.9993
528437,USDTUSD,1525848819.0,0.9991,0.9992
528207,USDTUSD,1525849071.0,0.9991,0.9993
528226,USDTUSD,1525849106.0,0.9992,0.9993
524150,USDTUSD,1525849396.0,0.9993,0.9994
527211,USDTUSD,1525849539.0,0.9993,0.9994
528669,USDTUSD,1525849791.0,0.9992,0.9993
526379,USDTUSD,1525849899.0,0.9992,0.9993
528491,USDTUSD,1525850013.0,0.9992,0.9993
524042,USDTUSD,1525850120.0,0.9991,0.9992
524369,USDTUSD,1525850223.0,0.9991,0.9994
524090,USDTUSD,1525850264.0,0.9992,0.9993
528842,USDTUSD,1525850474.0,0.9991,0.9993
528824,USDTUSD,1525850475.0,0.9991,0.9994
524231,USDTUSD,1525850511.0,0.9992,0.9993
524772,USDTUSD,1525850799.0,0.9992,0.9994
524398,USDTUSD,1525850839.0,0.9991,0.9993
524399,USDTUSD,1525850840.0,0.9992,0.9993
524465,USDTUSD,1525850979.0,0.9992,0.9993
524520,USDTUSD,1525851088.0,0.9992,0.9993
524110,USDTUSD,1525851303.0,0.9992,0.9994
524633,USDTUSD,1525851304.0,0.9993,0.9994
524639,USDTUSD,1525851314.0,0.9991,0.9994
524644,USDTUSD,1525851322.0,0.9991,0.9993
524658,USDTUSD,1525851339.0,0.9992,0.9993
524723,USDTUSD,1525851448.0,0.9992,0.9993
524849,USDTUSD,1525851699.0,0.9991,0.9993
524850,USDTUSD,1525851700.0,0.9992,0.9993
524914,USDTUSD,1525851812.0,0.9991,0.9992
528482,USDTUSD,1525852095.0,0.9991,0.9993
525096,USDTUSD,1525852132.0,0.9991,0.9992
525167,USDTUSD,1525852244.0,0.9992,0.9993
527507,USDTUSD,1525852315.0,0.9991,0.9993
525220,USDTUSD,1525852316.0,0.9991,0.9992
527271,USDTUSD,1525852419.0,0.9992,0.9993
525341,USDTUSD,1525852516.0,0.9992,0.9999
525348,USDTUSD,1525852524.0,0.9994,0.9999
524047,USDTUSD,1525852528.0,0.9995,0.9998
525389,USDTUSD,1525852590.0,0.9994,0.9998
525391,USDTUSD,1525852599.0,0.9995,0.9998
525392,USDTUSD,1525852600.0,0.9995,0.9997
525397,USDTUSD,1525852610.0,0.9991,0.9995
525412,USDTUSD,1525852636.0,0.9992,0.9994
525428,USDTUSD,1525852659.0,0.9991,0.9994
525434,USDTUSD,1525852671.0,0.9992,0.9994
525441,USDTUSD,1525852685.0,0.9991,0.9994
525456,USDTUSD,1525852708.0,0.9992,0.9993
525460,USDTUSD,1525852713.0,0.9991,0.9993
525478,USDTUSD,1525852744.0,0.9992,0.9993
525490,USDTUSD,1525852763.0,0.9991,0.9993
525496,USDTUSD,1525852779.0,0.9991,0.9992
524917,USDTUSD,1525852923.0,0.9991,0.9992
525645,USDTUSD,1525853032.0,0.9992,0.9993
525951,USDTUSD,1525853320.0,0.9992,0.9994
525617,USDTUSD,1525853321.0,0.9992,0.9993
525896,USDTUSD,1525853428.0,0.9992,0.9993
525836,USDTUSD,1525853536.0,0.9992,0.9994
525956,USDTUSD,1525853537.0,0.9992,0.9993
526882,USDTUSD,1525853644.0,0.9992,0.9993
526199,USDTUSD,1525853932.0,0.9991,0.9993
526201,USDTUSD,1525853934.0,0.9992,0.9993
526251,USDTUSD,1525854018.0,0.9992,1.0
528775,USDTUSD,1525854019.0,0.9993,1.0
526253,USDTUSD,1525854020.0,0.9993,0.9999
526260,USDTUSD,1525854030.0,0.9994,0.9999
528239,USDTUSD,1525854043.0,0.9994,0.9998
526291,USDTUSD,1525854076.0,0.9995,0.9998
526328,USDTUSD,1525854148.0,0.9996,0.9997
528681,USDTUSD,1525854157.0,0.9996,0.9999
526354,USDTUSD,1525854185.0,0.9996,0.9998
526365,USDTUSD,1525854203.0,0.9996,0.9999
524050,USDTUSD,1525854220.0,0.9996,0.9998
526374,USDTUSD,1525854221.0,0.9997,0.9998
526378,USDTUSD,1525854228.0,0.9997,0.9999
526381,USDTUSD,1525854232.0,0.9997,1.0
524092,USDTUSD,1525854234.0,0.9997,0.9998
526394,USDTUSD,1525854249.0,0.9997,0.9999
524165,USDTUSD,1525854256.0,0.9998,0.9999
526696,USDTUSD,1525854728.0,0.9998,0.9999
526289,USDTUSD,1525854868.0,0.9999,1.0
526826,USDTUSD,1525854976.0,0.9999,1.0
526967,USDTUSD,1525855233.0,0.9999,1.0
527876,USDTUSD,1525855336.0,0.9998,0.9999
528593,USDTUSD,1525855500.0,0.9998,1.0
527112,USDTUSD,1525855502.0,0.9998,0.9999
527165,USDTUSD,1525855590.0,0.9998,1.0
524182,USDTUSD,1525855626.0,0.9999,1.0
527307,USDTUSD,1525855820.0,0.9998,1.0
524827,USDTUSD,1525855830.0,0.9998,0.9999
527315,USDTUSD,1525855831.0,0.9998,0.9999
527317,USDTUSD,1525855836.0,0.9998,1.0
524590,USDTUSD,1525855838.0,0.9998,0.9999
527319,USDTUSD,1525855839.0,0.9998,1.0
527320,USDTUSD,1525855840.0,0.9999,1.0
527342,USDTUSD,1525855868.0,0.9994,1.0
527351,USDTUSD,1525855881.0,0.9992,0.9999
527352,USDTUSD,1525855882.0,0.9995,1.0
525010,USDTUSD,1525855884.0,0.9995,0.9999
527357,USDTUSD,1525855887.0,0.9991,0.9999
528052,USDTUSD,1525855891.0,0.9993,0.9999
527360,USDTUSD,1525855892.0,0.9993,0.9998
527365,USDTUSD,1525855897.0,0.9991,0.9992
527367,USDTUSD,1525855900.0,0.9991,0.9998
527368,USDTUSD,1525855903.0,0.999,0.9998
527369,USDTUSD,1525855904.0,0.999,0.9997
528349,USDTUSD,1525855907.0,0.999,0.9996
526052,USDTUSD,1525855909.0,0.999,0.9995
527375,USDTUSD,1525855911.0,0.999,0.9994
527376,USDTUSD,1525855912.0,0.9991,0.9993
527403,USDTUSD,1525855949.0,0.9991,0.9992
525254,USDTUSD,1525855950.0,0.9991,0.9993
527407,USDTUSD,1525855953.0,0.9991,0.9994
527408,USDTUSD,1525855954.0,0.9991,0.9992
527415,USDTUSD,1525855972.0,0.9991,0.9994
525380,USDTUSD,1525855984.0,0.9992,0.9993
527422,USDTUSD,1525855986.0,0.999,0.9994
527427,USDTUSD,1525855991.0,0.9992,0.9994
527430,USDTUSD,1525855997.0,0.999,0.9994
527447,USDTUSD,1525856020.0,0.9991,0.9993
525507,USDTUSD,1525856021.0,0.9991,0.9994
527450,USDTUSD,1525856024.0,0.999,0.9994
525555,USDTUSD,1525856034.0,0.999,0.9993
527464,USDTUSD,1525856050.0,0.999,0.9994
526102,USDTUSD,1525856056.0,0.999,0.9993
525636,USDTUSD,1525856057.0,0.9991,0.9993
524347,USDTUSD,1525856058.0,0.9991,0.9994
527473,USDTUSD,1525856060.0,0.999,0.9994
526847,USDTUSD,1525856097.0,0.9991,0.9993
525791,USDTUSD,1525856098.0,0.999,0.9993
527498,USDTUSD,1525856099.0,0.999,0.9994
526139,USDTUSD,1525856106.0,0.999,0.9993
527508,USDTUSD,1525856121.0,0.999,0.9994
527509,USDTUSD,1525856122.0,0.999,0.9992
527510,USDTUSD,1525856124.0,0.999,0.9992
525892,USDTUSD,1525856125.0,0.999,0.9994
527514,USDTUSD,1525856128.0,0.999,0.9993
525911,USDTUSD,1525856130.0,0.9991,0.9993
527519,USDTUSD,1525856133.0,0.999,0.9994
527535,USDTUSD,1525856166.0,0.9991,0.9993
526046,USDTUSD,1525856169.0,0.999,0.9993
527538,USDTUSD,1525856170.0,0.999,0.9994
527540,USDTUSD,1525856172.0,0.999,0.9995
527541,USDTUSD,1525856174.0,0.999,0.9993
527551,USDTUSD,1525856190.0,0.999,0.9994
527552,USDTUSD,1525856192.0,0.999,0.9992
527554,USDTUSD,1525856194.0,0.999,0.9994
526149,USDTUSD,1525856196.0,0.999,0.9994
528748,USDTUSD,1525856200.0,0.9991,0.9993
527561,USDTUSD,1525856202.0,0.999,0.9993
527564,USDTUSD,1525856205.0,0.999,0.9994
527586,USDTUSD,1525856236.0,0.9991,0.9993
527590,USDTUSD,1525856240.0,0.999,0.9993
525377,USDTUSD,1525856241.0,0.999,0.9994
526345,USDTUSD,1525856250.0,0.999,0.9995
525135,USDTUSD,1525856251.0,0.999,0.9994
527611,USDTUSD,1525856273.0,0.9991,0.9993
527612,USDTUSD,1525856274.0,0.9991,0.9994
527617,USDTUSD,1525856280.0,0.999,0.9994
525763,USDTUSD,1525856310.0,0.9991,0.9993
527638,USDTUSD,1525856321.0,0.9991,0.9994
526407,USDTUSD,1525856345.0,0.9991,0.9993
527657,USDTUSD,1525856358.0,0.9991,0.9994
527658,USDTUSD,1525856360.0,0.9991,0.9995
527549,USDTUSD,1525856362.0,0.9991,0.9994
527670,USDTUSD,1525856378.0,0.9991,0.9995
527671,USDTUSD,1525856379.0,0.9991,0.9993
527673,USDTUSD,1525856381.0,0.9992,0.9995
525120,USDTUSD,1525856395.0,0.9993,0.9997
527685,USDTUSD,1525856400.0,0.9993,0.9998
527686,USDTUSD,1525856403.0,0.9993,0.9999
527688,USDTUSD,1525856406.0,0.9993,0.9998
527690,USDTUSD,1525856408.0,0.9993,0.9997
526938,USDTUSD,1525856417.0,0.9994,0.9997
526959,USDTUSD,1525856425.0,0.9994,0.9996
528616,USDTUSD,1525856428.0,0.9994,0.9995
527720,USDTUSD,1525856457.0,0.9994,0.9999
527728,USDTUSD,1525856471.0,0.9995,0.9999
527733,USDTUSD,1525856480.0,0.9995,0.9998
527734,USDTUSD,1525856481.0,0.9995,0.9997
527740,USDTUSD,1525856489.0,0.9995,0.9996
527741,USDTUSD,1525856491.0,0.9995,0.9997
527746,USDTUSD,1525856498.0,0.9995,0.9996
524703,USDTUSD,1525856523.0,0.9995,0.9999
527313,USDTUSD,1525856526.0,0.9996,0.9999
527780,USDTUSD,1525856554.0,0.9996,0.9998
527782,USDTUSD,1525856558.0,0.9996,0.9997
527786,USDTUSD,1525856562.0,0.9999,1.0
528003,USDTUSD,1525859980.0,0.9997,0.9999
524915,USDTUSD,1525860009.0,0.9997,1.0
524922,USDTUSD,1525860017.0,0.9998,0.9999
524926,USDTUSD,1525860023.0,0.9996,0.9999
524945,USDTUSD,1525860054.0,0.9997,0.9999
525540,USDTUSD,1525860126.0,0.9997,1.0
525730,USDTUSD,1525860127.0,0.9998,1.0
525547,USDTUSD,1525860128.0,0.9998,0.9999
525044,USDTUSD,1525860239.0,0.9997,0.9999
525086,USDTUSD,1525860305.0,0.9997,0.9998
526610,USDTUSD,1525860413.0,0.9997,0.9999
525178,USDTUSD,1525860450.0,0.9998,0.9999
527080,USDTUSD,1525860557.0,0.9997,0.9999
527223,USDTUSD,1525860598.0,0.9997,0.9998
527765,USDTUSD,1525860738.0,0.9997,0.9999
525399,USDTUSD,1525860809.0,0.9998,0.9999
528559,USDTUSD,1525860918.0,0.9997,0.9999
525510,USDTUSD,1525860994.0,0.9998,0.9999
525531,USDTUSD,1525861030.0,0.9998,0.9999
525592,USDTUSD,1525861133.0,0.9997,0.9998
525638,USDTUSD,1525861210.0,0.9997,0.9998
525705,USDTUSD,1525861313.0,0.9996,0.9997
528818,USDTUSD,1525861386.0,0.9997,0.9998
525795,USDTUSD,1525861457.0,0.9998,0.9999
525939,USDTUSD,1525861601.0,0.9997,0.9999
525887,USDTUSD,1525861602.0,0.9997,0.9998
528421,USDTUSD,1525861639.0,0.9997,0.9998
525965,USDTUSD,1525861746.0,0.9998,0.9999
526073,USDTUSD,1525861926.0,0.9996,0.9998
526098,USDTUSD,1525861962.0,0.9997,0.9998
526124,USDTUSD,1525861998.0,0.9997,0.9999
526146,USDTUSD,1525862034.0,0.9998,0.9999
526188,USDTUSD,1525862106.0,0.9999,1.0
526254,USDTUSD,1525862213.0,0.9997,1.0
526280,USDTUSD,1525862251.0,0.9997,0.9999
525501,USDTUSD,1525862286.0,0.9998,0.9999
526342,USDTUSD,1525862358.0,0.9998,1.0
528867,USDTUSD,1525862393.0,0.9997,0.9999
526419,USDTUSD,1525862471.0,0.9997,0.9998
526486,USDTUSD,1525862576.0,0.9997,0.9999
526527,USDTUSD,1525862651.0,0.9997,0.9998
526600,USDTUSD,1525862755.0,0.9998,1.0
526625,USDTUSD,1525862791.0,0.9998,0.9999
526669,USDTUSD,1525862863.0,0.9997,0.9999
526706,USDTUSD,1525862935.0,0.9998,0.9999
524833,USDTUSD,1525863078.0,0.9997,0.9998
526821,USDTUSD,1525863150.0,0.9997,0.9999
526760,USDTUSD,1525863187.0,0.9998,0.9999
526896,USDTUSD,1525863295.0,0.9996,0.9999
526915,USDTUSD,1525863330.0,0.9997,0.9999
526937,USDTUSD,1525863366.0,0.9997,0.9999
526953,USDTUSD,1525863402.0,0.9998,0.9999
526991,USDTUSD,1525863465.0,0.9998,1.0
526997,USDTUSD,1525863478.0,0.9998,0.9999
527018,USDTUSD,1525863514.0,0.9997,0.9999
527057,USDTUSD,1525863586.0,0.9998,0.9999
527058,USDTUSD,1525863587.0,0.9998,1.0
527075,USDTUSD,1525863618.0,0.9998,0.9999
527113,USDTUSD,1525863695.0,0.9996,0.9999
527114,USDTUSD,1525863696.0,0.9996,0.9998
527129,USDTUSD,1525863727.0,0.9997,0.9998
527174,USDTUSD,1525863798.0,0.9998,0.9999
527241,USDTUSD,1525863907.0,0.9997,0.9999
524573,USDTUSD,1525863946.0,0.9997,0.9999
527289,USDTUSD,1525863978.0,0.9998,0.9999
527334,USDTUSD,1525864050.0,0.9998,1.0
527362,USDTUSD,1525864086.0,0.9996,0.9999
527363,USDTUSD,1525864087.0,0.9997,0.9999
527111,USDTUSD,1525864159.0,0.9998,0.9999
525726,USDTUSD,1525864271.0,0.9997,0.9998
527548,USDTUSD,1525864375.0,0.9996,0.9998
527575,USDTUSD,1525864415.0,0.9997,0.9998
527641,USDTUSD,1525864518.0,0.9998,0.9999
528339,USDTUSD,1525864554.0,0.9998,0.9999
527679,USDTUSD,1525864583.0,0.9996,0.9999
526865,USDTUSD,1525864586.0,0.9996,0.9998
527707,USDTUSD,1525864627.0,0.9997,0.9998
527792,USDTUSD,1525864842.0,0.9996,0.9997
528638,USDTUSD,1525864939.0,0.9992,0.9997
526029,USDTUSD,1525864952.0,0.9993,0.9997
527934,USDTUSD,1525865023.0,0.9994,0.9996
527985,USDTUSD,1525865098.0,0.9995,0.9996
528008,USDTUSD,1525865130.0,0.9995,0.9997
524126,USDTUSD,1525865166.0,0.9996,0.9997
528116,USDTUSD,1525865312.0,0.9993,0.9997
528137,USDTUSD,1525865346.0,0.9993,0.9997
524927,USDTUSD,1525865418.0,0.9993,0.9996
528227,USDTUSD,1525865491.0,0.9994,0.9995
528276,USDTUSD,1525865562.0,0.9994,0.9997
525454,USDTUSD,1525865603.0,0.9992,0.9997
527280,USDTUSD,1525865670.0,0.9993,0.9997
528364,USDTUSD,1525865707.0,0.9993,0.9996
528365,USDTUSD,1525865709.0,0.9994,0.9996
528392,USDTUSD,1525865745.0,0.9995,0.9996
528478,USDTUSD,1525865887.0,0.9993,0.9996
528532,USDTUSD,1525865964.0,0.9994,0.9995
527246,USDTUSD,1525866066.0,0.9994,0.9996
528623,USDTUSD,1525866107.0,0.9992,0.9996
526672,USDTUSD,1525866179.0,0.9993,0.9997
528716,USDTUSD,1525866247.0,0.9994,0.9996
528766,USDTUSD,1525866319.0,0.9995,0.9996
528821,USDTUSD,1525866390.0,0.9995,0.9997
528822,USDTUSD,1525866391.0,0.9996,0.9997
528603,USDTUSD,1525866426.0,0.9996,0.9998
528844,USDTUSD,1525866427.0,0.9996,0.9997
528845,USDTUSD,1525866428.0,0.9991,0.9997
528874,USDTUSD,1525866465.0,0.9992,0.9997
527594,USDTUSD,1525866504.0,0.9992,0.9996
524035,USDTUSD,1525866534.0,0.9993,0.9996
524055,USDTUSD,1525866576.0,0.9993,0.9995
524071,USDTUSD,1525866611.0,0.9994,0.9995
524129,USDTUSD,1525866719.0,0.9992,0.9996
524146,USDTUSD,1525866751.0,0.9993,0.9996
524167,USDTUSD,1525866788.0,0.9993,0.9995
524191,USDTUSD,1525866826.0,0.9994,0.9995
524257,USDTUSD,1525866936.0,0.9994,0.9996
524258,USDTUSD,1525866937.0,0.9992,0.9996
524275,USDTUSD,1525866967.0,0.9993,0.9996
524293,USDTUSD,1525867003.0,0.9993,0.9995
527386,USDTUSD,1525867039.0,0.9994,0.9995
524324,USDTUSD,1525867056.0,0.9994,1.0
525927,USDTUSD,1525867058.0,0.9995,1.0
524327,USDTUSD,1525867059.0,0.9996,1.0
528050,USDTUSD,1525867075.0,0.9997,1.0
524361,USDTUSD,1525867147.0,0.9998,0.9999
524385,USDTUSD,1525867195.0,0.9998,1.0
524387,USDTUSD,1525867199.0,0.9999,1.0
524390,USDTUSD,1525867203.0,0.9998,1.0
524396,USDTUSD,1525867220.0,0.9999,1.0
526596,USDTUSD,1525867237.0,1.0,1.0001
525573,USDTUSD,1525869294.0,0.9997,1.0001
525574,USDTUSD,1525869297.0,0.9996,1.0001
525575,USDTUSD,1525869298.0,0.9998,1.0001
524093,USDTUSD,1525869307.0,0.9999,1.0
525624,USDTUSD,1525869379.0,0.9999,1.0
524837,USDTUSD,1525869487.0,0.9998,0.9999
525821,USDTUSD,1525869682.0,0.9997,1.0
525881,USDTUSD,1525869787.0,0.9998,0.9999
525891,USDTUSD,1525869805.0,0.9998,1.0
525895,USDTUSD,1525869811.0,0.9998,0.9999
526274,USDTUSD,1525869883.0,0.9999,1.0
526553,USDTUSD,1525869957.0,0.9998,0.9999
526044,USDTUSD,1525870068.0,0.9998,1.0
526045,USDTUSD,1525870069.0,0.9999,1.0
525452,USDTUSD,1525870172.0,0.9997,0.9999
526136,USDTUSD,1525870208.0,0.9998,0.9999
528109,USDTUSD,1525870280.0,0.9998,0.9999
527834,USDTUSD,1525870316.0,0.9997,0.9999
526200,USDTUSD,1525870317.0,0.9998,0.9999
528222,USDTUSD,1525870423.0,0.9998,0.9999
526536,USDTUSD,1525870856.0,0.9998,0.9999
525095,USDTUSD,1525870928.0,0.9998,0.9999
528545,USDTUSD,1525870963.0,0.9997,0.9999
525238,USDTUSD,1525870964.0,0.9998,0.9999
526662,USDTUSD,1525871040.0,0.9998,1.0
526663,USDTUSD,1525871041.0,0.9998,0.9999
526735,USDTUSD,1525871179.0,0.9997,0.9999
526761,USDTUSD,1525871220.0,0.9998,0.9999
528837,USDTUSD,1525871324.0,0.9997,0.9999
528548,USDTUSD,1525871360.0,0.9997,0.9998
527003,USDTUSD,1525871684.0,0.9997,0.9998
527014,USDTUSD,1525871702.0,0.9997,0.9999
527024,USDTUSD,1525871720.0,0.9997,0.9998
527250,USDTUSD,1525872115.0,0.9997,0.9998
527253,USDTUSD,1525872118.0,0.999,0.9998
527255,USDTUSD,1525872120.0,0.999,0.9996
527276,USDTUSD,1525872152.0,0.9991,0.9995
527428,USDTUSD,1525872224.0,0.9991,0.9994
527321,USDTUSD,1525872225.0,0.9992,0.9994
527874,USDTUSD,1525872296.0,0.9992,0.9993
527402,USDTUSD,1525872332.0,0.9991,0.9993
527424,USDTUSD,1525872372.0,0.9991,0.9993
527446,USDTUSD,1525872403.0,0.9992,0.9993
527124,USDTUSD,1525872481.0,0.9992,0.9993
525902,USDTUSD,1525872511.0,0.999,0.9993
527515,USDTUSD,1525872513.0,0.9991,0.9993
527559,USDTUSD,1525872584.0,0.9992,0.9996
527587,USDTUSD,1525872621.0,0.9992,0.9995
527610,USDTUSD,1525872656.0,0.9993,0.9995
527634,USDTUSD,1525872696.0,0.9993,0.9994
527696,USDTUSD,1525872800.0,0.9992,0.9994
528007,USDTUSD,1525872801.0,0.9992,0.9993
527743,USDTUSD,1525872877.0,0.9993,0.9995
527788,USDTUSD,1525872948.0,0.9994,0.9995
527797,USDTUSD,1525872967.0,0.9994,0.9999
527555,USDTUSD,1525872971.0,0.9995,0.9999
528167,USDTUSD,1525872985.0,0.9996,0.9998
524432,USDTUSD,1525873053.0,0.9997,0.9998
527903,USDTUSD,1525873165.0,0.9996,0.9997
527968,USDTUSD,1525873268.0,0.9995,0.9999
528817,USDTUSD,1525873304.0,0.9995,0.9998
527225,USDTUSD,1525873305.0,0.9996,0.9998
528039,USDTUSD,1525873377.0,0.9997,0.9998
524519,USDTUSD,1525873485.0,0.9996,0.9998
528456,USDTUSD,1525873557.0,0.9997,0.9998
528219,USDTUSD,1525873669.0,0.9995,0.9997
527008,USDTUSD,1525873705.0,0.9996,0.9997
525292,USDTUSD,1525873742.0,0.9996,0.9998
528288,USDTUSD,1525873776.0,0.9997,0.9998
525915,USDTUSD,1525873881.0,0.9995,0.9998
528455,USDTUSD,1525873916.0,0.9996,0.9998
528406,USDTUSD,1525873953.0,0.9996,0.9997
526581,USDTUSD,1525874060.0,0.9996,0.9998
528498,USDTUSD,1525874102.0,0.9997,0.9998
527079,USDTUSD,1525874210.0,0.9995,0.9998
526160,USDTUSD,1525874241.0,0.9996,0.9998
525738,USDTUSD,1525874312.0,0.9997,0.9998
526150,USDTUSD,1525874350.0,0.9997,0.9998
528704,USDTUSD,1525874420.0,0.9996,0.9997
528809,USDTUSD,1525874565.0,0.9996,0.9998
526020,USDTUSD,1525874601.0,0.9996,0.9998
528854,USDTUSD,1525874633.0,0.9996,0.9999
528862,USDTUSD,1525874641.0,0.9996,0.9998
528888,USDTUSD,1525874677.0,0.9997,0.9998
524319,USDTUSD,1525874780.0,0.9997,0.9999
524061,USDTUSD,1525874781.0,0.9995,0.9998
524078,USDTUSD,1525874818.0,0.9996,0.9998
524538,USDTUSD,1525874858.0,0.9996,0.9997
524159,USDTUSD,1525874965.0,0.9997,0.9999
525008,USDTUSD,1525874998.0,0.9997,0.9998
524220,USDTUSD,1525875069.0,0.9995,0.9998
524241,USDTUSD,1525875105.0,0.9996,0.9997
524286,USDTUSD,1525875178.0,0.9996,0.9998
524339,USDTUSD,1525875285.0,0.9996,0.9997
524473,USDTUSD,1525875573.0,0.9995,0.9997
524489,USDTUSD,1525875608.0,0.9996,0.9997
524583,USDTUSD,1525875789.0,0.9995,0.9999
524584,USDTUSD,1525875790.0,0.9996,0.9998
524621,USDTUSD,1525875860.0,0.9996,0.9997
524694,USDTUSD,1525875973.0,0.9996,0.9998
524732,USDTUSD,1525876041.0,0.9997,0.9998
524749,USDTUSD,1525876078.0,0.9997,0.9999
524766,USDTUSD,1525876113.0,0.9997,0.9998
524332,USDTUSD,1525876149.0,0.9996,0.9998
524805,USDTUSD,1525876186.0,0.9996,0.9997
524773,USDTUSD,1525876293.0,0.9996,0.9998
524890,USDTUSD,1525876329.0,0.9997,0.9998
524939,USDTUSD,1525876429.0,0.9995,0.9998
524944,USDTUSD,1525876437.0,0.9996,0.9998
524950,USDTUSD,1525876445.0,0.9996,0.9997
525004,USDTUSD,1525876545.0,0.9996,0.9997
525138,USDTUSD,1525876775.0,0.9996,0.9999
525144,USDTUSD,1525876784.0,0.9996,0.9999
526557,USDTUSD,1525876785.0,0.9997,0.9999
526605,USDTUSD,1525876796.0,0.9997,0.9998
524310,USDTUSD,1525877229.0,0.9998,0.9999
525593,USDTUSD,1525877518.0,0.9998,0.9999
525656,USDTUSD,1525877625.0,0.9998,0.9999
525019,USDTUSD,1525877733.0,0.9997,0.9998
527759,USDTUSD,1525878023.0,0.9997,0.9999
525929,USDTUSD,1525878063.0,0.9997,0.9998
525988,USDTUSD,1525878166.0,0.9997,0.9999
526006,USDTUSD,1525878201.0,0.9998,0.9999
526302,USDTUSD,1525878670.0,0.9997,0.9998
526363,USDTUSD,1525878777.0,0.9997,0.9998
528254,USDTUSD,1525879030.0,0.9998,0.9999
525162,USDTUSD,1525879138.0,0.9997,0.9998
525556,USDTUSD,1525879245.0,0.9998,0.9999
525953,USDTUSD,1525879354.0,0.9998,0.9999
526840,USDTUSD,1525879570.0,0.9998,0.9999
524433,USDTUSD,1525879786.0,0.9997,0.9999
526974,USDTUSD,1525879822.0,0.9997,0.9998
526978,USDTUSD,1525879827.0,0.9995,0.9998
526980,USDTUSD,1525879831.0,0.999,0.9998
527711,USDTUSD,1525879839.0,0.999,0.9996
526995,USDTUSD,1525879857.0,0.9991,0.9995
528033,USDTUSD,1525879929.0,0.9991,0.9994
527034,USDTUSD,1525879931.0,0.9992,0.9994
528308,USDTUSD,1525880002.0,0.9993,0.9994
528878,USDTUSD,1525880145.0,0.9992,0.9994
528303,USDTUSD,1525880182.0,0.9992,0.9993
524686,USDTUSD,1525880254.0,0.9991,0.9992
527263,USDTUSD,1525880327.0,0.9992,0.9993
524918,USDTUSD,1525880434.0,0.9993,0.9994
527388,USDTUSD,1525880506.0,0.9992,0.9994
527413,USDTUSD,1525880543.0,0.9992,0.9993
527458,USDTUSD,1525880614.0,0.9991,0.9993
527485,USDTUSD,1525880654.0,0.9991,0.9994
527486,USDTUSD,1525880655.0,0.9991,0.9992
527527,USDTUSD,1525880727.0,0.9991,0.9993
527571,USDTUSD,1525880794.0,0.9992,0.9993
527643,USDTUSD,1525880905.0,0.9991,0.9993
527660,USDTUSD,1525880938.0,0.9991,0.9992
525140,USDTUSD,1525881009.0,0.9991,0.9993
527750,USDTUSD,1525881082.0,0.9992,0.9993
527381,USDTUSD,1525881117.0,0.9992,0.9994
527775,USDTUSD,1525881118.0,0.9992,0.9993
527816,USDTUSD,1525881190.0,0.9991,0.9993
528106,USDTUSD,1525881263.0,0.9991,0.9992
527894,USDTUSD,1525881334.0,0.9991,0.9993
527912,USDTUSD,1525881371.0,0.9992,0.9993
528028,USDTUSD,1525881550.0,0.9992,0.9994
524248,USDTUSD,1525881586.0,0.9993,0.9994
524568,USDTUSD,1525881694.0,0.9991,0.9994
524537,USDTUSD,1525881695.0,0.9991,0.9993
524826,USDTUSD,1525881771.0,0.9991,0.9992
528251,USDTUSD,1525881910.0,0.9991,0.9993
528321,USDTUSD,1525882019.0,0.9992,0.9993
525849,USDTUSD,1525882054.0,0.9992,0.9994
525977,USDTUSD,1525882091.0,0.9993,0.9994
528367,USDTUSD,1525882095.0,0.999,0.9994
526105,USDTUSD,1525882126.0,0.9991,0.9994
528400,USDTUSD,1525882138.0,0.9991,0.9993
528441,USDTUSD,1525882203.0,0.9992,0.9993
528508,USDTUSD,1525882306.0,0.999,0.9992
528530,USDTUSD,1525882343.0,0.9991,0.9992
528745,USDTUSD,1525882387.0,0.9991,0.9999
528561,USDTUSD,1525882394.0,0.9991,0.9998
528571,USDTUSD,1525882406.0,0.9993,0.9998
528577,USDTUSD,1525882414.0,0.9994,0.9998
528597,USDTUSD,1525882450.0,0.9994,0.9997
527396,USDTUSD,1525882486.0,0.9995,0.9997
528642,USDTUSD,1525882522.0,0.9995,0.9996
527917,USDTUSD,1525882630.0,0.9995,0.9997
524575,USDTUSD,1525882703.0,0.9996,0.9997
528608,USDTUSD,1525882811.0,0.9994,0.9997
524024,USDTUSD,1525882883.0,0.9995,0.9997
524132,USDTUSD,1525882918.0,0.9995,0.9998
524036,USDTUSD,1525882919.0,0.9995,0.9997
524051,USDTUSD,1525882955.0,0.9996,0.9997
524089,USDTUSD,1525883031.0,0.9996,0.9997
524107,USDTUSD,1525883062.0,0.9994,0.9997
526191,USDTUSD,1525883134.0,0.9995,0.9997
524819,USDTUSD,1525883135.0,0.9995,0.9996
524212,USDTUSD,1525883247.0,0.9994,0.9996
525466,USDTUSD,1525883315.0,0.9995,0.9996
524296,USDTUSD,1525883391.0,0.9995,0.9997
524313,USDTUSD,1525883423.0,0.9994,0.9997
524334,USDTUSD,1525883459.0,0.9994,0.9996
524348,USDTUSD,1525883495.0,0.9995,0.9996
525379,USDTUSD,1525883567.0,0.9996,0.9997
524446,USDTUSD,1525883710.0,0.9995,0.9996
525012,USDTUSD,1525883820.0,0.9995,0.9997
524500,USDTUSD,1525883821.0,0.9994,0.9997
524535,USDTUSD,1525883895.0,0.9995,0.9996
524593,USDTUSD,1525883998.0,0.9993,0.9995
524612,USDTUSD,1525884035.0,0.9994,0.9995
524632,USDTUSD,1525884071.0,0.9994,0.9996
528342,USDTUSD,1525884107.0,0.9995,0.9996
524700,USDTUSD,1525884179.0,0.9995,0.9997
524739,USDTUSD,1525884250.0,0.9994,0.9996
527877,USDTUSD,1525884251.0,0.9995,0.9996
524270,USDTUSD,1525884322.0,0.9995,0.9997
524273,USDTUSD,1525884323.0,0.9995,0.9996
524797,USDTUSD,1525884358.0,0.9993,0.9996
524378,USDTUSD,1525884359.0,0.9994,0.9996
524811,USDTUSD,1525884395.0,0.9994,0.9997
524834,USDTUSD,1525884432.0,0.9995,0.9997
527501,USDTUSD,1525884503.0,0.9996,0.9997
524953,USDTUSD,1525884647.0,0.9995,0.9997
524973,USDTUSD,1525884683.0,0.9995,0.9996
525014,USDTUSD,1525884754.0,0.9993,0.9995
525742,USDTUSD,1525884755.0,0.9994,0.9995
526133,USDTUSD,1525884863.0,0.9994,0.9997
525121,USDTUSD,1525884938.0,0.9995,0.9997
526674,USDTUSD,1525885007.0,0.9996,0.9997
525216,USDTUSD,1525885079.0,0.9996,0.9998
525217,USDTUSD,1525885080.0,0.9997,0.9998
525279,USDTUSD,1525885175.0,0.9997,0.9999
525287,USDTUSD,1525885187.0,0.9995,0.9998
525325,USDTUSD,1525885258.0,0.9995,0.9999
525326,USDTUSD,1525885259.0,0.9996,0.9998
525374,USDTUSD,1525885331.0,0.9997,0.9998
525455,USDTUSD,1525885475.0,0.9994,0.9998
528353,USDTUSD,1525885476.0,0.9995,0.9998
525497,USDTUSD,1525885548.0,0.9996,0.9998
525508,USDTUSD,1525885568.0,0.9996,0.9997
525581,USDTUSD,1525885692.0,0.9995,0.9997
525583,USDTUSD,1525885696.0,0.9995,0.9999
525587,USDTUSD,1525885702.0,0.9996,0.9999
527939,USDTUSD,1525885707.0,0.9995,0.9999
524968,USDTUSD,1525885727.0,0.9996,0.9998
524607,USDTUSD,1525885801.0,0.9996,0.9997
525674,USDTUSD,1525885840.0,0.9995,0.9997
527579,USDTUSD,1525885871.0,0.9995,0.9996
525698,USDTUSD,1525885879.0,0.9994,0.9996
525700,USDTUSD,1525885881.0,0.9993,0.9996
525721,USDTUSD,1525885907.0,0.9994,0.9996
525745,USDTUSD,1525885943.0,0.9994,0.9995
528280,USDTUSD,1525886016.0,0.9994,0.9995
525811,USDTUSD,1525886055.0,0.9994,0.9999
525500,USDTUSD,1525886056.0,0.9994,0.9998
525833,USDTUSD,1525886086.0,0.9995,0.9998
528595,USDTUSD,1525886123.0,0.9995,0.9997
528415,USDTUSD,1525886159.0,0.9996,0.9997
526142,USDTUSD,1525886231.0,0.9997,0.9998
525981,USDTUSD,1525886345.0,0.9994,0.9998
527453,USDTUSD,1525886410.0,0.9995,0.9998
527499,USDTUSD,1525886412.0,0.9995,0.9997
528836,USDTUSD,1525886483.0,0.9996,0.9997
526088,USDTUSD,1525886524.0,0.9996,0.9999
527169,USDTUSD,1525886525.0,0.9996,0.9998
526110,USDTUSD,1525886555.0,0.9997,0.9998
527637,USDTUSD,1525886631.0,0.9997,0.9999
526157,USDTUSD,1525886632.0,0.9998,0.9999
526220,USDTUSD,1525886735.0,0.9994,0.9998
527796,USDTUSD,1525886807.0,0.9995,0.9997
526309,USDTUSD,1525886879.0,0.9996,0.9997
526352,USDTUSD,1525886951.0,0.9996,0.9998
526353,USDTUSD,1525886952.0,0.9996,0.9997
528047,USDTUSD,1525886988.0,0.9995,0.9997
526380,USDTUSD,1525886999.0,0.9997,0.9999
526388,USDTUSD,1525887008.0,0.9995,0.9999
526401,USDTUSD,1525887024.0,0.9996,0.9998
526454,USDTUSD,1525887096.0,0.9997,0.9998
526515,USDTUSD,1525887203.0,0.9996,0.9998
527477,USDTUSD,1525887276.0,0.9997,0.9998
526585,USDTUSD,1525887311.0,0.9997,0.9998
526636,USDTUSD,1525887384.0,0.9996,0.9998
526658,USDTUSD,1525887419.0,0.9996,0.9998
526678,USDTUSD,1525887455.0,0.9997,0.9998
526739,USDTUSD,1525887568.0,0.9996,0.9998
526775,USDTUSD,1525887635.0,0.9997,0.9998
526555,USDTUSD,1525887707.0,0.9997,0.9998
526830,USDTUSD,1525887748.0,0.9996,0.9998
526867,USDTUSD,1525887809.0,0.999,0.9998
526921,USDTUSD,1525887815.0,0.9991,0.9998
526875,USDTUSD,1525887825.0,0.9991,0.9995
526880,USDTUSD,1525887834.0,0.999,0.9995
526889,USDTUSD,1525887852.0,0.9991,0.9994
526927,USDTUSD,1525887924.0,0.9992,0.9993
526962,USDTUSD,1525887995.0,0.9992,0.9994
526963,USDTUSD,1525887996.0,0.9993,0.9994
527023,USDTUSD,1525888103.0,0.9991,0.9994
528096,USDTUSD,1525888140.0,0.9991,0.9993
527064,USDTUSD,1525888176.0,0.9992,0.9993
527121,USDTUSD,1525888284.0,0.9991,0.9993
527444,USDTUSD,1525888319.0,0.9991,0.9992
527230,USDTUSD,1525888464.0,0.9991,0.9994
526141,USDTUSD,1525888519.0,0.999,0.9994
526445,USDTUSD,1525888535.0,0.9991,0.9993
524874,USDTUSD,1525888612.0,0.9991,0.9994
527837,USDTUSD,1525888613.0,0.9992,0.9994
527327,USDTUSD,1525888618.0,0.999,0.9994
527347,USDTUSD,1525888643.0,0.9991,0.9994
524316,USDTUSD,1525888677.0,0.9991,0.9992
525317,USDTUSD,1525888735.0,0.9991,0.9995
527419,USDTUSD,1525888751.0,0.9992,0.9995
527420,USDTUSD,1525888752.0,0.9992,0.9994
525388,USDTUSD,1525888754.0,0.9992,0.9995
524551,USDTUSD,1525888788.0,0.9992,0.9994
527448,USDTUSD,1525888789.0,0.9992,0.9995
527468,USDTUSD,1525888823.0,0.9993,0.9995
527492,USDTUSD,1525888860.0,0.9993,0.9994
527395,USDTUSD,1525888862.0,0.9993,0.9995
527518,USDTUSD,1525888900.0,0.9994,0.9995
525030,USDTUSD,1525889004.0,0.9992,0.9995
525690,USDTUSD,1525889040.0,0.9992,0.9994
527990,USDTUSD,1525889046.0,0.9992,0.9995
526566,USDTUSD,1525889075.0,0.9992,0.9994
527633,USDTUSD,1525889079.0,0.9992,0.9995
527652,USDTUSD,1525889117.0,0.9993,0.9994
527654,USDTUSD,1525889121.0,0.9993,0.9995
527672,USDTUSD,1525889148.0,0.9993,0.9995
527695,USDTUSD,1525889183.0,0.9993,0.9994
528323,USDTUSD,1525889185.0,0.9993,0.9995
527716,USDTUSD,1525889219.0,0.9994,0.9995
527309,USDTUSD,1525889293.0,0.9993,0.9994
527768,USDTUSD,1525889296.0,0.9993,0.9995
527784,USDTUSD,1525889328.0,0.9993,0.9994
527789,USDTUSD,1525889333.0,0.9993,0.9995
526646,USDTUSD,1525889364.0,0.9993,0.9994
527806,USDTUSD,1525889369.0,0.9993,0.9995
527823,USDTUSD,1525889399.0,0.9994,0.9995
527866,USDTUSD,1525889476.0,0.9993,0.9994
527867,USDTUSD,1525889477.0,0.9993,0.9995
527881,USDTUSD,1525889508.0,0.9993,0.9994
524408,USDTUSD,1525889511.0,0.9993,0.9995
527899,USDTUSD,1525889543.0,0.9994,0.9995
527969,USDTUSD,1525889653.0,0.9992,0.9994
527970,USDTUSD,1525889654.0,0.9993,0.9994
527972,USDTUSD,1525889658.0,0.9993,0.9995
527484,USDTUSD,1525889688.0,0.9993,0.9994
528825,USDTUSD,1525889690.0,0.9993,0.9995
524066,USDTUSD,1525889724.0,0.9994,0.9995
528079,USDTUSD,1525889832.0,0.9992,0.9995
524418,USDTUSD,1525889833.0,0.9993,0.9995
524503,USDTUSD,1525889864.0,0.999,0.9995
528099,USDTUSD,1525889868.0,0.9991,0.9994
528103,USDTUSD,1525889873.0,0.9991,0.9995
528107,USDTUSD,1525889878.0,0.999,0.9995
528108,USDTUSD,1525889879.0,0.999,0.9993
528112,USDTUSD,1525889884.0,0.999,0.9995
528125,USDTUSD,1525889904.0,0.9991,0.9994
527568,USDTUSD,1525889907.0,0.9991,0.9995
528135,USDTUSD,1525889920.0,0.9991,0.9994
526864,USDTUSD,1525889923.0,0.9991,0.9995
528151,USDTUSD,1525889940.0,0.9991,0.9994
528154,USDTUSD,1525889943.0,0.9991,0.9995
528611,USDTUSD,1525889980.0,0.9992,0.9994
528182,USDTUSD,1525889994.0,0.9992,0.9995
528194,USDTUSD,1525890012.0,0.9992,0.9994
528549,USDTUSD,1525890015.0,0.9992,0.9995
524298,USDTUSD,1525890049.0,0.9993,0.9995
524259,USDTUSD,1525890050.0,0.9993,0.9994
528217,USDTUSD,1525890051.0,0.9993,0.9995
525257,USDTUSD,1525890084.0,0.9993,0.9994
525265,USDTUSD,1525890086.0,0.9993,0.9995
528268,USDTUSD,1525890125.0,0.9994,0.9995
528352,USDTUSD,1525890264.0,0.9991,0.9995
528110,USDTUSD,1525890265.0,0.9992,0.9994
528130,USDTUSD,1525890266.0,0.9992,0.9995
528376,USDTUSD,1525890300.0,0.9992,0.9994
528380,USDTUSD,1525890304.0,0.9992,0.9995
528405,USDTUSD,1525890336.0,0.9993,0.9995
528408,USDTUSD,1525890341.0,0.9994,0.9995
528423,USDTUSD,1525890370.0,0.9993,0.9995
526305,USDTUSD,1525890372.0,0.9993,0.9994
526313,USDTUSD,1525890374.0,0.9993,0.9995
528447,USDTUSD,1525890407.0,0.9994,0.9995
525173,USDTUSD,1525890521.0,0.9992,0.9995
528540,USDTUSD,1525890552.0,0.9992,0.9994
528542,USDTUSD,1525890557.0,0.9992,0.9995
528563,USDTUSD,1525890588.0,0.9993,0.9994
528564,USDTUSD,1525890589.0,0.9993,0.9995
527182,USDTUSD,1525890624.0,0.9993,0.9994
528591,USDTUSD,1525890629.0,0.9993,0.9995
528609,USDTUSD,1525890660.0,0.9993,0.9994
528612,USDTUSD,1525890665.0,0.9993,0.9995
528632,USDTUSD,1525890696.0,0.9992,0.9994
528633,USDTUSD,1525890697.0,0.9992,0.9995
528651,USDTUSD,1525890732.0,0.9992,0.9994
528653,USDTUSD,1525890735.0,0.9992,0.9995
525844,USDTUSD,1525890768.0,0.9992,0.9994
527341,USDTUSD,1525890769.0,0.9993,0.9994
525290,USDTUSD,1525890772.0,0.9993,0.9995
528450,USDTUSD,1525890839.0,0.9993,0.9994
528739,USDTUSD,1525890843.0,0.9993,0.9995
528752,USDTUSD,1525890876.0,0.9993,0.9994
527050,USDTUSD,1525890877.0,0.9991,0.9994
526103,USDTUSD,1525890880.0,0.9991,0.9995
528783,USDTUSD,1525890916.0,0.9992,0.9995
528279,USDTUSD,1525890918.0,0.9992,0.9994
528142,USDTUSD,1525890923.0,0.9992,0.9995
528399,USDTUSD,1525890948.0,0.9992,0.9994
525498,USDTUSD,1525890950.0,0.9992,0.9995
528539,USDTUSD,1525890985.0,0.9993,0.9994
528546,USDTUSD,1525890987.0,0.9993,0.9995
528858,USDTUSD,1525891021.0,0.9993,0.9994
528861,USDTUSD,1525891024.0,0.9993,0.9995
528885,USDTUSD,1525891056.0,0.9994,0.9995
524060,USDTUSD,1525891164.0,0.9992,0.9994
524063,USDTUSD,1525891169.0,0.9992,0.9995
524077,USDTUSD,1525891201.0,0.9992,0.9994
524080,USDTUSD,1525891204.0,0.9992,0.9995
524098,USDTUSD,1525891237.0,0.9993,0.9994
524102,USDTUSD,1525891242.0,0.9993,0.9995
524119,USDTUSD,1525891272.0,0.9993,0.9994
524122,USDTUSD,1525891278.0,0.9993,0.9995
524769,USDTUSD,1525891310.0,0.9994,0.9995
524199,USDTUSD,1525891416.0,0.9991,0.9994
524200,USDTUSD,1525891417.0,0.9992,0.9994
524201,USDTUSD,1525891418.0,0.9992,0.9995
524219,USDTUSD,1525891452.0,0.9993,0.9994
524222,USDTUSD,1525891456.0,0.9993,0.9995
525398,USDTUSD,1525891489.0,0.9993,0.9994
524245,USDTUSD,1525891494.0,0.9993,0.9995
524263,USDTUSD,1525891524.0,0.9993,0.9994
524267,USDTUSD,1525891528.0,0.9993,0.9995
524284,USDTUSD,1525891560.0,0.9994,0.9995
524356,USDTUSD,1525891709.0,0.9993,0.9995
524370,USDTUSD,1525891740.0,0.9993,0.9994
524371,USDTUSD,1525891741.0,0.9993,0.9995
524388,USDTUSD,1525891776.0,0.9993,0.9994
524389,USDTUSD,1525891778.0,0.9993,0.9995
524405,USDTUSD,1525891812.0,0.9993,0.9994
524406,USDTUSD,1525891813.0,0.9991,0.9994
524407,USDTUSD,1525891814.0,0.9991,0.9995
524428,USDTUSD,1525891853.0,0.9992,0.9994
524429,USDTUSD,1525891854.0,0.9992,0.9995
524455,USDTUSD,1525891920.0,0.9993,0.9994
524457,USDTUSD,1525891922.0,0.9993,0.9995
524490,USDTUSD,1525891993.0,0.9993,0.9994
524492,USDTUSD,1525891996.0,0.9993,0.9995
524511,USDTUSD,1525892031.0,0.9993,0.9994
524512,USDTUSD,1525892032.0,0.9993,0.9995
524532,USDTUSD,1525892082.0,0.9991,0.9995
524539,USDTUSD,1525892094.0,0.9991,0.9993
524540,USDTUSD,1525892096.0,0.9991,0.9995
524544,USDTUSD,1525892100.0,0.9992,0.9994
524548,USDTUSD,1525892107.0,0.9992,0.9995
524561,USDTUSD,1525892136.0,0.9992,0.9994
524565,USDTUSD,1525892140.0,0.9992,0.9995
524585,USDTUSD,1525892178.0,0.9993,0.9994
524587,USDTUSD,1525892181.0,0.9993,0.9995
528131,USDTUSD,1525892244.0,0.9994,0.9995
524715,USDTUSD,1525892394.0,0.9993,0.9995
524734,USDTUSD,1525892429.0,0.9993,0.9994
524735,USDTUSD,1525892433.0,0.9993,0.9995
524748,USDTUSD,1525892460.0,0.9993,0.9994
528396,USDTUSD,1525892462.0,0.9993,0.9995
524204,USDTUSD,1525892496.0,0.9994,0.9995
524820,USDTUSD,1525892605.0,0.9992,0.9994
524823,USDTUSD,1525892608.0,0.9992,0.9995
524649,USDTUSD,1525892640.0,0.9992,0.9994
524654,USDTUSD,1525892641.0,0.9993,0.9994
524842,USDTUSD,1525892643.0,0.9993,0.9995
524864,USDTUSD,1525892677.0,0.9993,0.9994
524868,USDTUSD,1525892682.0,0.9993,0.9995
524884,USDTUSD,1525892713.0,0.9993,0.9994
524885,USDTUSD,1525892716.0,0.9993,0.9995
524921,USDTUSD,1525892784.0,0.9993,0.9994
524923,USDTUSD,1525892786.0,0.9993,0.9995
525297,USDTUSD,1525892825.0,0.9993,0.9994
524949,USDTUSD,1525892826.0,0.9993,0.9995
524965,USDTUSD,1525892858.0,0.9994,0.9995
525023,USDTUSD,1525892964.0,0.9992,0.9995
525024,USDTUSD,1525892965.0,0.9993,0.9995
525043,USDTUSD,1525893006.0,0.9993,0.9994
528458,USDTUSD,1525893011.0,0.9993,0.9995
526054,USDTUSD,1525893036.0,0.9994,0.9995
525131,USDTUSD,1525893145.0,0.9992,0.9994
526478,USDTUSD,1525893147.0,0.9992,0.9995
525151,USDTUSD,1525893180.0,0.9992,0.9994
526616,USDTUSD,1525893182.0,0.9992,0.9995
526732,USDTUSD,1525893217.0,0.9993,0.9995
525387,USDTUSD,1525893218.0,0.9993,0.9994
525181,USDTUSD,1525893221.0,0.9993,0.9995
526802,USDTUSD,1525893237.0,0.9995,0.9997
525193,USDTUSD,1525893238.0,0.9993,0.9994
525196,USDTUSD,1525893243.0,0.9993,0.9997
525197,USDTUSD,1525893244.0,0.9993,0.9995
525199,USDTUSD,1525893246.0,0.9993,0.9997
525231,USDTUSD,1525893294.0,0.9994,0.9996
525232,USDTUSD,1525893295.0,0.9993,0.9994
525235,USDTUSD,1525893299.0,0.9993,0.9996
525296,USDTUSD,1525893396.0,0.9993,0.9995
525315,USDTUSD,1525893433.0,0.9994,0.9995
525316,USDTUSD,1525893434.0,0.9993,0.9994
525320,USDTUSD,1525893440.0,0.9993,0.9995
525330,USDTUSD,1525893460.0,0.9993,0.9994
525331,USDTUSD,1525893461.0,0.9993,0.9995
525332,USDTUSD,1525893462.0,0.9993,0.9994
525333,USDTUSD,1525893464.0,0.9993,0.9995
525334,USDTUSD,1525893465.0,0.9993,0.9994
525337,USDTUSD,1525893468.0,0.9992,0.9993
525339,USDTUSD,1525893473.0,0.9992,0.9994
525342,USDTUSD,1525893477.0,0.9992,0.9996
525343,USDTUSD,1525893478.0,0.9992,0.9993
525344,USDTUSD,1525893479.0,0.9992,0.9996
525346,USDTUSD,1525893482.0,0.9992,0.9994
525350,USDTUSD,1525893486.0,0.9992,0.9993
527692,USDTUSD,1525893487.0,0.9992,0.9996
527170,USDTUSD,1525893488.0,0.9992,0.9994
525353,USDTUSD,1525893489.0,0.9992,0.9996
525312,USDTUSD,1525893490.0,0.9992,0.9993
525355,USDTUSD,1525893491.0,0.9992,0.9996
525356,USDTUSD,1525893492.0,0.9992,0.9994
525357,USDTUSD,1525893493.0,0.9992,0.9996
527776,USDTUSD,1525893509.0,0.9992,0.9997
525383,USDTUSD,1525893541.0,0.9993,0.9996
525401,USDTUSD,1525893581.0,0.9994,0.9996
525402,USDTUSD,1525893583.0,0.9993,0.9994
524125,USDTUSD,1525893585.0,0.9993,0.9996
525404,USDTUSD,1525893586.0,0.9993,0.9995
525407,USDTUSD,1525893591.0,0.9993,0.9996
525408,USDTUSD,1525893592.0,0.9993,0.9994
525421,USDTUSD,1525893607.0,0.9993,0.9996
525424,USDTUSD,1525893613.0,0.9993,0.9995
525425,USDTUSD,1525893614.0,0.9994,0.9995
525488,USDTUSD,1525893721.0,0.9993,0.9995
525489,USDTUSD,1525893722.0,0.9994,0.9995
525525,USDTUSD,1525893792.0,0.9994,0.9997
525526,USDTUSD,1525893793.0,0.9994,0.9995
525549,USDTUSD,1525893829.0,0.9994,0.9995
524268,USDTUSD,1525893866.0,0.9994,0.9996
525597,USDTUSD,1525893907.0,0.9995,0.9996
524665,USDTUSD,1525894009.0,0.9994,0.9996
528024,USDTUSD,1525894011.0,0.9994,0.9995
525734,USDTUSD,1525894117.0,0.9994,0.9995
525845,USDTUSD,1525894301.0,0.9993,0.9995
525846,USDTUSD,1525894302.0,0.9994,0.9995
525907,USDTUSD,1525894404.0,0.9993,0.9995
525908,USDTUSD,1525894405.0,0.9994,0.9995
525944,USDTUSD,1525894478.0,0.9992,0.9995
525946,USDTUSD,1525894481.0,0.9992,0.9994
525947,USDTUSD,1525894482.0,0.9991,0.9993
525959,USDTUSD,1525894501.0,0.9992,0.9993
526060,USDTUSD,1525894672.0,0.9992,0.9994
527028,USDTUSD,1525894675.0,0.9992,0.9993
526064,USDTUSD,1525894676.0,0.9992,0.9994
526067,USDTUSD,1525894682.0,0.9992,0.9993
526233,USDTUSD,1525894950.0,0.9992,0.9994
526234,USDTUSD,1525894952.0,0.9992,0.9993
526245,USDTUSD,1525894969.0,0.9992,0.9997
526246,USDTUSD,1525894972.0,0.9992,0.9996
526248,USDTUSD,1525894974.0,0.9992,0.9995
528136,USDTUSD,1525894976.0,0.9992,0.9994
526252,USDTUSD,1525894979.0,0.9992,0.9993
528206,USDTUSD,1525895180.0,0.9991,0.9992
526377,USDTUSD,1525895187.0,0.9991,0.9993
526387,USDTUSD,1525895198.0,0.9991,0.9993
524226,USDTUSD,1525895233.0,0.9991,0.9992
526430,USDTUSD,1525895253.0,0.9991,0.9993
526442,USDTUSD,1525895269.0,0.9992,0.9993
526589,USDTUSD,1525895508.0,0.9992,0.9994
525122,USDTUSD,1525895511.0,0.9992,0.9993
526604,USDTUSD,1525895528.0,0.9992,0.9995
526606,USDTUSD,1525895530.0,0.9992,0.9994
525206,USDTUSD,1525895532.0,0.9992,0.9993
527176,USDTUSD,1525896569.0,0.9992,0.9996
527197,USDTUSD,1525896601.0,0.9992,0.9995
527198,USDTUSD,1525896602.0,0.9993,0.9995
527219,USDTUSD,1525896638.0,0.9994,0.9995
527337,USDTUSD,1525896822.0,0.9994,0.9996
527361,USDTUSD,1525896853.0,0.9995,0.9996
527434,USDTUSD,1525896961.0,0.9993,0.9995
527483,USDTUSD,1525897033.0,0.9993,0.9994
527818,USDTUSD,1525897068.0,0.9993,0.9995
527505,USDTUSD,1525897074.0,0.9992,0.9995
527506,USDTUSD,1525897075.0,0.9993,0.9996
527954,USDTUSD,1525897076.0,0.9993,0.9995
524291,USDTUSD,1525897141.0,0.9994,0.9995
524886,USDTUSD,1525897179.0,0.9994,0.9996
527601,USDTUSD,1525897213.0,0.9995,0.9996
527661,USDTUSD,1525897323.0,0.9993,0.9996
527684,USDTUSD,1525897358.0,0.9993,0.9995
527706,USDTUSD,1525897394.0,0.9994,0.9995
527714,USDTUSD,1525897408.0,0.9992,0.9995
524450,USDTUSD,1525897425.0,0.9992,0.9994
527104,USDTUSD,1525897429.0,0.9993,0.9994
526214,USDTUSD,1525897525.0,0.9991,0.9994
527795,USDTUSD,1525897540.0,0.9992,0.9993
527626,USDTUSD,1525897603.0,0.9992,0.9996
527835,USDTUSD,1525897610.0,0.9993,0.9995
527843,USDTUSD,1525897629.0,0.9993,0.9994
527858,USDTUSD,1525897631.0,0.9993,0.9995
527854,USDTUSD,1525897646.0,0.9994,0.9995
528178,USDTUSD,1525897718.0,0.9994,0.9995
528071,USDTUSD,1525898010.0,0.9994,0.9995
524695,USDTUSD,1525898113.0,0.9993,0.9994
528197,USDTUSD,1525898208.0,0.9993,0.9996
528199,USDTUSD,1525898211.0,0.9994,0.9996
528205,USDTUSD,1525898221.0,0.9995,0.9996
528297,USDTUSD,1525898366.0,0.9993,0.9995
528320,USDTUSD,1525898401.0,0.9994,0.9995
524364,USDTUSD,1525898510.0,0.9994,0.9995
524591,USDTUSD,1525898798.0,0.9994,0.9995
528468,USDTUSD,1525899013.0,0.9993,0.9995
525830,USDTUSD,1525899014.0,0.9994,0.9995
528325,USDTUSD,1525899122.0,0.9993,0.9995
528794,USDTUSD,1525899123.0,0.9994,0.9995
528358,USDTUSD,1525899131.0,0.9994,0.9996
528802,USDTUSD,1525899134.0,0.9994,0.9995
528828,USDTUSD,1525899169.0,0.9994,0.9996
526808,USDTUSD,1525899194.0,0.9994,0.9995
527935,USDTUSD,1525899302.0,0.9994,0.9996
524136,USDTUSD,1525899303.0,0.9994,0.9995
524145,USDTUSD,1525899518.0,0.9994,0.9995
524152,USDTUSD,1525899532.0,0.999,0.9995
524155,USDTUSD,1525899537.0,0.999,0.9994
524157,USDTUSD,1525899539.0,0.999,0.9994
528119,USDTUSD,1525899540.0,0.999,0.9993
524160,USDTUSD,1525899542.0,0.999,0.9992
524162,USDTUSD,1525899544.0,0.999,0.9991
524170,USDTUSD,1525899560.0,0.999,0.9995
524171,USDTUSD,1525899562.0,0.999,0.9993
524172,USDTUSD,1525899564.0,0.999,0.9992
524174,USDTUSD,1525899566.0,0.999,0.9991
524175,USDTUSD,1525899567.0,0.999,0.9992
524183,USDTUSD,1525899582.0,0.999,0.9991
524184,USDTUSD,1525899584.0,0.999,0.9992
524189,USDTUSD,1525899590.0,0.9991,0.9992
524195,USDTUSD,1525899603.0,0.999,0.9992
524208,USDTUSD,1525899625.0,0.999,0.9991
525198,USDTUSD,1525899626.0,0.999,0.9992
525203,USDTUSD,1525899627.0,0.999,0.9991
524236,USDTUSD,1525899672.0,0.999,0.9992
524252,USDTUSD,1525899698.0,0.9991,0.9992
524775,USDTUSD,1525900706.0,0.999,0.9992
524776,USDTUSD,1525900707.0,0.9991,0.9992
524832,USDTUSD,1525900814.0,0.9991,0.9992
524931,USDTUSD,1525900994.0,0.9991,0.9992
528156,USDTUSD,1525901005.0,0.999,0.9992
525347,USDTUSD,1525901031.0,0.999,0.9991
524955,USDTUSD,1525901035.0,0.999,0.9992
524972,USDTUSD,1525901066.0,0.999,0.9991
524975,USDTUSD,1525901069.0,0.999,0.9992
524996,USDTUSD,1525901102.0,0.9991,0.9992
525052,USDTUSD,1525901210.0,0.999,0.9992
525053,USDTUSD,1525901211.0,0.9991,0.9992
525194,USDTUSD,1525901431.0,0.999,0.9992
525215,USDTUSD,1525901462.0,0.999,0.9991
528419,USDTUSD,1525901465.0,0.999,0.9992
525239,USDTUSD,1525901498.0,0.999,0.9991
525241,USDTUSD,1525901500.0,0.999,0.9992
527052,USDTUSD,1525901508.0,0.999,0.9991
525345,USDTUSD,1525901673.0,0.999,0.9992
525351,USDTUSD,1525901679.0,0.999,0.9991
527713,USDTUSD,1525901685.0,0.999,0.9992
525368,USDTUSD,1525901704.0,0.999,0.9991
525370,USDTUSD,1525901706.0,0.999,0.9992
525373,USDTUSD,1525901714.0,0.999,0.9991
525376,USDTUSD,1525901718.0,0.999,0.9992
527959,USDTUSD,1525901755.0,0.999,0.9991
525396,USDTUSD,1525901760.0,0.999,0.9992
528072,USDTUSD,1525901786.0,0.9991,0.9992
525476,USDTUSD,1525901894.0,0.999,0.9992
525477,USDTUSD,1525901895.0,0.9991,0.9992
525538,USDTUSD,1525902003.0,0.999,0.9992
525559,USDTUSD,1525902038.0,0.999,0.9991
525561,USDTUSD,1525902041.0,0.999,0.9992
524279,USDTUSD,1525902074.0,0.999,0.9991
525580,USDTUSD,1525902075.0,0.999,0.9992
525604,USDTUSD,1525902111.0,0.9991,0.9992
525853,USDTUSD,1525902507.0,0.9991,0.9992
525068,USDTUSD,1525903191.0,0.999,0.9992
528225,USDTUSD,1525903192.0,0.9991,0.9992
528639,USDTUSD,1525903299.0,0.999,0.9991
528645,USDTUSD,1525903301.0,0.999,0.9992
526344,USDTUSD,1525903323.0,0.999,0.9994
526347,USDTUSD,1525903330.0,0.9991,0.9994
528787,USDTUSD,1525903335.0,0.9991,0.9993
528291,USDTUSD,1525903368.0,0.9992,0.9993
527072,USDTUSD,1525903548.0,0.999,0.9993
524736,USDTUSD,1525903587.0,0.9991,0.9993
524847,USDTUSD,1525903623.0,0.9991,0.9992
525092,USDTUSD,1525903695.0,0.9991,0.9992
525492,USDTUSD,1525903803.0,0.9991,0.9992
526694,USDTUSD,1525903875.0,0.9992,0.9993
526757,USDTUSD,1525903983.0,0.9991,0.9993
526797,USDTUSD,1525904055.0,0.9992,0.9993
526851,USDTUSD,1525904164.0,0.9991,0.9993
526888,USDTUSD,1525904235.0,0.9992,0.9993
527172,USDTUSD,1525904275.0,0.9992,0.9994
526908,USDTUSD,1525904277.0,0.9992,0.9993
527578,USDTUSD,1525904379.0,0.9992,0.9994
526986,USDTUSD,1525904415.0,0.9992,0.9993
527964,USDTUSD,1525904487.0,0.9991,0.9993
527063,USDTUSD,1525904559.0,0.9992,0.9993
527099,USDTUSD,1525904631.0,0.9992,0.9994
527120,USDTUSD,1525904667.0,0.9992,0.9993
528145,USDTUSD,1525904813.0,0.999,0.9993
524411,USDTUSD,1525904850.0,0.9991,0.9993
527275,USDTUSD,1525904919.0,0.9991,0.9992
527302,USDTUSD,1525904960.0,0.999,0.9992
527325,USDTUSD,1525904997.0,0.9991,0.9992
525099,USDTUSD,1525905063.0,0.9992,0.9993
525502,USDTUSD,1525905172.0,0.9991,0.9993
527469,USDTUSD,1525905208.0,0.9991,0.9994
527470,USDTUSD,1525905209.0,0.9991,0.9993
527491,USDTUSD,1525905243.0,0.9992,0.9993
527563,USDTUSD,1525905356.0,0.9991,0.9993
526297,USDTUSD,1525905388.0,0.9991,0.9992
526697,USDTUSD,1525905495.0,0.999,0.9991
527717,USDTUSD,1525905604.0,0.9991,0.9993
527304,USDTUSD,1525905675.0,0.9992,0.9993
527454,USDTUSD,1525905712.0,0.9992,0.9993
527824,USDTUSD,1525905784.0,0.9991,0.9993
527825,USDTUSD,1525905785.0,0.9991,0.9992
528105,USDTUSD,1525905891.0,0.999,0.9991
527923,USDTUSD,1525905968.0,0.999,0.9993
527924,USDTUSD,1525905969.0,0.999,0.9992
527950,USDTUSD,1525906004.0,0.9991,0.9992
527994,USDTUSD,1525906071.0,0.9991,0.9992
528018,USDTUSD,1525906107.0,0.999,0.9992
524181,USDTUSD,1525906143.0,0.9991,0.9992
524306,USDTUSD,1525906179.0,0.9991,0.9993
524414,USDTUSD,1525906216.0,0.9992,0.9993
528129,USDTUSD,1525906295.0,1.0,1.0001
524552,USDTUSD,1525913091.0,1.0,1.0007
527261,USDTUSD,1525913092.0,1.0001,1.0006
527262,USDTUSD,1525913094.0,1.0002,1.0006
527281,USDTUSD,1525913122.0,1.0001,1.0006
525200,USDTUSD,1525913129.0,1.0001,1.0005
524727,USDTUSD,1525913141.0,1.0,1.0005
527333,USDTUSD,1525913201.0,1.0001,1.0004
527336,USDTUSD,1525913205.0,1.0,1.0004
527339,USDTUSD,1525913208.0,1.0,1.0002
527343,USDTUSD,1525913213.0,1.0,1.0004
527358,USDTUSD,1525913234.0,1.0,1.0001
525119,USDTUSD,1525925895.0,0.9994,0.9998
525129,USDTUSD,1525925911.0,0.9995,0.9998
525130,USDTUSD,1525925912.0,0.9995,0.9997
525146,USDTUSD,1525925938.0,0.9995,0.9998
525150,USDTUSD,1525925947.0,0.9995,0.9997
527189,USDTUSD,1525925950.0,0.9995,0.9996
527819,USDTUSD,1525925983.0,0.9995,0.9997
526744,USDTUSD,1525925988.0,0.9995,0.9996
528481,USDTUSD,1525926019.0,0.9994,0.9995
525224,USDTUSD,1525926054.0,0.9994,0.9996
527135,USDTUSD,1525926055.0,0.9994,0.9997
525228,USDTUSD,1525926058.0,0.9994,0.9996
524350,USDTUSD,1525926060.0,0.9995,0.9996
525249,USDTUSD,1525926093.0,0.9995,0.9997
527093,USDTUSD,1525926097.0,0.9995,0.9996
525275,USDTUSD,1525926130.0,0.9995,0.9998
525277,USDTUSD,1525926133.0,0.9996,0.9998
527335,USDTUSD,1525926163.0,0.9996,0.9997
525361,USDTUSD,1525926272.0,0.9996,0.9998
525362,USDTUSD,1525926273.0,0.9996,0.9997
525468,USDTUSD,1525926454.0,0.9996,0.9998
525487,USDTUSD,1525926488.0,0.9997,0.9998
525529,USDTUSD,1525926564.0,0.9996,0.9998
525530,USDTUSD,1525926565.0,0.9997,0.9998
525657,USDTUSD,1525926779.0,0.9997,0.9999
525660,USDTUSD,1525926782.0,0.9997,0.9998
525755,USDTUSD,1525926920.0,0.9998,0.9999
525794,USDTUSD,1525926992.0,0.9997,0.9999
526351,USDTUSD,1525926993.0,0.9998,0.9999
525807,USDTUSD,1525927099.0,0.9996,0.9998
528290,USDTUSD,1525927100.0,0.9997,0.9998
525909,USDTUSD,1525927175.0,0.9996,0.9998
525928,USDTUSD,1525927214.0,0.9996,0.9997
527209,USDTUSD,1525927315.0,0.999,0.9997
525987,USDTUSD,1525927316.0,0.999,0.9996
527283,USDTUSD,1525927319.0,0.999,0.9995
526005,USDTUSD,1525927352.0,0.999,0.9994
527915,USDTUSD,1525927353.0,0.9991,0.9994
526053,USDTUSD,1525927429.0,0.999,0.9993
526071,USDTUSD,1525927460.0,0.9991,0.9993
526121,USDTUSD,1525927531.0,0.9991,0.9992
526166,USDTUSD,1525927605.0,0.999,0.9993
526167,USDTUSD,1525927606.0,0.9991,0.9993
524025,USDTUSD,1525927676.0,0.9991,0.9992
527122,USDTUSD,1525927717.0,0.999,0.9992
525170,USDTUSD,1525927747.0,0.999,0.9991
526341,USDTUSD,1525927892.0,0.9991,0.9994
526362,USDTUSD,1525927928.0,0.9991,0.9995
528495,USDTUSD,1525927929.0,0.9991,0.9994
526389,USDTUSD,1525927969.0,0.9991,0.9994
524844,USDTUSD,1525928001.0,0.9991,0.9993
524346,USDTUSD,1525928037.0,0.9992,0.9993
526506,USDTUSD,1525928144.0,0.9992,0.9993
526548,USDTUSD,1525928216.0,0.9991,0.9994
528800,USDTUSD,1525928217.0,0.9992,0.9994
525155,USDTUSD,1525928288.0,0.9992,0.9993
525756,USDTUSD,1525928324.0,0.9992,0.9993
526667,USDTUSD,1525928397.0,0.9993,0.9995
526668,USDTUSD,1525928398.0,0.9993,0.9994
526725,USDTUSD,1525928506.0,0.9992,0.9994
526232,USDTUSD,1525928582.0,0.9991,0.9993
526842,USDTUSD,1525928725.0,0.9991,0.9994
528661,USDTUSD,1525928756.0,0.999,0.9994
526859,USDTUSD,1525928757.0,0.9992,0.9994
526879,USDTUSD,1525928793.0,0.9992,0.9993
526895,USDTUSD,1525928830.0,0.9991,0.9993
527224,USDTUSD,1525928865.0,0.9991,0.9992
526972,USDTUSD,1525928972.0,0.9992,0.9994
527013,USDTUSD,1525929045.0,0.9993,0.9994
528030,USDTUSD,1525929080.0,0.9993,0.9995
527033,USDTUSD,1525929081.0,0.9993,0.9994
527074,USDTUSD,1525929152.0,0.9992,0.9994
527108,USDTUSD,1525929225.0,0.9991,0.9994
527109,USDTUSD,1525929226.0,0.9992,0.9994
527130,USDTUSD,1525929264.0,0.9992,0.9993
524235,USDTUSD,1525929369.0,0.9991,0.9993
524928,USDTUSD,1525929370.0,0.9992,0.9993
524449,USDTUSD,1525929440.0,0.9992,0.9994
527240,USDTUSD,1525929441.0,0.9993,0.9994
527310,USDTUSD,1525929552.0,0.9993,0.9995
527311,USDTUSD,1525929553.0,0.9992,0.9994
528625,USDTUSD,1525929697.0,0.9993,0.9994
528448,USDTUSD,1525929836.0,0.9992,0.9994
528032,USDTUSD,1525929909.0,0.9991,0.9994
527547,USDTUSD,1525929910.0,0.9992,0.9994
527603,USDTUSD,1525929984.0,0.9992,0.9993
526763,USDTUSD,1525930089.0,0.9992,0.9994
528789,USDTUSD,1525930126.0,0.9993,0.9994
527235,USDTUSD,1525930233.0,0.9991,0.9994
527237,USDTUSD,1525930234.0,0.9992,0.9994
527752,USDTUSD,1525930236.0,0.9991,0.9994
527774,USDTUSD,1525930269.0,0.9992,0.9993
527814,USDTUSD,1525930340.0,0.9991,0.9993
527653,USDTUSD,1525930341.0,0.9992,0.9993
527785,USDTUSD,1525930376.0,0.9992,0.9994
527853,USDTUSD,1525930413.0,0.9992,0.9994
527893,USDTUSD,1525930485.0,0.9992,0.9994
528313,USDTUSD,1525930521.0,0.9991,0.9994
527933,USDTUSD,1525930558.0,0.9992,0.9993
528889,USDTUSD,1525930665.0,0.9991,0.9993
528892,USDTUSD,1525930666.0,0.9991,0.9995
528696,USDTUSD,1525930667.0,0.9991,0.9992
528357,USDTUSD,1525930881.0,0.9992,0.9994
528181,USDTUSD,1525930953.0,0.9993,0.9994
524634,USDTUSD,1525930989.0,0.9993,0.9995
525187,USDTUSD,1525931026.0,0.9993,0.9994
528250,USDTUSD,1525931061.0,0.9992,0.9994
525588,USDTUSD,1525931137.0,0.9992,0.9995
525697,USDTUSD,1525931138.0,0.9992,0.9994
528343,USDTUSD,1525931205.0,0.9992,0.9993
525969,USDTUSD,1525931241.0,0.999,0.9993
528363,USDTUSD,1525931242.0,0.9992,0.9993
528436,USDTUSD,1525931349.0,0.9993,0.9994
528507,USDTUSD,1525931457.0,0.9992,0.9994
528529,USDTUSD,1525931493.0,0.9992,0.9994
528552,USDTUSD,1525931529.0,0.9993,0.9994
528596,USDTUSD,1525931601.0,0.9993,0.9994
528714,USDTUSD,1525931781.0,0.9991,0.9994
528715,USDTUSD,1525931782.0,0.9992,0.9994
525439,USDTUSD,1525931853.0,0.9991,0.9994
528765,USDTUSD,1525931854.0,0.9992,0.9994
528807,USDTUSD,1525931907.0,0.9992,0.9993
528871,USDTUSD,1525931997.0,0.9991,0.9993
528872,USDTUSD,1525931998.0,0.9992,0.9993
524571,USDTUSD,1525932212.0,0.9991,0.9993
524578,USDTUSD,1525932214.0,0.9992,0.9993
524166,USDTUSD,1525932322.0,0.9992,0.9993
524251,USDTUSD,1525932465.0,0.9992,0.9993
524292,USDTUSD,1525932538.0,0.999,0.9993
524315,USDTUSD,1525932578.0,0.9991,0.9992
524360,USDTUSD,1525932682.0,0.999,0.9992
526376,USDTUSD,1525932717.0,0.9991,0.9992
524647,USDTUSD,1525933245.0,0.999,0.9991
524705,USDTUSD,1525933341.0,0.999,0.9992
528118,USDTUSD,1525933365.0,0.9991,0.9992
524744,USDTUSD,1525933413.0,0.999,0.9992
524756,USDTUSD,1525933437.0,0.9991,0.9992
524796,USDTUSD,1525933509.0,0.9991,0.9992
524831,USDTUSD,1525933581.0,0.999,0.9992
527086,USDTUSD,1525933582.0,0.999,0.9991
524892,USDTUSD,1525933690.0,0.999,0.9991
525599,USDTUSD,1525933870.0,0.9991,0.9992
525035,USDTUSD,1525933942.0,0.9991,0.9992
525076,USDTUSD,1525934014.0,0.999,0.9991
