time,price,volume,buy_or_sell,market_or_limit,misc
1525809561.4287,0.99910000,0.00007157,s,m,
1525887809.8697,0.99910000,34.08565000,s,l,
1525744753.6437,0.99970000,34.06337000,s,l,
1525778358.0855,0.99940000,75.00000000,s,l,
1525809160.3702,1.00060000,16.02772033,b,l,
1525723279.0673,0.99910000,34.04470000,s,l,
1525746426.6276,0.99990000,2500.00000000,b,m,
1525856480.1228,0.99990000,370.21000000,b,l,
1525879827.1898,0.99960000,33.58673000,s,l,
1525773803.3214,0.99910000,34.07476000,s,m,
1525790464.3202,0.99920000,30.06946000,b,l,
1525804142.1603,1.00090000,34.04089000,s,l,
1525882387.5887,0.99960000,33.59404000,b,m,
1525784101.1312,0.99860000,34.09377000,s,m,
1525855067.34,1.00000000,162.85300000,b,l,
1525872967.1338,0.99960000,33.59135000,b,m,
1525882387.65,0.99990000,2923.97187000,b,m,
1525736863.441,0.99990000,401.10078688,b,l,
1525778647.533,0.99800000,723.94103124,s,m,
1525743670.0982,0.99970000,75.00000000,s,m,
1525854217.7992,0.99990000,317.92300000,b,l,
1525792824.832,1.00100000,39.60895244,s,l,
1525864939.7696,0.99930000,33.57943000,s,l,
1525784636.7936,0.99910000,44.60450816,b,l,
1525854218.1745,0.99990000,343.96200000,b,l,
1525854018.7087,0.99950000,33.58177000,b,l,
1525895180.9592,0.99920000,34.09057000,s,l,
1525895180.9384,0.99920000,34.09057000,s,l,
1525790464.2425,0.99920000,30.06946000,b,l,
1525790464.3651,0.99970000,10429.74492348,b,l,
1525893237.1224,0.99950000,34.08755000,b,l,
1525744753.7679,0.99860000,34.05938000,s,l,
1525744753.7506,0.99920000,34.06140000,s,l,
1525897525.9358,0.99920000,34.09493000,s,m,
1525864939.7507,0.99960000,33.58347000,s,l,
1525891169.6984,0.99940000,75.00000000,b,m,
1525757916.3561,0.99800000,30.07368000,b,l,
1525744753.7147,0.99970000,34.06337000,s,l,
1525784677.8938,0.99980000,34.07936000,b,l,
1525872118.1517,0.99970000,34.07074000,s,m,
1525721846.9191,0.99980000,34.04206000,b,l,
1525893096.6528,0.99940000,0.08764905,s,m,
1525895187.3826,0.99930000,3.13754000,b,m,
1525814635.5547,1.00010000,0.00000415,s,m,
1525856958.0248,0.99990000,383.80400000,s,l,
1525790464.3535,0.99920000,30.06946000,b,l,
1525784696.629,0.99920000,0.05501108,s,l,
1525854228.9329,0.99990000,571.14600000,b,l,
1525833570.6343,1.00010000,499.40071914,s,m,
1525773803.3416,0.99910000,34.07476000,s,m,
1525746426.5865,0.99960000,34.06503000,b,m,
1525746426.5515,0.99960000,34.06503000,b,m,
1525778299.0515,0.99930000,800.27740284,s,l,
1525814635.5533,1.00010000,0.00207803,s,m,
1525891204.0999,0.99940000,75.00000000,b,m,
1525886999.8274,0.99970000,75.00000000,b,l,
1525746859.2466,0.99890000,34.05478000,s,l,
1525727079.2106,0.99940000,34.02659000,s,m,
1525864585.5013,0.99960000,33.57054000,s,l,
1525809298.8885,1.00050000,34.04053000,s,l,
1525809299.0601,1.00000000,34.04309000,s,l,
1525835362.5999,0.99960000,33.08861000,s,l,
1525809302.6776,0.99920000,4092.79013211,b,l,
1525787579.2139,0.99920000,34.14089000,s,m,
1525727671.9731,0.99990000,34.04260000,b,l,
1525736756.3778,0.99900000,0.00000004,s,m,
1525872118.2266,0.99960000,34.07457000,s,m,
1525864584.4362,0.99960000,29.91662000,s,l,
1525891242.2831,0.99940000,75.00000000,b,m,
1525744393.8672,0.99990000,34.05743000,b,l,
1525790464.3606,0.99970000,34.11447000,b,l,
1525855887.6556,0.99990000,34.06697000,b,l,
1525895198.8366,0.99920000,40.90597000,b,m,
1525858486.6693,0.99990000,179.70700000,s,l,
1525727079.3,0.99940000,34.02897000,s,m,
1525771754.3827,0.99960000,75.00000000,s,m,
1525767427.2884,0.99930000,33.11394000,b,m,
1525746859.1907,0.99890000,34.05478000,s,l,
1525784766.3746,0.99940000,75.00000000,s,l,
1525887008.4547,0.99950000,2.28102321,s,l,
1525852590.932,0.99940000,33.58402000,s,l,
1525858501.7164,0.99990000,213.68200000,s,l,
1525854018.6922,0.99950000,33.58136000,b,l,
1525882387.5505,0.99960000,33.59186000,b,m,
1525891278.353,0.99940000,75.00000000,b,m,
1525834260.74,0.99980000,75.00000000,b,l,
1525801170.6679,1.00120000,0.99750000,b,m,
1525727671.9845,0.99990000,34.04260000,b,l,
1525792983.4623,1.00100000,110.89533286,s,l,
1525864939.7621,0.99950000,33.57900000,s,l,
1525744753.6779,0.99970000,34.06337000,s,l,
1525790464.2472,0.99920000,30.06946000,b,l,
1525722327.2997,0.99950000,34.04206000,s,m,
1525792995.6731,1.00100000,15935.25200000,s,l,
1525866428.5644,0.99960000,75.00000000,s,m,
1525722505.6474,0.99980000,34.02470000,b,l,
1525856053.2658,0.99940000,9.57141000,b,l,
1525736863.4352,0.99990000,0.30405317,b,l,
1525834665.3437,0.99950000,75.00000000,s,l,
1525729720.4514,0.99940000,34.04795000,s,l,
1525747464.1688,0.99710000,237.36600000,s,l,
1525801206.4986,1.00120000,0.42350000,b,m,
1525891321.1417,0.99940000,10.00000000,s,m,
1525756104.9138,0.99800000,15.21622000,b,l,
1525784677.9238,0.99980000,34.07936000,b,l,
1525773803.3737,0.99900000,34.07317000,s,m,
1525854252.5862,0.99990000,313.07300000,b,l,
1525727079.1826,0.99940000,34.02693000,s,m,
1525801239.2909,1.00110000,0.57400000,s,m,
1525855887.6529,0.99990000,34.06697000,b,l,
1525787579.1846,0.99930000,34.14089000,s,m,
1525887809.8102,0.99930000,34.08565000,s,l,
1525809298.9031,1.00050000,34.04053000,s,l,
1525722327.2949,0.99950000,34.04206000,s,m,
1525809298.8546,1.00060000,34.05329000,s,l,
1525841891.2584,1.00000000,33.08881000,b,l,
1525852516.5032,0.99940000,31.63078000,b,l,
1525746859.1468,0.99890000,34.05478000,s,l,
1525895180.9526,0.99920000,34.09057000,s,l,
1525856217.7982,0.99940000,233.82400000,b,l,
1525845807.0854,1.00000000,19379.19664270,s,m,
1525744393.9105,0.99990000,2500.00000000,b,l,
1525756104.9289,0.99800000,6.09638000,b,l,
1525793082.7916,1.00100000,48.46849183,s,l,
1525721451.763,0.99990000,34.03090000,b,l,
1525842237.1926,1.00000000,0.00197873,s,m,
1525777348.6754,0.99950000,34.07386000,b,m,
1525809299.0727,1.00000000,34.03918000,s,l,
1525743670.1078,0.99960000,0.00228626,s,m,
1525894680.7227,0.99940000,34.09058000,b,m,
1525897408.3306,0.99920000,34.09424000,s,m,
1525844706.5708,1.00000000,11.97704591,s,l,
1525834665.3527,0.99910000,372.75070666,s,l,
1525872118.249,0.99900000,0.04367607,s,m,
1525856491.2279,0.99970000,86.67700000,b,l,
1525741721.0897,0.99960000,34.06140000,b,l,
1525891418.9877,0.99940000,75.00000000,b,m,
1525848195.713,0.99930000,31.13935000,s,l,
1525722505.6648,0.99980000,34.02470000,b,l,
1525809507.5052,0.99970000,186.89696909,s,l,
1525778358.102,0.99920000,34.07286000,s,l,
1525858664.8699,1.00000000,16.18160000,b,m,
1525784636.789,0.99910000,44.60450816,b,l,
1525887809.8719,0.99910000,34.08565000,s,l,
1525857001.9395,0.99990000,369.72500000,s,l,
1525867056.2984,0.99980000,33.58607000,b,l,
1525750506.4691,0.99760000,30.09903000,b,l,
1525809536.5428,0.99970000,55.94848454,s,l,
1525879831.1264,0.99950000,33.58818000,s,l,
1525833592.4273,1.00000000,34.06139000,s,l,
1525864584.4722,0.99960000,33.57054000,s,l,
1525854018.6966,0.99950000,33.58177000,b,l,
1525837890.1574,0.99910000,75.00000000,s,m,
1525727079.3098,0.99940000,34.02897000,s,m,
1525869294.8715,0.99990000,34.06906000,s,m,
1525787579.2855,0.99920000,34.14089000,s,m,
1525809561.4229,0.99910000,17.96407186,s,m,
1525746426.508,0.99960000,34.06503000,b,m,
1525793181.6971,1.00100000,134.89475524,s,l,
1525790464.3405,0.99920000,30.06946000,b,l,
1525740561.4538,0.99880000,75.00000000,b,l,
1525891494.1271,0.99940000,75.00000000,b,m,
1525804173.5268,1.00090000,75.00000000,s,l,
1525813667.1727,0.99900000,0.03579731,s,m,
1525835033.2476,0.99980000,30.02732000,b,l,
1525727671.9239,0.99990000,34.04260000,b,l,
1525727672.0012,0.99990000,34.04260000,b,l,
1525852916.6288,0.99910000,1042.15600000,s,l,
1525736863.3072,0.99960000,34.05672000,b,l,
1525744393.8575,0.99990000,34.05790000,b,l,
1525854018.6944,0.99950000,33.58136000,b,l,
1525872967.0921,0.99960000,33.59135000,b,m,
1525782028.123,0.99920000,838.63776364,b,m,
1525790464.2721,0.99920000,30.06946000,b,l,
1525895243.3743,0.99920000,40.90585000,b,m,
1525721846.9152,0.99980000,34.04206000,b,l,
1525740777.2214,0.99940000,13076.38900000,b,l,
1525891528.2356,0.99940000,75.00000000,b,m,
1525725363.1091,0.99990000,34.02725000,b,m,
1525790464.3429,0.99920000,30.06946000,b,l,
1525746426.5933,0.99960000,34.06503000,b,m,
1525855950.538,0.99920000,75.00000000,b,l,
1525856053.2627,0.99940000,33.09701000,b,l,
1525876775.1197,0.99970000,33.58818000,b,l,
1525733361.8513,0.99960000,34.04946000,s,l,
1525787579.2164,0.99920000,34.14089000,s,m,
1525889185.4887,0.99940000,75.00000000,b,m,
1525784677.7791,0.99920000,30.06675000,b,l,
1525722505.64,0.99980000,34.02470000,b,l,
1525867056.2717,0.99980000,33.58347000,b,l,
1525744393.7718,0.99980000,34.05743000,b,l,
1525721451.7608,0.99990000,34.03090000,b,l,
1525771754.4001,0.99940000,34.05097000,s,m,
1525787579.3377,0.99750000,167.17715938,s,m,
1525725363.1259,0.99990000,34.02725000,b,m,
1525809299.0532,1.00000000,34.04287000,s,l,
1525885696.6299,0.99970000,1.04622384,b,l,
1525801478.6427,1.00110000,305.68984473,s,l,
1525895180.9413,0.99920000,34.09057000,s,l,
1525773803.3618,0.99910000,34.07341000,s,m,
1525744393.8178,0.99990000,34.05790000,b,l,
1525852516.5483,0.99990000,34.06290000,b,l,
1525834260.7432,1.00000000,74.44200000,b,l,
1525744753.5299,0.99970000,34.06337000,s,l,
1525787579.223,0.99920000,34.14089000,s,m,
1525882387.5808,0.99960000,33.59404000,b,m,
1525744393.8766,0.99990000,34.05743000,b,l,
1525782028.1205,0.99910000,34.08888000,b,m,
1525734149.2428,0.99990000,1647.36470000,b,l,
1525771754.4256,0.99940000,34.05097000,s,m,
1525728577.2674,0.99940000,34.04795000,s,m,
1525890337.9926,0.99950000,34.08717000,b,m,
1525879831.1141,0.99950000,33.60304000,s,l,
1525882387.6295,0.99960000,33.59404000,b,m,
1525728577.284,0.99940000,34.04795000,s,m,
1525864584.4579,0.99960000,34.06815000,s,l,
1525876429.3426,0.99950000,33.60304000,s,m,
1525867056.2192,0.99960000,75.00000000,b,l,
1525867057.9451,1.00000000,13076.38900000,b,l,
1525723058.7115,0.99930000,34.03531000,s,m,
1525867060.1916,1.00000000,13076.38900000,b,l,
1525867062.1765,1.00000000,13076.38900000,b,l,
1525867065.0262,1.00000000,13076.38900000,b,l,
1525867066.7575,1.00000000,13076.38900000,b,l,
1525767427.2975,0.99930000,33.11394000,b,m,
1525867237.4717,1.00000000,33.58332000,b,l,
1525809298.8812,1.00050000,34.04053000,s,l,
1525784101.1941,0.99780000,30.06584000,s,m,
1525876784.4927,0.99960000,0.02058574,s,m,
1525721846.906,0.99980000,34.04206000,b,l,
1525723058.6654,0.99980000,34.02425000,s,m,
1525790464.2584,0.99920000,30.06946000,b,l,
1525855820.1101,0.99980000,33.58403000,s,l,
1525746426.499,0.99960000,34.06503000,b,m,
1525828645.4716,1.00020000,75.00000000,b,l,
1525784677.7996,0.99920000,30.06675000,b,l,
1525738385.1955,0.99900000,1122.76447106,s,l,
1525855986.9004,0.99930000,75.00000000,b,l,
1525872118.238,0.99960000,34.07599000,s,m,
1525744753.5347,0.99970000,34.06337000,s,l,
1525897603.0864,0.99930000,34.09568000,b,m,
1525856470.3957,0.99990000,5.67479000,b,l,
1525777001.6161,0.99940000,74.98664200,b,l,
1525778121.0488,0.99980000,34.05499000,b,l,
1525792457.6288,0.99880000,75.00000000,b,l,
1525882387.5406,0.99930000,30.02913000,b,m,
1525792457.6759,1.00000000,13076.38900000,b,l,
1525856053.2495,0.99940000,32.60997000,b,l,
1525867237.4682,1.00000000,33.58332000,b,l,
1525750548.8876,0.99790000,30.10990000,s,l,
1525721954.6296,0.99990000,34.04206000,b,l,
1525856228.0351,0.99940000,331.35600000,b,l,
1525746426.5632,0.99960000,34.06503000,b,m,
1525747388.6595,0.99760000,75.00000000,s,l,
1525793413.2021,1.00100000,497.92622377,s,l,
1525744753.6481,0.99970000,34.06337000,s,l,
1525790464.2402,0.99920000,30.06946000,b,l,
1525793427.62,1.00100000,100.47567432,s,l,
1525892082.0985,0.99920000,75.00000000,s,l,
1525746859.1973,0.99890000,34.05478000,s,l,
1525891741.4134,0.99940000,75.00000000,b,m,
1525872118.2117,0.99960000,34.07457000,s,m,
1525773803.3502,0.99910000,34.07476000,s,m,
1525852599.0822,0.99940000,33.58402000,s,l,
1525746859.2541,0.99890000,34.05478000,s,l,
1525778297.2138,0.99950000,34.07673000,s,l,
1525897603.1195,0.99940000,34.09517000,b,m,
1525867195.5775,0.99990000,75.00000000,b,l,
1525727671.9131,0.99990000,34.04260000,b,l,
1525867198.5357,1.00000000,13076.38900000,b,l,
1525891778.1347,0.99940000,75.00000000,b,m,
1525752515.4383,0.99790000,30.07127000,s,l,
1525792457.6542,0.99990000,25792.75428838,b,l,
1525784696.622,0.99920000,34.11478000,s,l,
1525806251.58,1.00060000,74.90568418,s,l,
1525804675.1593,1.00030000,75.00000000,s,l,
1525809299.0763,1.00000000,34.03918000,s,l,
1525804173.5292,0.99990000,2.23393000,s,l,
1525809124.628,1.00050000,31.57647123,s,l,
1525852685.0184,0.99920000,75.00000000,s,l,
1525897408.3462,0.99920000,10.90688252,s,m,
1525738965.0953,0.99560000,0.08672457,s,m,
1525746859.193,0.99890000,34.05478000,s,l,
1525867237.4829,1.00000000,33.57053000,b,l,
1525891814.6648,0.99940000,75.00000000,b,m,
1525856053.2523,0.99940000,32.60997000,b,l,
1525778358.1533,0.99910000,34.07685000,s,l,
1525752810.5173,0.99790000,75.00000000,s,l,
1525746859.1824,0.99890000,34.05478000,s,l,
1525744753.7527,0.99920000,34.06140000,s,l,
1525746887.7335,0.99820000,7076.38900000,s,l,
1525746426.6047,0.99960000,34.06503000,b,m,
1525746859.1106,0.99890000,34.05478000,s,l,
1525834495.8618,1.00000000,147.35900000,b,l,
1525854690.6445,0.99990000,339.69900000,b,l,
1525744393.8899,0.99990000,34.05743000,b,l,
1525752810.5254,0.99760000,30.07127000,s,l,
1525891854.3879,0.99940000,75.00000000,b,m,
1525833592.411,1.00000000,34.06139000,s,l,
1525867291.1419,1.00000000,6398.56600000,s,l,
1525855887.1304,0.99910000,33.58136000,s,l,
1525793566.2152,1.00100000,74.59026766,s,l,
1525721846.9385,1.00000000,12735.96840000,b,l,
1525790464.2246,0.99920000,30.06946000,b,l,
1525740777.2398,0.99960000,34.05668000,b,l,
1525869805.489,1.00000000,34.07108000,b,l,
1525793575.9958,1.00100000,825.85070129,s,l,
1525744393.8624,0.99990000,34.05790000,b,l,
1525752810.5283,0.99760000,30.07127000,s,l,
1525855836.3173,0.99990000,34.06246000,b,l,
1525785393.4029,0.99940000,75.00000000,s,l,
1525894680.7377,0.99940000,34.09058000,b,m,
1525855143.6271,1.00000000,179.88900000,b,l,
1525887809.8331,0.99930000,34.08565000,s,l,
1525780003.9956,0.99770000,12926.38900000,s,l,
1525777348.6726,0.99950000,34.07386000,b,m,
1525867331.8232,1.00010000,1379.07800000,b,l,
1525736756.3759,0.99900000,0.00001808,s,m,
1525879830.809,0.99950000,33.60304000,s,l,
1525733361.8088,0.99960000,34.04936000,s,l,
1525744393.8417,0.99990000,34.05790000,b,l,
1525867342.473,1.00010000,1379.07800000,b,l,
1525784766.3826,0.99940000,0.04498210,s,l,
1525793616.1798,1.00100000,1988.01000000,s,l,
1525891922.9195,0.99940000,75.00000000,b,m,
1525897408.3395,0.99920000,34.09436000,s,m,
1525722501.1191,0.99950000,33.62640000,s,l,
1525723278.9885,0.99930000,31.97600000,s,l,
1525850970.2538,0.99930000,70.53281148,b,l,
1525723279.0439,0.99910000,34.04470000,s,l,
1525785437.6592,0.99940000,36.77388983,s,l,
1525721523.5538,1.00000000,0.00000080,b,l,
1525857083.4031,0.99990000,0.03339920,s,l,
1525869294.8875,0.99980000,34.06906000,s,m,
1525895180.913,0.99920000,34.09058000,s,l,
1525738965.0701,0.99810000,6000.00000000,s,m,
1525872967.0648,0.99960000,33.59135000,b,m,
1525809298.9265,1.00010000,93.10151500,s,l,
1525882095.4379,0.99930000,75.00000000,s,m,
1525784677.8911,0.99980000,34.07936000,b,l,
1525809299.0794,1.00000000,34.03918000,s,l,
1525841891.249,1.00000000,33.08861000,b,l,
1525787579.1145,0.99940000,75.00000000,s,m,
1525746426.4501,0.99890000,75.00000000,b,m,
1525778726.4378,0.99860000,30.06615000,b,m,
1525770164.659,0.99930000,33.60092000,b,l,
1525773803.3547,0.99910000,34.07341000,s,m,
1525833592.3737,1.00010000,1402.30612445,s,l,
1525723058.6951,0.99940000,34.04206000,s,m,
1525872967.0946,0.99960000,33.59135000,b,m,
1525818255.7454,1.00020000,34.05613000,b,l,
1525727079.3047,0.99940000,34.02897000,s,m,
1525787579.3154,0.99920000,34.14089000,s,m,
1525891996.3047,0.99940000,75.00000000,b,m,
1525897603.0994,0.99930000,34.09568000,b,m,
1525834659.9944,0.99990000,15.74517452,b,m,
1525855868.1808,0.99980000,33.57591000,s,l,
1525778726.4404,0.99860000,30.06615000,b,m,
1525834665.3604,0.99900000,27.54259550,s,l,
1525867056.5345,0.99980000,33.58607000,b,l,
1525782002.0782,0.99870000,398.48370000,b,l,
1525889864.8043,0.99900000,4.97136908,s,l,
1525854018.7242,0.99950000,32.11971000,b,l,
1525809298.8616,1.00060000,34.05329000,s,l,
1525867056.2696,0.99980000,33.58347000,b,l,
1525744393.8552,0.99990000,34.05790000,b,l,
1525854018.7145,0.99950000,32.11971000,b,l,
1525872967.1187,0.99960000,33.59135000,b,m,
1525892032.388,0.99940000,75.00000000,b,m,
1525867457.5151,1.00010000,2600.00000000,b,m,
1525727672.0102,0.99990000,34.04260000,b,l,
1525777348.6808,0.99950000,34.07386000,b,m,
1525872118.2322,0.99960000,34.07457000,s,m,
1525740777.2289,0.99960000,34.05743000,b,l,
1525890337.984,0.99950000,34.08717000,b,m,
1525728577.2745,0.99940000,34.04795000,s,m,
1525867472.9867,1.00010000,10000.00000000,b,l,
1525893237.1179,0.99950000,34.08755000,b,l,
1525867237.459,1.00000000,6189.06952330,b,l,
1525867475.4227,1.00010000,13076.38900000,b,l,
1525744753.6304,0.99970000,34.06337000,s,l,
1525746426.5706,0.99960000,34.06503000,b,m,
1525771754.4351,0.99920000,0.00002336,s,m,
1525793760.736,1.00100000,45.02413838,s,l,
1525733361.7921,0.99970000,75.00000000,s,l,
1525752810.523,0.99760000,2444.79107000,s,l,
1525890338.0205,0.99950000,34.08717000,b,m,
1525727079.2954,0.99940000,34.02897000,s,m,
1525784677.8752,0.99980000,34.07936000,b,l,
1525892082.1012,0.99910000,34.09637000,s,l,
1525725363.0989,0.99990000,34.02725000,b,m,
1525869805.5211,1.00000000,34.07108000,b,l,
1525725363.1236,0.99990000,34.02725000,b,m,
1525892096.5716,0.99930000,34.09463000,b,m,
1525746859.2647,0.99880000,2500.00000000,s,l,
1525856241.1085,0.99940000,140.90800000,b,l,
1525856470.4094,0.99990000,32.12273000,b,l,
1525727079.2025,0.99940000,34.02693000,s,m,
1525743670.1041,0.99960000,573.85229541,s,m,
1525887809.7797,0.99950000,34.07388000,s,l,
1525892107.4024,0.99940000,75.00000000,b,m,
1525809299.0885,1.00000000,34.03918000,s,l,
1525887809.7873,0.99950000,34.07388000,s,l,
1525855986.8821,0.99910000,75.00000000,s,l,
1525849422.0291,0.99940000,14.03468375,b,l,
1525804142.1529,1.00090000,34.04157000,s,l,
1525804142.0433,1.00100000,34.04041000,s,l,
1525882387.5454,0.99940000,33.59404000,b,m,
1525771754.4135,0.99940000,34.05097000,s,m,
1525888735.9093,0.99920000,34.08720000,b,m,
1525746889.7605,0.99830000,6000.00000000,s,l,
1525787579.279,0.99920000,34.14089000,s,m,
1525728577.298,0.99940000,23.32870000,s,m,
1525842987.5895,1.00000000,98.46363258,s,l,
1525892140.9771,0.99940000,75.00000000,b,m,
1525869294.8944,0.99980000,34.06906000,s,m,
1525872118.1612,0.99970000,34.07074000,s,m,
1525761203.7674,0.99860000,33.60092000,b,l,
1525887809.7965,0.99940000,34.07388000,s,l,
1525809298.9056,1.00050000,34.05109000,s,l,
1525895180.9613,0.99920000,34.09057000,s,l,
1525790464.1757,0.99910000,14089.75967780,b,l,
1525876429.358,0.99950000,33.60304000,s,m,
1525782028.1281,0.99940000,34.08463000,b,m,
1525746426.6072,0.99960000,34.06503000,b,m,
1525804142.0477,1.00100000,34.04041000,s,l,
1525790464.2976,0.99920000,30.06946000,b,l,
1525770174.0403,0.99990000,11130.85671162,b,l,
1525892181.2613,0.99940000,75.00000000,b,m,
1525744753.7807,0.99810000,0.01333563,s,l,
1525809298.8982,1.00050000,34.04053000,s,l,
1525725362.9706,0.99930000,34.03732000,b,m,
1525805310.4675,1.00080000,34.04214000,b,m,
1525744753.7376,0.99920000,34.06140000,s,l,
1525745170.6536,0.99900000,75.00000000,s,m,
1525792457.6596,0.99990000,2493.99279135,b,l,
1525854397.7533,0.99990000,283.15000000,b,l,
1525744753.6727,0.99970000,34.06337000,s,l,
1525740561.459,0.99880000,1281.40671978,b,l,
1525733361.8036,0.99960000,34.04936000,s,l,
1525746859.1535,0.99890000,34.05478000,s,l,
1525854881.3034,1.00000000,165.63100000,b,l,
1525744753.7463,0.99920000,34.06140000,s,l,
1525746426.5609,0.99960000,34.06503000,b,m,
1525774878.7099,0.99950000,34.07386000,b,m,
1525784677.9211,0.99980000,34.07936000,b,l,
1525792457.7135,1.00100000,10.86154931,b,l,
1525897408.3154,0.99940000,75.00000000,s,m,
1525773803.3303,0.99910000,34.07476000,s,m,
1525841891.2467,1.00000000,33.08861000,b,l,
1525744753.6868,0.99970000,34.06337000,s,l,
1525746426.5273,0.99960000,34.06503000,b,m,
1525852516.5256,0.99990000,34.06289000,b,l,
1525727671.989,0.99990000,34.04260000,b,l,
1525872118.2411,0.99960000,34.07599000,s,m,
1525725363.1018,0.99990000,34.02725000,b,m,
1525864584.4646,0.99960000,34.06815000,s,l,
1525784101.1284,0.99860000,34.08890000,s,m,
1525741721.0768,0.99960000,0.00000046,b,l,
1525722505.8864,1.00000000,1066.09700000,b,l,
1525761199.0988,0.99830000,33.60092000,b,l,
1525756104.9073,0.99780000,75.00000000,b,l,
1525851314.9404,0.99930000,75.00000000,s,l,
1525761203.7652,0.99860000,33.60092000,b,l,
1525895180.9103,0.99920000,34.09058000,s,l,
1525744753.6328,0.99970000,34.06337000,s,l,
1525728438.0715,0.99950000,446.14300000,s,l,
1525809298.876,1.00050000,34.04053000,s,l,
1525869805.5168,1.00000000,34.07108000,b,l,
1525746859.1674,0.99890000,34.05478000,s,l,
1525757916.3638,0.99800000,33.60246000,b,l,
1525761215.5756,0.99920000,75.00000000,b,l,
1525790464.3513,0.99920000,30.06946000,b,l,
1525737051.115,0.99900000,0.00000139,s,m,
1525728458.3144,0.99950000,5177.78400000,s,l,
1525794339.4891,1.00100000,33.07513936,s,l,
1525864939.9977,0.99920000,324.62000000,s,l,
1525787579.256,0.99920000,34.14089000,s,m,
1525856521.7988,0.99960000,33.58356000,b,l,
1525778726.4429,0.99860000,30.06615000,b,m,
1525855781.7733,1.00000000,177.03000000,b,l,
1525738965.0622,0.99860000,75.00000000,s,m,
1525761254.4227,0.99920000,75.00000000,b,l,
1525854612.8833,0.99990000,410.35200000,b,l,
1525779353.2717,0.99900000,34.08177000,s,l,
1525790464.2653,0.99920000,30.06946000,b,l,
1525778358.0913,0.99920000,34.07432000,s,l,
1525771754.409,0.99940000,34.05097000,s,m,
1525794039.5638,1.00100000,107.97346653,s,l,
1525890337.9982,0.99950000,34.08717000,b,m,
1525887809.8764,0.99910000,34.08981000,s,l,
1525747444.5927,0.99670000,1000.00000000,b,l,
1525854018.7343,0.99950000,32.11971000,b,l,
1525777348.6694,0.99950000,34.07386000,b,m,
1525859595.1123,0.99990000,1709.96100000,s,l,
1525865346.6038,0.99910000,543.31337325,s,m,
1525780962.6341,0.99920000,941.26000000,b,l,
1525889923.9665,0.99950000,0.00062000,b,m,
1525723058.6904,0.99950000,34.02474000,s,m,
1525835033.2531,0.99980000,30.16783000,b,l,
1525723058.6929,0.99940000,34.04206000,s,m,
1525774878.7052,0.99950000,34.07386000,b,m,
1525780892.6409,0.99920000,34.08264000,b,l,
1525851432.0894,0.99920000,70.75393559,s,l,
1525855978.1849,0.99940000,32.12273000,b,l,
1525761322.7827,0.99910000,13076.38900000,b,l,
1525761323.7466,0.99910000,1013.37067780,b,l,
1525746859.2089,0.99890000,34.05478000,s,l,
1525804142.0501,1.00100000,34.04041000,s,l,
1525777715.4474,0.99940000,75.00000000,s,l,
1525855978.1872,0.99940000,32.12273000,b,l,
1525777715.4691,0.99920000,366.92200000,s,l,
1525736756.3489,0.99940000,34.04795000,s,m,
1525721795.8625,0.99980000,34.04686000,s,m,
1525828645.4871,1.00030000,10000.00000000,b,l,
1525790464.3019,0.99920000,30.06946000,b,l,
1525728577.2793,0.99940000,34.04795000,s,m,
1525733361.8014,0.99960000,34.04936000,s,l,
1525814635.5504,1.00010000,521.58784482,s,m,
1525879830.7941,0.99950000,33.60304000,s,l,
1525892433.2158,0.99940000,75.00000000,b,m,
1525837703.6504,0.99900000,750.00000000,s,m,
1525727079.205,0.99940000,34.02693000,s,m,
1525854203.1114,0.99990000,221.91200000,b,l,
1525741721.0669,0.99960000,7152.74697952,b,l,
1525852590.9116,0.99940000,33.58402000,s,l,
1525721523.5501,1.00000000,0.19920240,b,l,
1525833339.3115,1.00020000,1272.85900000,b,l,
1525869294.8922,0.99980000,34.06906000,s,m,
1525738385.2039,0.99900000,0.00000002,s,l,
1525892462.2721,0.99940000,75.00000000,b,m,
1525747413.2065,0.99720000,483.77400000,s,l,
1525841891.2369,1.00000000,0.02074661,b,l,
1525888519.559,0.99910000,75.00000000,s,l,
1525897603.104,0.99930000,34.09568000,b,m,
1525794177.9553,1.00100000,74.72847152,s,l,
1525721846.9292,0.99980000,34.04206000,b,l,
1525727079.2076,0.99940000,34.02659000,s,m,
1525872118.1774,0.99970000,34.07074000,s,m,
1525723058.6998,0.99940000,34.04206000,s,m,
1525868789.1391,1.00000000,0.06626989,s,m,
1525727079.2786,0.99940000,34.02897000,s,m,
1525777987.5525,0.99940000,0.45697307,s,m,
1525779353.2626,0.99900000,34.08177000,s,l,
1525787579.2823,0.99920000,34.14089000,s,m,
1525780719.0233,0.99870000,30.06584000,b,l,
1525767427.2664,0.99930000,33.11394000,b,m,
1525813917.9472,1.00000000,999898.27213000,b,l,
1525736863.4387,0.99990000,0.00000121,b,l,
1525872118.2445,0.99900000,68387.43852608,s,m,
1525771754.3911,0.99940000,34.05097000,s,m,
1525778297.1906,0.99950000,34.07673000,s,l,
1525722505.6963,0.99990000,34.02470000,b,l,
1525747415.4575,0.99720000,1000.00000000,b,l,
1525767427.2556,0.99930000,33.11394000,b,m,
1525859912.3084,0.99990000,180.55800000,s,l,
1525855872.3509,0.99940000,34.07131000,s,l,
1525809298.8593,1.00060000,34.05329000,s,l,
1525744393.8347,0.99990000,34.05790000,b,l,
1525744393.813,0.99990000,34.05672000,b,l,
1525854018.6898,0.99950000,33.58136000,b,l,
1525872967.0455,0.99960000,33.59135000,b,m,
1525801206.5031,1.00120000,0.57400000,b,m,
1525727079.2593,0.99940000,34.02897000,s,m,
1525740777.2266,0.99950000,565.70335989,b,l,
1525827016.8206,1.00020000,34.05676000,b,l,
1525855820.1129,0.99980000,33.58403000,s,l,
1525784101.146,0.99860000,34.09377000,s,m,
1525744393.8718,0.99990000,34.05743000,b,l,
1525882387.6367,0.99960000,33.59404000,b,m,
1525804173.5101,1.00090000,34.04089000,s,l,
1525879830.7911,0.99950000,33.60304000,s,l,
1525784677.8126,0.99980000,13.72896405,b,l,
1525737051.1061,0.99960000,34.05790000,s,m,
1525876775.1412,0.99970000,33.58818000,b,l,
1525856257.6072,0.99940000,1108.71300000,b,l,
1525872118.2177,0.99960000,34.07457000,s,m,
1525733361.7968,0.99960000,34.04936000,s,l,
1525787579.1483,0.99930000,34.14089000,s,m,
1525809299.0853,1.00000000,34.03918000,s,l,
1525784677.8519,0.99980000,34.07936000,b,l,
1525867056.2293,0.99980000,33.58248000,b,l,
1525779353.2672,0.99900000,34.08177000,s,l,
1525805310.4651,1.00080000,34.04214000,b,m,
1525725363.1395,0.99990000,34.02725000,b,m,
1525892608.9705,0.99940000,75.00000000,b,m,
1525777922.5425,0.99940000,75.00000000,b,l,
1525744753.6353,0.99970000,34.06337000,s,l,
1525855831.1816,1.00000000,155.36554000,b,l,
1525787579.235,0.99920000,34.14089000,s,m,
1525746859.2678,0.99880000,2500.00000000,s,l,
1525803467.5997,1.00110000,0.00003976,s,m,
1525745170.6676,0.99890000,75.00000000,s,m,
1525855986.9033,0.99940000,350.74100000,b,l,
1525761203.7739,0.99900000,2089.69414546,b,l,
1525882387.6219,0.99960000,33.59404000,b,m,
1525771754.4112,0.99940000,34.05097000,s,m,
1525784677.8155,0.99980000,34.05522000,b,l,
1525737051.1036,0.99960000,34.05790000,s,m,
1525856133.5267,0.99900000,1159.71600000,s,l,
1525722327.2655,0.99980000,34.04526000,s,m,
1525727079.1746,0.99940000,34.02693000,s,m,
1525790464.2817,0.99920000,30.06946000,b,l,
1525855836.3234,1.00000000,85.10862000,b,l,
1525781790.3168,0.99880000,34.08846000,b,l,
1525855839.435,0.99990000,34.06246000,b,l,
1525778297.1716,0.99950000,34.07673000,s,l,
1525885175.3268,0.99980000,75.00000000,b,l,
1525777987.5549,0.99940000,0.00081670,s,m,
1525747420.3122,0.99680000,241.88700000,b,l,
1525859912.0207,0.99990000,251.91100000,s,l,
1525892682.6919,0.99940000,75.00000000,b,m,
1525885879.4148,0.99940000,244.20900000,s,l,
1525872967.1276,0.99960000,33.59135000,b,m,
1525835362.5975,0.99960000,33.08861000,s,l,
1525897408.3429,0.99920000,34.09436000,s,m,
1525790464.3135,0.99920000,30.06946000,b,l,
1525727671.98,0.99990000,34.04260000,b,l,
1525792457.6568,0.99990000,6.00720865,b,l,
1525784677.8658,0.99980000,34.07936000,b,l,
1525794393.4518,1.00100000,23.38973026,s,l,
1525890338.0307,0.99950000,34.08717000,b,m,
1525737051.1014,0.99960000,34.05790000,s,m,
1525805310.4596,1.00080000,34.04214000,b,m,
1525887809.8285,0.99930000,34.08565000,s,l,
1525835362.5925,0.99970000,75.00000000,s,l,
1525787579.1683,0.99930000,34.14089000,s,m,
1525744753.663,0.99970000,34.06337000,s,l,
1525835367.8706,0.99900000,113.40349067,s,l,
1525738965.0678,0.99840000,13.01346000,s,m,
1525892716.0813,0.99940000,75.00000000,b,m,
1525792457.717,1.00100000,0.00004327,b,l,
1525879830.7802,0.99950000,33.60304000,s,l,
1525879827.1985,0.99960000,33.58673000,s,l,
1525859957.5081,0.99990000,187.32900000,s,l,
1525872118.1396,0.99970000,34.07108000,s,m,
1525767427.3047,0.99930000,33.60092000,b,m,
1525773803.3107,0.99940000,34.05522000,s,m,
1525889864.8013,0.99910000,334.24029546,s,l,
1525803967.2055,1.00110000,990485.24836827,s,l,
1525872967.1165,0.99960000,33.59135000,b,m,
1525888618.3449,0.99910000,75.00000000,s,l,
1525746426.4681,0.99960000,34.06503000,b,m,
1525856169.8752,0.99900000,915.54300000,s,l,
1525897408.3487,0.99920000,0.02149748,s,m,
1525782124.1719,0.99940000,34.08956000,b,l,
1525868171.03,1.00000000,5.00000000,s,m,
1525859980.749,0.99990000,13878.87238724,s,l,
1525771754.4067,0.99940000,34.05097000,s,m,
1525727671.9438,0.99990000,34.04260000,b,l,
1525722327.2924,0.99950000,34.04206000,s,m,
1525872118.1242,0.99970000,34.07108000,s,m,
1525860009.0381,0.99990000,75.00000000,b,l,
1525852599.1028,0.99910000,3.62360000,s,l,
1525746426.4749,0.99960000,34.06503000,b,m,
1525892786.5817,0.99940000,75.00000000,b,m,
1525879831.104,0.99950000,33.60304000,s,l,
1525744753.755,0.99920000,34.05721000,s,l,
1525860023.1291,0.99970000,33.58439000,s,l,
1525787579.1981,0.99920000,34.05976892,s,m,
1525889994.7225,0.99940000,75.00000000,b,m,
1525852516.5182,0.99940000,31.63078000,b,l,
1525790464.286,0.99920000,30.06946000,b,l,
1525778118.2237,0.99950000,0.46195405,b,l,
1525778121.0298,0.99980000,34.05499000,b,l,
1525835467.9685,0.99950000,13076.38900000,s,l,
1525876429.3693,0.99950000,33.60304000,s,m,
1525784101.1966,0.99760000,30.07368000,s,m,
1525723058.6724,0.99980000,34.02425000,s,m,
1525786326.17,0.99940000,74.99890000,b,l,
1525854642.1604,0.99990000,271.91700000,b,l,
1525892826.6366,0.99940000,75.00000000,b,m,
1525794523.4139,1.00100000,96.62109890,s,l,
1525892828.6709,0.99950000,6.58530964,b,m,
1525778118.2309,0.99950000,34.07386000,b,l,
1525855887.1421,0.99910000,33.58177000,s,l,
1525855867.8581,1.00000000,337.06900000,b,l,
1525897603.1163,0.99930000,34.09568000,b,m,
1525876775.1519,0.99990000,9201.75157516,b,l,
1525784101.1235,0.99880000,34.09568000,s,m,
1525868266.5345,1.00000000,5.00000000,s,m,
1525721523.5601,1.00000000,0.97030020,b,l,
1525794541.2276,1.00100000,327.72110889,s,l,
1525723058.6405,0.99980000,34.02435000,s,m,
1525869805.4766,1.00000000,34.07108000,b,l,
1525872967.0409,0.99960000,33.59135000,b,m,
1525798709.5809,1.00100000,60.94297562,s,l,
1525855897.1418,0.99930000,34.06697000,s,l,
1525782028.1035,0.99880000,34.08846000,b,m,
1525744393.8369,0.99990000,34.05790000,b,l,
1525794561.0599,1.00100000,146.55344655,s,l,
1525890338.0575,0.99950000,34.08717000,b,m,
1525792457.7351,1.00100000,0.00444837,b,l,
1525855873.5364,1.00000000,238.31700000,b,l,
1525794571.034,1.00100000,16.12043956,s,l,
1525746426.4704,0.99960000,34.06503000,b,m,
1525820376.2792,1.00020000,204.76129774,s,l,
1525794578.0577,1.00100000,16.12043956,s,l,
1525744753.6703,0.99970000,34.06337000,s,l,
1525723439.2109,0.99910000,903.28367172,s,l,
1525730641.9913,0.99990000,34.04815000,b,l,
1525790800.1206,0.99880000,75.00000000,s,m,
1525746859.1399,0.99890000,34.05478000,s,l,
1525895180.9289,0.99920000,34.09058000,s,l,
1525773803.348,0.99910000,34.07476000,s,m,
1525780719.0179,0.99850000,75.00000000,b,l,
1525794609.7231,1.00100000,15.38664335,s,l,
1525895180.9238,0.99920000,34.09058000,s,l,
1525855881.4134,0.99920000,34.06263000,s,l,
1525868347.7049,1.00010000,5.00000000,b,m,
1525725362.9956,0.99930000,34.03732000,b,m,
1525855882.6672,1.00000000,310.23500000,b,l,
1525898208.6332,0.99950000,75.00000000,b,m,
1525778358.1635,0.99900000,34.07151000,s,l,
1525744393.8809,0.99990000,34.05743000,b,l,
1525747429.1008,0.99670000,1000.00000000,b,l,
1525744753.6555,0.99970000,34.06337000,s,l,
1525721795.8369,0.99980000,34.04686000,s,m,
1525790464.2929,0.99920000,30.06946000,b,l,
1525855887.1393,0.99910000,33.58177000,s,l,
1525804142.0629,1.00100000,75.00000000,s,l,
1525872967.1419,0.99960000,33.59135000,b,m,
1525890337.9706,0.99950000,34.08717000,b,m,
1525727079.3412,0.99900000,0.03194963,s,m,
1525723279.0388,0.99910000,34.04470000,s,l,
1525723058.6608,0.99980000,34.02425000,s,m,
1525721526.7626,1.00000000,0.00437935,b,l,
1525842237.1798,1.00000000,507.11242083,s,m,
1525790464.263,0.99920000,30.06946000,b,l,
1525841891.2332,1.00000000,5207.41950019,b,l,
1525744753.7283,0.99970000,34.06298000,s,l,
1525740777.2443,0.99960000,34.05668000,b,l,
1525778297.1399,0.99950000,34.07673000,s,l,
1525778299.0444,0.99940000,10683.66633000,s,l,
1525744393.8875,0.99990000,34.05743000,b,l,
1525778726.4495,0.99860000,30.06615000,b,m,
1525833357.1943,1.00020000,2486.48300000,b,l,
1525879831.1083,0.99950000,33.60304000,s,l,
1525784101.1359,0.99860000,34.09377000,s,m,
1525727079.1911,0.99940000,34.02693000,s,m,
1525723279.0314,0.99930000,34.03531000,s,l,
1525767427.3072,0.99930000,33.60092000,b,m,
1525811082.4822,0.99950000,2150.72865098,s,l,
1525747431.6053,0.99670000,1000.00000000,b,l,
1525727079.2651,0.99940000,34.02897000,s,m,
1525893011.1821,0.99940000,75.00000000,b,m,
1525893237.1411,0.99950000,34.08755000,b,l,
1525855897.1487,0.99920000,33.57995000,s,l,
1525787579.1396,0.99930000,34.14089000,s,m,
1525721517.4151,1.00000000,13076.38900000,b,l,
1525855881.4111,0.99920000,34.06263000,s,l,
1525806261.3221,1.00080000,34.04224000,b,m,
1525855899.6766,0.99910000,218.01500000,s,l,
1525727079.2514,0.99940000,34.02659000,s,m,
1525778297.2018,0.99950000,34.07673000,s,l,
1525854535.7449,0.99990000,168.83300000,b,l,
1525730641.9701,0.99990000,34.04815000,b,l,
1525746859.1445,0.99890000,34.05478000,s,l,
1525778297.1667,0.99950000,34.07673000,s,l,
1525767427.2687,0.99930000,33.11394000,b,m,
1525784677.9459,0.99980000,34.07931000,b,l,
1525824499.4914,1.00010000,0.08932095,s,l,
1525770164.6815,0.99930000,33.60092000,b,l,
1525855902.1822,0.99980000,189.47104000,b,l,
1525778358.1071,0.99920000,34.07286000,s,l,
1525721518.8449,1.00000000,6894.84374630,b,l,
1525855903.0581,0.99910000,483.37871780,s,l,
1525744393.8949,0.99990000,34.05743000,b,l,
1525727671.9285,0.99990000,34.04260000,b,l,
1525770174.0345,0.99980000,955.72219419,b,l,
1525872967.074,0.99960000,33.59135000,b,m,
1525770177.1008,0.99990000,13076.38900000,b,l,
1525744753.7723,0.99860000,34.05938000,s,l,
1525740777.2243,0.99950000,565.70335989,b,l,
1525848697.6604,0.99920000,31.63219000,s,l,
1525867056.2267,0.99980000,33.58248000,b,l,
1525893237.1156,0.99950000,34.08733000,b,l,
1525893096.6551,0.99940000,0.00017495,s,m,
1525852516.5135,0.99940000,31.63078000,b,l,
1525778647.509,0.99870000,75.00000000,s,m,
1525869805.4868,1.00000000,34.07108000,b,l,
1525888735.9181,0.99930000,75.00000000,b,m,
1525767427.312,0.99930000,20.88116000,b,m,
1525784677.9348,0.99980000,34.07936000,b,l,
1525725363.1418,0.99990000,34.02725000,b,m,
1525770164.6742,0.99930000,33.60092000,b,l,
1525733361.8136,0.99960000,34.04936000,s,l,
1525893096.6568,0.99940000,0.00000035,s,m,
1525787579.1455,0.99930000,34.14089000,s,m,
1525890338.0491,0.99950000,34.08717000,b,m,
1525885696.6265,0.99970000,524.15814689,b,l,
1525895506.1806,0.99930000,200.00000000,b,m,
1525809299.0634,1.00000000,34.04309000,s,l,
1525866428.5677,0.99910000,3694.53567306,s,m,
1525897525.9313,0.99920000,34.09490000,s,m,
1525867056.2741,0.99980000,33.58347000,b,l,
1525860009.0436,1.00000000,136.24545670,b,l,
1525725363.0649,0.99930000,34.03732000,b,m,
1525746426.5576,0.99960000,34.06503000,b,m,
1525727671.9314,0.99990000,34.04260000,b,l,
1525892828.6673,0.99950000,34.08717000,b,m,
1525723058.6631,0.99980000,34.02425000,s,m,
1525855916.3107,0.99930000,75.00000000,b,l,
1525757916.3663,0.99800000,33.60069000,b,l,
1525746859.1223,0.99890000,34.05478000,s,l,
1525777987.5362,0.99940000,228.94351023,s,m,
1525890051.9931,0.99940000,75.00000000,b,m,
1525804142.1553,1.00090000,34.04089000,s,l,
1525882387.5781,0.99960000,33.59404000,b,m,
1525746426.4877,0.99960000,34.06503000,b,m,
1525723058.6504,0.99980000,34.02435000,s,m,
1525890337.9773,0.99950000,34.08717000,b,m,
1525727079.3145,0.99940000,34.02897000,s,m,
1525876775.1341,0.99970000,33.58818000,b,l,
1525794856.7985,1.00110000,799.50099800,s,m,
1525777715.437,0.99940000,75.00000000,s,l,
1525722327.2765,0.99980000,34.04526000,s,m,
1525799979.6106,1.00110000,986562.38111255,b,l,
1525723058.7092,0.99930000,34.03531000,s,m,
1525876784.4788,0.99970000,33.58664000,s,m,
1525827633.2778,1.00020000,10000.00000000,b,l,
1525876775.1246,0.99970000,33.58818000,b,l,
1525778647.5499,0.99770000,0.58814335,s,m,
1525721795.8767,0.99940000,1.82009708,s,m,
1525803063.5049,1.00120000,106.82141430,b,m,
1525723279.0084,0.99930000,34.03531000,s,l,
1525827646.4701,1.00030000,1600.00000000,b,m,
1525727079.3023,0.99940000,34.02897000,s,m,
1525784677.9303,0.99980000,34.07936000,b,l,
1525784101.1382,0.99860000,34.09377000,s,m,
1525809086.5627,1.00060000,34.05290000,b,l,
1525778507.8297,0.99930000,1991.69968978,b,l,
1525721523.5577,1.00000000,486.20969980,b,l,
1525779353.2761,0.99900000,34.08177000,s,l,
1525809507.4889,0.99970000,75.00000000,s,l,
1525736756.3671,0.99940000,34.04795000,s,m,
1525890338.0116,0.99950000,34.08717000,b,m,
1525794908.4026,1.00110000,732.66406952,s,l,
1525744753.7484,0.99920000,34.06140000,s,l,
1525893221.2451,0.99940000,75.00000000,b,m,
1525864939.765,0.99950000,33.58352000,s,l,
1525792457.6792,1.00010000,342151.03474441,b,l,
1525804142.1431,1.00090000,34.04157000,s,l,
1525792457.6508,0.99970000,18.84598879,b,l,
1525872967.0812,0.99960000,33.59135000,b,m,
1525752810.5385,0.99760000,30.07127000,s,l,
1525893237.1456,0.99950000,34.09463000,b,l,
1525893238.9279,0.99950000,504.67693847,s,l,
1525773803.314,0.99920000,1143.70570961,s,m,
1525893242.3907,0.99940000,200.00000000,b,m,
1525895180.9337,0.99920000,34.09057000,s,l,
1525746426.5367,0.99960000,34.06503000,b,m,
1525864585.5166,0.99960000,13.28579000,s,l,
1525757985.8055,0.99830000,24.19724000,b,m,
1525736756.3348,0.99960000,34.05148000,s,m,
1525780719.0208,0.99860000,75.00000000,b,l,
1525848697.6507,0.99920000,31.63219000,s,l,
1525895015.9894,0.99930000,200.00000000,b,m,
1525786778.1442,0.99960000,43.36937746,s,l,
1525852315.2524,0.99910000,299.72700000,s,l,
1525727671.8902,0.99990000,34.04260000,b,l,
1525747440.2988,0.99660000,1000.00000000,b,l,
1525872118.1824,0.99970000,34.07074000,s,m,
1525727079.1971,0.99940000,34.02693000,s,m,
1525778118.2608,0.99950000,34.07386000,b,l,
1525721526.757,1.00000000,3061.74916600,b,l,
1525882387.6092,0.99960000,33.59404000,b,m,
1525827753.4127,1.00020000,0.00636176,s,m,
1525725363.0743,0.99930000,34.03732000,b,m,
1525746859.228,0.99890000,34.05478000,s,l,
1525893295.9351,0.99940000,75.00000000,s,l,
1525893296.7526,0.99940000,200.00000000,b,m,
1525778121.0535,0.99980000,34.05499000,b,l,
1525747441.2999,0.99660000,1000.00000000,b,l,
1525770429.7566,0.99950000,0.18924228,s,m,
1525852516.5462,0.99990000,34.06290000,b,l,
1525740777.2536,0.99960000,10308.52262022,b,l,
1525795010.1492,1.00110000,16.14234342,s,l,
1525893237.1054,0.99950000,34.08710000,b,l,
1525752810.5499,0.99750000,0.00483367,s,l,
1525876429.3341,0.99950000,33.60304000,s,m,
1525790464.2795,0.99920000,30.06946000,b,l,
1525844181.0596,1.00000000,829.36400000,s,l,
1525778647.5382,0.99780000,33.60246000,s,m,
1525804173.5223,1.00090000,34.04089000,s,l,
1525844185.588,1.00000000,912.87200000,s,l,
1525778118.244,0.99950000,34.07386000,b,l,
1525828645.4782,1.00020000,75.00000000,b,l,
1525744393.8924,0.99990000,34.05743000,b,l,
1525725363.0555,0.99930000,34.03732000,b,m,
1525803236.3176,1.00110000,35.55656470,s,l,
1525812262.9314,0.99900000,130.18326016,s,l,
1525727079.2253,0.99940000,34.02659000,s,m,
1525790464.2029,0.99920000,30.06946000,b,l,
1525722327.2728,0.99980000,34.04526000,s,m,
1525867056.2438,0.99980000,33.58347000,b,l,
1525856053.2468,0.99940000,32.12273000,b,l,
1525782028.1134,0.99880000,34.08890000,b,m,
1525778358.0965,0.99920000,34.07286000,s,l,
1525736756.3371,0.99960000,34.05148000,s,m,
1525868789.1098,1.00000000,33.20121404,s,m,
1525885175.3303,0.99990000,14823.41864186,b,l,
1525784677.7679,0.99920000,30.06675000,b,l,
1525780863.2386,0.99860000,16.80782400,b,l,
1525778297.1421,0.99950000,34.07673000,s,l,
1525833592.4083,1.00000000,34.06139000,s,l,
1525891456.2897,0.99940000,75.00000000,b,m,
1525890338.0547,0.99950000,34.08717000,b,m,
1525867195.5836,1.00000000,10734.54147670,b,l,
1525727079.3429,0.99900000,0.00006377,s,m,
1525721795.8526,0.99980000,34.04686000,s,m,
1525855959.8346,0.99920000,578.78800000,b,l,
1525778297.1832,0.99950000,34.07673000,s,l,
1525723439.1972,0.99910000,19.13145000,s,l,
1525803283.8756,1.00110000,143.69936222,s,l,
1525747444.0202,0.99670000,1000.00000000,b,l,
1525803296.9184,1.00110000,105.17550450,s,l,
1525780892.6181,0.99860000,0.00005600,b,l,
1525778726.4518,0.99860000,30.06615000,b,m,
1525784677.7566,0.99920000,30.06675000,b,l,
1525892828.6575,0.99950000,3.32752036,b,m,
1525746859.1721,0.99890000,34.05478000,s,l,
1525876775.1319,0.99970000,33.58818000,b,l,
1525895180.9028,0.99920000,34.09058000,s,l,
1525856470.404,0.99990000,32.12273000,b,l,
1525887809.8262,0.99930000,34.08565000,s,l,
1525809299.0371,1.00000000,34.04214000,s,l,
1525773803.3642,0.99910000,34.07341000,s,m,
1525893434.7507,0.99940000,75.00000000,s,l,
1525888735.9137,0.99920000,75.00000000,b,m,
1525893436.2163,0.99940000,200.00000000,b,m,
1525790464.3338,0.99920000,30.06946000,b,l,
1525736756.3394,0.99940000,24.29299000,s,m,
1525856476.5267,0.99990000,32.12273000,b,l,
1525879830.7881,0.99950000,33.60304000,s,l,
1525872967.0385,0.99960000,33.59135000,b,m,
1525868881.5058,1.00000000,49980.00000000,s,m,
1525893462.5977,0.99940000,200.00000000,b,m,
1525803355.3518,1.00110000,523.13800000,s,l,
1525879831.1355,0.99910000,33.60304000,s,l,
1525804173.52,1.00090000,34.04089000,s,l,
1525882387.5965,0.99960000,33.59404000,b,m,
1525893473.4845,0.99940000,125.00000000,b,m,
1525778358.1252,0.99910000,34.07450000,s,l,
1525852516.535,0.99990000,34.06290000,b,l,
1525869294.8988,0.99980000,34.06906000,s,m,
1525854609.8268,0.99990000,312.07000000,b,l,
1525721451.7657,0.99990000,34.03090000,b,l,
1525721452.2613,1.00000000,13076.38900000,b,l,
1525893485.1043,0.99940000,200.00000000,b,m,
1525721454.9569,1.00000000,13076.38900000,b,l,
1525721456.1453,1.00000000,13076.38900000,b,l,
1525778358.1098,0.99920000,34.07286000,s,l,
1525725363.0587,0.99930000,34.03732000,b,m,
1525790464.2006,0.99920000,30.06946000,b,l,
1525895180.9457,0.99920000,34.09057000,s,l,
1525854612.8269,0.99990000,434.97200000,b,l,
1525855978.1811,0.99940000,32.12273000,b,l,
1525778726.4598,0.99860000,30.06615000,b,m,
1525721472.2063,1.00000000,13076.38900000,b,l,
1525721473.4783,1.00000000,13076.38900000,b,l,
1525723439.2083,0.99910000,34.04470000,s,l,
1525848195.6985,0.99990000,34.06180000,s,l,
1525867472.9898,1.00010000,622.99748907,b,l,
1525844358.4118,1.00000000,59.52677000,s,l,
1525721481.8834,1.00000000,112.73152083,b,l,
1525792457.7279,1.00100000,324.58761553,b,l,
1525864584.4483,0.99960000,33.58116000,s,l,
1525746859.1491,0.99890000,34.05478000,s,l,
1525727079.2488,0.99940000,34.02659000,s,m,
1525894478.7718,0.99920000,2.94038649,s,m,
1525872118.1681,0.99970000,34.07074000,s,m,
1525809561.4268,0.99910000,0.03585643,s,m,
1525787579.1247,0.99930000,34.14089000,s,m,
1525723058.6772,0.99950000,34.04526000,s,m,
1525837561.4369,0.99960000,75.00000000,s,m,
1525856289.6357,0.99940000,179.70700000,b,l,
1525780892.6223,0.99870000,34.08386000,b,l,
1525867056.5438,0.99990000,4245.92470000,b,l,
1525730641.9678,0.99990000,34.04815000,b,l,
1525888754.9569,0.99940000,75.00000000,b,m,
1525852590.9145,0.99940000,33.58402000,s,l,
1525779353.2328,0.99910000,75.00000000,s,l,
1525721521.8178,1.00000000,13076.38900000,b,l,
1525721523.542,1.00000000,0.07675728,b,l,
1525721526.7602,1.00000000,3.66969537,b,l,
1525852599.0883,0.99940000,33.58402000,s,l,
1525741721.0744,0.99960000,0.00114352,b,l,
1525721530.45,1.00000000,13076.38900000,b,l,
1525852603.5941,0.99950000,33.58136000,s,l,
1525744393.9192,1.00000000,206886.02500000,b,l,
1525852605.8127,0.99950000,33.58136000,s,l,
1525854018.7463,0.99950000,32.11971000,b,l,
1525887809.8422,0.99930000,34.08565000,s,l,
1525790464.3042,0.99920000,30.06946000,b,l,
1525852610.9307,0.99950000,7.83728000,s,l,
1525855887.1276,0.99910000,33.58136000,s,l,
1525746426.6304,1.00000000,53161.67870000,b,m,
1525844424.9162,1.00000000,33.70182000,s,l,
1525860023.1145,0.99980000,75.00000000,s,l,
1525803467.6018,1.00110000,0.00000008,s,m,
1525746426.5034,0.99960000,34.06503000,b,m,
1525856476.5137,0.99990000,32.12273000,b,l,
1525893583.2945,0.99940000,75.00000000,s,l,
1525867195.5808,1.00000000,2191.84752330,b,l,
1525813667.1553,0.99900000,24945.06600133,s,m,
1525727671.9753,0.99990000,34.04260000,b,l,
1525744753.7658,0.99860000,34.05938000,s,l,
1525811670.9442,0.99930000,75.00000000,s,m,
1525868789.1488,1.00000000,0.00000026,s,m,
1525787579.2089,0.99920000,34.14089000,s,m,
1525811674.2018,0.99920000,54.70000000,s,m,
1525893595.7098,0.99940000,200.00000000,b,m,
1525852636.0932,0.99910000,459.33100000,s,l,
1525887809.7723,0.99960000,75.00000000,s,l,
1525784677.807,0.99920000,30.06675000,b,l,
1525729720.4468,0.99940000,34.04795000,s,l,
1525792460.4787,1.00100000,0.00260597,s,l,
1525893606.9054,0.99940000,200.00000000,b,m,
1525733361.8309,0.99960000,34.04936000,s,l,
1525729769.3404,0.99940000,26.17016073,s,l,
1525803500.8871,1.00120000,49.13001803,b,l,
1525855997.1755,0.99900000,358.87292000,s,l,
1525784677.907,0.99980000,34.07936000,b,l,
1525790464.1858,0.99920000,32.18107000,b,l,
1525744393.803,0.99980000,34.05743000,b,l,
1525852659.3032,0.99910000,567.66100000,s,l,
1525852662.7073,0.99910000,475.24800000,s,l,
1525725363.1638,1.00000000,918.11168000,b,m,
1525869051.0296,1.00010000,90.48345834,b,l,
1525780906.6692,0.99820000,75.00000000,s,l,
1525804142.0408,1.00100000,34.04077000,s,l,
1525864939.7673,0.99930000,33.58025000,s,l,
1525790464.215,0.99920000,30.06946000,b,l,
1525796280.3481,1.00110000,1.11116047,s,m,
1525771754.3934,0.99940000,34.05097000,s,m,
1525723058.656,0.99980000,34.02435000,s,m,
1525723279.0167,0.99930000,34.03531000,s,l,
1525723279.0115,0.99930000,34.03531000,s,l,
1525852685.0688,0.99910000,437.17100000,s,l,
1525746426.5296,0.99960000,34.06503000,b,m,
1525882387.5478,0.99940000,33.59404000,b,m,
1525852701.6315,0.99910000,660.56300000,s,l,
1525771754.4332,0.99920000,0.01170282,s,m,
1525852705.1228,0.99910000,1065.42700000,s,l,
1525890337.968,0.99950000,34.08717000,b,m,
1525854157.7979,0.99980000,75.00000000,b,l,
1525852713.4638,0.99910000,894.63300000,s,l,
1525787579.3117,0.99920000,34.14089000,s,m,
1525854642.2627,0.99990000,239.75300000,b,l,
1525767261.9826,0.99920000,18.99019114,s,l,
1525738965.0988,0.99560000,0.00000035,s,m,
1525784677.7871,0.99920000,30.06675000,b,l,
1525856021.1015,0.99940000,95.81700000,b,l,
1525746426.6025,0.99960000,34.06503000,b,m,
1525879827.215,0.99950000,4.83556683,s,l,
1525852739.0436,0.99910000,1010.91900000,s,l,
1525872967.1208,0.99960000,33.59135000,b,m,
1525856012.9843,0.99940000,187.84700000,b,l,
1525727671.9597,0.99990000,34.04260000,b,l,
1525747489.2603,0.99740000,75.00000000,b,l,
1525790464.2296,0.99920000,30.06946000,b,l,
1525727672.008,0.99990000,34.04260000,b,l,
1525790464.1883,0.99920000,31.26117000,b,l,
1525797364.3563,1.00110000,11638.56123087,s,l,
1525872967.0432,0.99960000,33.59135000,b,m,
1525890338.0065,0.99950000,34.08717000,b,m,
1525852763.0244,0.99910000,493.80100000,s,l,
1525852764.8533,0.99910000,1593.46200000,s,l,
1525854157.8007,0.99990000,93.21600000,b,l,
1525852769.6375,0.99910000,408.75900000,s,l,
1525744753.7419,0.99920000,34.06140000,s,l,
1525778118.2532,0.99950000,34.07386000,b,l,
1525787579.1308,0.99930000,34.14089000,s,m,
1525869163.0929,1.00010000,13076.38900000,b,l,
1525869164.3939,1.00010000,13076.38900000,b,l,
1525746859.115,0.99890000,34.05478000,s,l,
1525792457.6667,1.00000000,134723.69630000,b,l,
1525780926.215,0.99820000,34.09112000,s,l,
1525852790.0202,0.99910000,1628.14000000,s,l,
1525773803.3238,0.99910000,34.07476000,s,m,
1525746426.4804,0.99960000,34.06503000,b,m,
1525746426.5218,0.99960000,34.06503000,b,m,
1525790464.2952,0.99920000,30.06946000,b,l,
1525852802.6638,0.99910000,458.93200000,s,l,
1525746426.5955,0.99960000,34.06503000,b,m,
1525852805.8781,0.99910000,458.93200000,s,l,
1525852806.9804,0.99910000,706.51500000,s,l,
1525872118.2463,0.99900000,54.66621785,s,m,
1525803658.7644,1.00110000,232.92877834,s,l,
1525872967.0624,0.99960000,33.59135000,b,m,
1525852813.7369,0.99910000,458.60000000,s,l,
1525856024.0204,0.99910000,75.00000000,s,l,
1525852816.4366,0.99910000,796.79200000,s,l,
1525856024.0245,0.99900000,313.14000000,s,l,
1525852818.0562,0.99910000,1082.06800000,s,l,
1525725363.116,0.99990000,34.02725000,b,m,
1525852820.4797,0.99910000,1124.15400000,s,l,
1525804142.0571,1.00100000,34.04041000,s,l,
1525727079.2858,0.99940000,34.02897000,s,m,
1525852823.4735,0.99910000,983.55500000,s,l,
1525721795.8472,0.99980000,34.04686000,s,m,
1525727671.9989,0.99990000,34.04260000,b,l,
1525744393.7857,0.99980000,34.05743000,b,l,
1525725362.9841,0.99930000,34.03732000,b,m,
1525869294.9009,0.99980000,34.06906000,s,m,
1525855868.2587,0.99980000,34.06290000,s,l,
1525727079.2358,0.99940000,34.02659000,s,m,
1525746859.1627,0.99890000,34.05478000,s,l,
1525727079.2159,0.99940000,34.02659000,s,m,
1525854018.744,0.99950000,32.11971000,b,l,
1525806261.3198,1.00080000,34.04224000,b,m,
1525856031.5035,0.99940000,676.03600000,b,l,
1525852516.5439,0.99990000,34.06290000,b,l,
1525804173.5054,1.00090000,30.09896000,s,l,
1525784677.9156,0.99980000,34.07936000,b,l,
1525721795.8422,0.99980000,34.04686000,s,m,
1525852590.9172,0.99940000,33.58402000,s,l,
1525725363.1582,1.00000000,34.02435000,b,m,
1525864585.4944,0.99960000,27.76312000,s,l,
1525882387.599,0.99960000,33.59404000,b,m,
1525857399.6686,1.00000000,1520.10000000,b,l,
1525852876.1731,0.99910000,329.68400000,s,l,
1525777348.6664,0.99950000,34.07386000,b,m,
1525727672.0262,0.99990000,34.04260000,b,l,
1525736756.3279,0.99960000,34.05148000,s,m,
1525723279.0488,0.99910000,34.04470000,s,l,
1525856037.9266,0.99930000,337.67900000,b,l,
1525844706.5799,1.00000000,0.02295409,s,l,
1525778297.178,0.99950000,34.07673000,s,l,
1525803755.585,1.00110000,7260.97870943,s,l,
1525869294.8692,0.99990000,34.06906000,s,m,
1525869294.8843,0.99990000,34.06906000,s,m,
1525869805.5079,1.00000000,34.07108000,b,l,
1525852916.7162,0.99910000,1239.81500000,s,l,
1525721846.9245,0.99980000,34.04206000,b,l,
1525721849.8741,1.00000000,13076.38900000,b,l,
1525746426.5345,0.99960000,34.06503000,b,m,
1525803773.1152,1.00120000,42.93413756,b,l,
1525885696.6347,0.99990000,12551.18260000,b,l,
1525885698.6143,0.99990000,13076.38900000,b,l,
1525885700.4814,0.99990000,13076.38900000,b,l,
1525777348.6247,0.99940000,75.00000000,b,m,
1525827753.3891,1.00020000,1596.80638723,s,m,
1525854680.6522,0.99990000,835.80000000,b,l,
1525856046.6864,0.99930000,158.04200000,b,l,
1525746426.4611,0.99960000,34.06503000,b,m,
1525727671.9505,0.99990000,34.04260000,b,l,
1525780892.6349,0.99920000,34.08264000,b,l,
1525744753.7235,0.99970000,34.06298000,s,l,
1525856049.8937,0.99900000,367.41600000,s,l,
1525746859.1325,0.99890000,34.05478000,s,l,
1525895180.9504,0.99920000,34.09057000,s,l,
1525778358.0991,0.99920000,34.07286000,s,l,
1525778726.4551,0.99860000,30.06615000,b,m,
1525722505.7587,1.00000000,592.26200000,b,l,
1525746426.4537,0.99900000,34.06494000,b,m,
1525856053.2374,0.99940000,32.12273000,b,l,
1525809298.9078,1.00050000,34.05119000,s,l,
1525784677.886,0.99980000,34.07936000,b,l,
1525778358.116,0.99920000,34.07286000,s,l,
1525772769.0858,0.99950000,4.21568635,s,l,
1525854690.0222,0.99990000,1532.50600000,b,l,
1525804173.5176,1.00090000,34.04089000,s,l,
1525809298.8714,1.00050000,2.46405877,s,l,
1525744753.7749,0.99850000,6000.00000000,s,l,
1525856058.7459,0.99940000,383.18236000,b,l,
1525736863.3128,0.99960000,34.05672000,b,l,
1525809298.9133,1.00020000,776.39087182,s,l,
1525784677.8963,0.99980000,34.07936000,b,l,
1525721954.6319,0.99990000,34.04526000,b,l,
1525836643.7849,0.99950000,112.62847619,b,l,
1525744753.7037,0.99970000,34.06337000,s,l,
1525856060.6226,0.99900000,258.46600000,s,l,
1525854695.193,0.99990000,357.93500000,b,l,
1525844846.6967,1.00010000,7.00000000,b,l,
1525841891.2538,1.00000000,33.08881000,b,l,
1525787579.2731,0.99920000,34.14089000,s,m,
1525778726.4104,0.99850000,75.00000000,b,m,
1525746426.5412,0.99960000,34.06503000,b,m,
1525778121.0685,0.99980000,20.32602595,b,l,
1525740918.7358,0.99950000,37.50000000,b,l,
1525804142.0455,1.00100000,34.04041000,s,l,
1525792457.7236,1.00100000,150.00000000,b,l,
1525723058.7069,0.99930000,34.03531000,s,m,
1525747465.0668,0.99620000,6000.00000000,b,l,
1525727671.9965,0.99990000,34.04260000,b,l,
1525738385.1926,0.99920000,75.00000000,s,l,
1525721846.9125,0.99980000,34.04206000,b,l,
1525844884.6782,1.00010000,1450.00000000,b,l,
1525787579.2432,0.99920000,34.14089000,s,m,
1525779353.281,0.99900000,34.08177000,s,l,
1525746426.619,0.99960000,34.06503000,b,m,
1525790464.2448,0.99920000,30.06946000,b,l,
1525813917.9613,1.00030000,2500.00000000,b,l,
1525806261.3436,1.00100000,214.77054839,b,m,
1525856070.4149,0.99900000,236.11600000,s,l,
1525723279.0797,0.99910000,0.00000012,s,l,
1525805310.4386,1.00050000,75.00000000,b,m,
1525864584.4455,0.99960000,33.58116000,s,l,
1525733361.8639,0.99960000,34.04614000,s,l,
1525744753.7079,0.99970000,34.06337000,s,l,
1525885879.4121,0.99950000,75.00000000,s,l,
1525809298.8785,1.00050000,34.04053000,s,l,
1525780980.9424,0.99830000,34.08937000,s,l,
1525787579.1596,0.99930000,34.14089000,s,m,
1525744393.8096,0.99980000,34.05743000,b,l,
1525854018.7538,1.00000000,76596.19340000,b,l,
1525872967.0554,0.99960000,33.59135000,b,m,
1525856075.9935,0.99900000,313.63500000,s,l,
1525727079.1884,0.99940000,34.02693000,s,m,
1525773803.3281,0.99910000,34.07476000,s,m,
1525872967.0717,0.99960000,33.59135000,b,m,
1525746426.5979,0.99960000,34.06503000,b,m,
1525784677.8886,0.99980000,34.07936000,b,l,
1525770174.0368,0.99990000,34.08790000,b,l,
1525820376.3595,1.00020000,204.76129774,s,l,
1525844953.3735,1.00010000,7.00000000,b,l,
1525856079.8637,0.99900000,317.79800000,s,l,
1525727671.9155,0.99990000,34.04260000,b,l,
1525746853.4672,0.99940000,75.00000000,s,l,
1525876775.1483,0.99970000,33.58818000,b,l,
1525733361.7992,0.99960000,34.04936000,s,l,
1525833592.4024,1.00000000,34.06139000,s,l,
1525809299.0504,1.00000000,34.04287000,s,l,
1525746859.1059,0.99890000,34.05478000,s,l,
1525784677.8422,0.99980000,34.07740000,b,l,
1525867056.2765,0.99980000,33.58347000,b,l,
1525856083.457,0.99940000,465.79800000,b,l,
1525879831.1112,0.99950000,33.60304000,s,l,
1525867237.48,1.00000000,33.58320000,b,l,
1525725363.0682,0.99930000,34.03732000,b,m,
1525780991.4811,0.99830000,15.45857098,s,l,
1525855887.6584,1.00000000,516.04809000,b,l,
1525746859.2234,0.99890000,34.05478000,s,l,
1525854721.9989,0.99990000,334.95500000,b,l,
1525882387.5604,0.99960000,33.59404000,b,m,
1525723279.0255,0.99930000,34.03531000,s,l,
1525854722.3453,0.99990000,268.46000000,b,l,
1525856088.168,0.99940000,189.35100000,b,l,
1525725363.0803,0.99930000,34.03732000,b,m,
1525872967.0895,0.99960000,33.59135000,b,m,
1525845015.28,1.00000000,7.00000000,s,m,
1525804142.0658,1.00100000,75.00000000,s,l,
1525882387.5707,0.99960000,33.59404000,b,m,
1525740561.4615,0.99880000,14089.75967780,b,l,
1525744393.7908,0.99980000,34.05743000,b,l,
1525792457.6459,0.99960000,828.13842575,b,l,
1525890337.9657,0.99950000,34.08717000,b,m,
1525828645.507,1.00030000,1068.90062981,b,l,
1525812262.9209,0.99930000,75.00000000,s,l,
1525787579.2678,0.99920000,34.14089000,s,m,
1525728577.2636,0.99940000,34.04795000,s,m,
1525876429.3199,0.99970000,75.00000000,s,m,
1525854728.0336,1.00000000,5.48800000,b,l,
1525854729.6392,0.99990000,183.92700000,b,l,
1525784101.1098,0.99940000,34.09568000,s,m,
1525736863.3209,0.99970000,75.00000000,b,l,
1525856098.8722,0.99910000,75.00000000,s,l,
1525858494.0609,0.99990000,256.22400000,s,l,
1525790464.2772,0.99920000,30.06946000,b,l,
1525812408.6198,0.99960000,75.00000000,b,l,
1525856099.9443,0.99930000,75.00000000,b,l,
1525890338.0359,0.99950000,34.08717000,b,m,
1525746874.4147,0.99860000,75.00000000,s,l,
1525805310.497,1.00080000,21.28546000,b,m,
1525790464.2196,0.99920000,30.06946000,b,l,
1525744753.7629,0.99880000,3556.35077092,s,l,
1525812329.7744,0.99910000,11.42290911,s,l,
1525746859.2372,0.99890000,34.05478000,s,l,
1525804142.1631,1.00090000,3.94193000,s,l,
1525778297.1638,0.99950000,34.07673000,s,l,
1525792457.641,0.99890000,34.15325000,b,l,
1525773803.3896,0.99900000,0.00000001,s,m,
1525834260.7344,0.99970000,75.00000000,b,l,
1525792457.6639,0.99990000,6.00720865,b,l,
1525746426.5167,0.99960000,34.06503000,b,m,
1525790464.2747,0.99920000,30.06946000,b,l,
1525721795.86,0.99980000,34.04686000,s,m,
1525897068.0338,0.99940000,75.00000000,b,m,
1525804173.5124,1.00090000,34.04089000,s,l,
1525879827.2114,0.99960000,5.33293317,s,l,
1525848697.6559,0.99920000,31.63219000,s,l,
1525804179.3458,0.99990000,184.96900000,s,l,
1525895187.3796,0.99920000,0.00074830,b,m,
1525736863.3098,0.99960000,34.05672000,b,l,
1525777348.6499,0.99950000,34.07386000,b,m,
1525727671.9938,0.99990000,34.04260000,b,l,
1525736756.3648,0.99940000,34.04795000,s,m,
1525872118.1722,0.99970000,34.07074000,s,m,
1525792457.7042,1.00050000,324.58761553,b,l,
1525746853.4706,0.99940000,75.00000000,s,l,
1525893237.108,0.99950000,34.08710000,b,l,
1525780892.6528,0.99920000,34.08264000,b,l,
1525845162.0231,1.00000000,59.88400000,s,l,
1525746859.1952,0.99890000,34.05478000,s,l,
1525778297.1373,0.99950000,34.07673000,s,l,
1525721518.8522,1.00000000,3290.20055928,b,l,
1525781022.8218,0.99900000,74.99922040,b,l,
1525855143.1624,1.00000000,1867.15200000,b,l,
1525746889.7658,0.99820000,7013.37067780,s,l,
1525812408.6233,1.00000000,101.72787000,b,l,
1525746874.4191,0.99840000,6000.00000000,s,l,
1525736756.3181,0.99960000,8.95138000,s,m,
1525746859.2187,0.99890000,34.05478000,s,l,
1525852516.5234,0.99940000,31.63078000,b,l,
1525897603.1018,0.99930000,34.09568000,b,m,
1525890338.0014,0.99950000,34.08717000,b,m,
1525727079.3344,0.99940000,34.02897000,s,m,
1525746887.7269,0.99830000,6000.00000000,s,l,
1525746889.7693,0.99810000,20.03807232,s,l,
1525812262.9337,0.99900000,0.23526652,s,l,
1525804239.1479,1.00070000,18.00000000,b,m,
1525854018.7507,0.99950000,32.11971000,b,l,
1525722327.3051,0.99950000,0.41886000,s,m,
1525864939.7329,0.99960000,20.29366000,s,l,
1525876775.1171,0.99970000,33.58818000,b,l,
1525746859.2113,0.99890000,34.05478000,s,l,
1525778118.2408,0.99950000,34.07386000,b,l,
1525771754.386,0.99950000,207.83921961,s,m,
1525806261.3152,1.00080000,34.04224000,b,m,
1525856133.5324,0.99930000,75.00000000,b,l,
1525744753.7355,0.99920000,34.06140000,s,l,
1525897603.1262,0.99940000,34.09517000,b,m,
1525869805.5232,1.00000000,24.99910000,b,l,
1525869294.8815,0.99990000,34.06906000,s,m,
1525736863.3239,0.99980000,44.24015656,b,l,
1525788203.6301,0.99880000,75.00000000,s,l,
1525856126.7332,0.99940000,33.58405000,b,l,
1525809126.6375,1.00060000,4.56707267,b,l,
1525854408.7432,0.99990000,157.91800000,b,l,
1525872118.2353,0.99960000,34.07573000,s,m,
1525787579.2913,0.99920000,34.14089000,s,m,
1525856562.5666,0.99990000,33.58379000,b,l,
1525878023.0615,0.99980000,75.00000000,b,l,
1525809298.864,1.00060000,34.05329000,s,l,
1525722327.2874,0.99980000,34.03732000,s,m,
1525872118.1567,0.99970000,34.07074000,s,m,
1525727079.1693,0.99940000,34.02693000,s,m,
1525756104.9163,0.99800000,30.07368000,b,l,
1525725362.993,0.99930000,34.03732000,b,m,
1525890266.1672,0.99940000,75.00000000,b,m,
1525856133.8598,0.99940000,474.59900000,b,l,
1525867056.2811,0.99980000,33.58607000,b,l,
1525780892.6256,0.99870000,75.00000000,b,l,
1525746859.2566,0.99890000,34.05478000,s,l,
1525854770.6647,0.99990000,397.17400000,b,l,
1525895180.9481,0.99920000,34.09057000,s,l,
1525790464.2517,0.99920000,30.06946000,b,l,
1525725363.0939,0.99930000,34.03794000,b,m,
1525827753.4163,1.00020000,0.00000003,s,m,
1525887809.8216,0.99930000,34.08565000,s,l,
1525856137.4271,0.99940000,633.75600000,b,l,
1525744393.853,0.99990000,34.05790000,b,l,
1525867060.7333,1.00000000,13076.38900000,b,l,
1525811082.4714,0.99950000,324.56818409,s,l,
1525890338.0256,0.99950000,34.08717000,b,m,
1525727079.2205,0.99940000,34.02659000,s,m,
1525856126.7402,0.99940000,208.63422000,b,l,
1525882387.6468,0.99960000,33.59404000,b,m,
1525773803.3372,0.99910000,34.07476000,s,m,
1525879830.8003,0.99950000,33.60304000,s,l,
1525787579.1337,0.99930000,34.14089000,s,m,
1525894478.7634,0.99930000,34.09029000,s,m,
1525730641.9654,0.99990000,34.04815000,b,l,
1525730642.3164,1.00000000,982.69200000,b,l,
1525894484.1431,0.99930000,200.00000000,b,m,
1525805310.4846,1.00080000,34.04214000,b,m,
1525741721.0838,0.99960000,34.06140000,b,l,
1525872967.1365,0.99960000,33.59135000,b,m,
1525746859.1994,0.99890000,34.05478000,s,l,
1525744753.6915,0.99970000,34.06337000,s,l,
1525894496.1265,0.99930000,200.00000000,b,m,
1525790464.1958,0.99920000,31.26117000,b,l,
1525729720.449,0.99940000,34.04795000,s,l,
1525744753.5275,0.99970000,34.06649000,s,l,
1525894507.5736,0.99930000,200.00000000,b,m,
1525780892.632,0.99910000,34.08264000,b,l,
1525887809.7749,0.99950000,34.07388000,s,l,
1525864584.4601,0.99960000,34.06815000,s,l,
1525725363.044,0.99930000,34.03732000,b,m,
1525882095.4428,0.99920000,75.00000000,s,m,
1525841891.2515,1.00000000,33.08861000,b,l,
1525721451.7736,1.00000000,37.43546540,b,l,
1525894519.2474,0.99930000,200.00000000,b,m,
1525773803.3438,0.99910000,34.07476000,s,m,
1525770164.6764,0.99930000,33.60092000,b,l,
1525784677.9486,0.99980000,34.07931000,b,l,
1525894531.086,0.99930000,200.00000000,b,m,
1525722501.1243,0.99950000,0.04403306,s,l,
1525723279.023,0.99930000,34.03531000,s,l,
1525722505.6599,0.99980000,34.02470000,b,l,
1525722506.2266,1.00000000,352.91700000,b,l,
1525869805.4845,1.00000000,34.07108000,b,l,
1525894542.0625,0.99930000,200.00000000,b,m,
1525869805.4987,1.00000000,34.07108000,b,l,
1525727079.2624,0.99940000,34.02897000,s,m,
1525721846.9349,0.99980000,34.04206000,b,l,
1525744753.7125,0.99970000,34.06337000,s,l,
1525856153.2078,0.99900000,305.26300000,s,l,
1525725363.1605,1.00000000,34.02435000,b,m,
1525894554.707,0.99930000,200.00000000,b,m,
1525882095.4509,0.99900000,0.05500305,s,m,
1525811670.9556,0.99920000,0.00008072,s,m,
1525885696.6317,0.99970000,0.00202927,b,l,
1525729720.4375,0.99940000,10.71925000,s,l,
1525894565.8698,0.99930000,200.00000000,b,m,
1525778297.1464,0.99950000,34.07673000,s,l,
1525872118.1471,0.99970000,34.07074000,s,m,
1525730641.9795,0.99990000,34.04815000,b,l,
1525767427.2907,0.99930000,33.11394000,b,m,
1525894578.7395,0.99930000,200.00000000,b,m,
1525848697.6649,0.99920000,31.63219000,s,l,
1525796280.3457,1.00110000,787.88883953,s,m,
1525779898.3374,0.99880000,75.00000000,s,l,
1525744393.8395,0.99990000,34.05790000,b,l,
1525894589.5407,0.99930000,200.00000000,b,m,
1525854018.7319,0.99950000,32.11971000,b,l,
1525872967.0694,0.99960000,33.59135000,b,m,
1525823392.1403,1.00010000,0.00012017,s,l,
1525864583.5814,0.99960000,33.07930000,s,l,
1525725362.9761,0.99930000,34.03732000,b,m,
1525744753.7014,0.99970000,34.06337000,s,l,
1525894600.2424,0.99930000,200.00000000,b,m,
1525723058.7021,0.99930000,34.03531000,s,m,
1525872967.1305,0.99960000,33.59135000,b,m,
1525806261.2657,1.00070000,75.00000000,b,m,
1525876429.3666,0.99950000,33.60304000,s,m,
1525855887.649,0.99990000,34.06697000,b,l,
1525725363.1371,0.99990000,34.02725000,b,m,
1525894612.5161,0.99930000,200.00000000,b,m,
1525738965.0526,0.99900000,20.02002002,s,m,
1525787579.2033,0.99920000,34.14089000,s,m,
1525804508.7606,1.00060000,35.12174366,b,l,
1525730783.2414,1.00000000,255.15500000,b,l,
1525894624.1098,0.99930000,200.00000000,b,m,
1525876775.1222,0.99970000,33.58818000,b,l,
1525853669.4818,0.99930000,16.00000000,b,m,
1525876784.4956,0.99960000,0.00001646,s,m,
1525787579.3246,0.99780000,2671.95515133,s,m,
1525771754.3956,0.99940000,34.05097000,s,m,
1525894635.122,0.99930000,200.00000000,b,m,
1525777348.6863,0.99950000,33.61190595,b,m,
1525723058.6531,0.99980000,34.02435000,s,m,
1525784677.8371,0.99980000,34.07740000,b,l,
1525867056.2117,0.99950000,75.00000000,b,l,
1525867237.4855,1.00000000,34.06650000,b,l,
1525889878.9202,0.99910000,75.00000000,s,l,
1525856053.2602,0.99940000,33.09701000,b,l,
1525730807.6857,1.00000000,423.93100000,b,l,
1525725363.1536,0.99990000,34.02725000,b,m,
1525812408.6144,0.99930000,30.02913000,b,l,
1525746426.5492,0.99960000,34.06503000,b,m,
1525856170.5686,0.99930000,75.00000000,b,l,
1525879827.1617,0.99970000,33.58664000,s,l,
1525856400.495,0.99970000,32.12273000,b,l,
1525894658.1659,0.99930000,200.00000000,b,m,
1525841596.8122,0.99920000,31.13933000,b,m,
1525889333.7404,0.99940000,75.00000000,b,m,
1525730822.7561,1.00000000,172.30500000,b,l,
1525728577.2958,0.99940000,34.04795000,s,m,
1525723279.0759,0.99910000,0.02970755,s,l,
1525727671.9641,0.99990000,34.04260000,b,l,
1525778297.1538,0.99950000,34.07673000,s,l,
1525730833.9958,0.99960000,10.88391000,s,l,
1525767427.2756,0.99930000,33.11394000,b,m,
1525856174.846,0.99930000,326.74700000,b,l,
1525894680.7354,0.99940000,34.09058000,b,m,
1525804142.0341,1.00100000,34.04077000,s,l,
1525882387.6015,0.99960000,33.59404000,b,m,
1525744393.8598,0.99990000,34.05790000,b,l,
1525804576.688,1.00050000,75.00000000,s,l,
1525872967.0787,0.99960000,33.59135000,b,m,
1525780003.9923,0.99810000,75.00000000,s,l,
1525894692.41,0.99930000,200.00000000,b,m,
1525730853.9203,0.99960000,10.88391000,s,l,
1525780007.177,0.99780000,13076.38900000,s,l,
1525780009.0765,0.99780000,1013.37067780,s,l,
1525728577.2935,0.99940000,34.04795000,s,m,
1525788203.635,0.99870000,75.00000000,s,l,
1525876429.34,0.99950000,33.60304000,s,m,
1525747248.2686,0.99700000,79.84031936,s,m,
1525721846.9098,0.99980000,34.04206000,b,l,
1525725363.1326,0.99990000,34.02725000,b,m,
1525888789.1144,0.99940000,75.00000000,b,m,
1525778647.5304,0.99800000,33.60176000,s,m,
1525730871.6847,0.99960000,5.44195000,s,l,
1525770164.6914,0.99930000,33.60092000,b,l,
1525894715.6826,0.99930000,200.00000000,b,m,
1525722686.2412,1.00000000,1900.00000000,b,m,
1525790464.3492,0.99920000,30.06946000,b,l,
1525747449.1261,0.99690000,1000.00000000,b,l,
1525778358.1281,0.99910000,34.07450000,s,l,
1525894727.3598,0.99930000,200.00000000,b,m,
1525773803.3759,0.99900000,34.07317000,s,m,
1525841891.2675,1.00000000,33.08880000,b,l,
1525856183.5064,0.99900000,189.45500000,s,l,
1525780044.1984,0.99810000,30.06795000,b,l,
1525746859.2418,0.99890000,34.05478000,s,l,
1525790464.2539,0.99920000,30.06946000,b,l,
1525894738.1016,0.99930000,200.00000000,b,m,
1525770164.6958,0.99930000,33.60092000,b,l,
1525864584.4535,0.99960000,34.06815000,s,l,
1525890338.0602,0.99950000,30.75927964,b,m,
1525743670.1097,0.99960000,0.00000456,s,m,
1525869805.5033,1.00000000,34.07108000,b,l,
1525738385.1904,0.99930000,75.00000000,s,l,
1525805310.4751,1.00080000,34.04214000,b,m,
1525894751.5192,0.99930000,200.00000000,b,m,
1525744753.7191,0.99970000,34.06298000,s,l,
1525882387.5354,0.99930000,33.59382000,b,m,
1525856188.7753,0.99930000,245.29200000,b,l,
1525894763.8338,0.99930000,200.00000000,b,m,
1525792457.7395,1.00100000,8.98221302,b,l,
1525736756.3231,0.99960000,34.05148000,s,m,
1525790464.3381,0.99920000,30.06946000,b,l,
1525746426.5751,0.99960000,34.06503000,b,m,
1525770174.0308,0.99980000,955.72219419,b,l,
1525894774.8692,0.99930000,200.00000000,b,m,
1525882387.5317,0.99920000,75.00000000,b,m,
1525746426.6212,0.99960000,34.06503000,b,m,
1525854726.3475,0.99990000,664.18400000,b,l,
1525894786.4829,0.99930000,200.00000000,b,m,
1525804675.1618,1.00020000,182.78000000,s,l,
1525770164.669,0.99930000,33.60092000,b,l,
1525856058.7435,0.99940000,24.01264000,b,l,
1525722327.3027,0.99950000,34.04526000,s,m,
1525894797.7384,0.99930000,200.00000000,b,m,
1525770164.6936,0.99930000,33.60092000,b,l,
1525792457.6933,1.00050000,150.00000000,b,l,
1525894809.4627,0.99930000,200.00000000,b,m,
1525721795.8398,0.99980000,34.04686000,s,m,
1525727671.9262,0.99990000,34.04260000,b,l,
1525744393.8302,0.99990000,34.05790000,b,l,
1525855881.4064,0.99940000,34.07131000,s,l,
1525797488.4536,1.00100000,0.00000003,s,m,
1525746859.1038,0.99890000,34.05478000,s,l,
1525894820.8878,0.99930000,200.00000000,b,m,
1525856198.1887,0.99900000,175.54300000,s,l,
1525889884.4563,0.99930000,34.08725000,b,m,
1525721850.8389,1.00000000,13076.38900000,b,l,
1525894645.5407,0.99930000,200.00000000,b,m,
1525887809.7988,0.99930000,34.08565000,s,l,
1525894832.6337,0.99930000,200.00000000,b,m,
1525790464.2608,0.99920000,30.06946000,b,l,
1525736863.3268,0.99980000,81.74015656,b,l,
1525787579.2942,0.99920000,34.14089000,s,m,
1525894843.7671,0.99930000,200.00000000,b,m,
1525747388.6557,0.99770000,75.00000000,s,l,
1525856202.6232,0.99910000,75.00000000,s,l,
1525852516.5505,0.99990000,4168.90992375,b,l,
1525864939.7477,0.99960000,33.58347000,s,l,
1525739051.3563,0.99850000,1120.00000000,b,l,
1525852590.9392,0.99940000,8.47082000,s,l,
1525890337.9751,0.99950000,34.08717000,b,m,
1525747401.6088,0.99740000,1000.00000000,b,l,
1525747402.4956,0.99740000,1000.00000000,b,l,
1525890338.0413,0.99950000,34.08717000,b,m,
1525856205.7676,0.99940000,168.71500000,b,l,
1525727672.0034,0.99990000,34.04260000,b,l,
1525894867.6186,0.99930000,200.00000000,b,m,
1525747413.199,0.99740000,75.00000000,s,l,
1525747414.4219,0.99720000,1000.00000000,b,l,
1525747415.7956,0.99720000,1000.00000000,b,l,
1525747416.4066,0.99720000,1000.00000000,b,l,
1525770164.6837,0.99930000,33.60092000,b,l,
1525747420.1827,0.99720000,483.77400000,s,l,
1525894878.8374,0.99930000,200.00000000,b,m,
1525738965.0936,0.99560000,43.44901205,s,m,
1525747426.9466,0.99670000,1000.00000000,b,l,
1525747428.8489,0.99670000,1000.00000000,b,l,
1525747429.3436,0.99670000,1000.00000000,b,l,
1525897603.1239,0.99940000,34.09517000,b,m,
1525747431.3485,0.99670000,1000.00000000,b,l,
1525747432.4622,0.99690000,1000.00000000,b,l,
1525894889.8551,0.99930000,200.00000000,b,m,
1525872967.0835,0.99960000,33.59135000,b,m,
1525779353.2695,0.99900000,34.08177000,s,l,
1525844181.1332,1.00000000,550.88000000,s,l,
1525864585.5091,0.99960000,33.57055000,s,l,
1525747440.8491,0.99660000,1000.00000000,b,l,
1525778358.1311,0.99910000,34.07450000,s,l,
1525747442.1158,0.99660000,1000.00000000,b,l,
1525747444.3274,0.99670000,1000.00000000,b,l,
1525747445.2386,0.99670000,1000.00000000,b,l,
1525887809.8125,0.99930000,34.08565000,s,l,
1525747447.5583,0.99670000,1000.00000000,b,l,
1525747448.8716,0.99690000,1000.00000000,b,l,
1525837561.4483,0.99900000,1.37724551,s,m,
1525747450.7234,0.99690000,1000.00000000,b,l,
1525744753.7305,0.99920000,34.06140000,s,l,
1525894912.355,0.99930000,200.00000000,b,m,
1525787579.1626,0.99930000,34.14089000,s,m,
1525897525.9432,0.99910000,8.62727000,s,m,
1525848697.6455,0.99940000,45.48722178,s,l,
1525747464.1768,0.99700000,6000.00000000,s,l,
1525852516.5008,0.99940000,31.63078000,b,l,
1525894922.5823,0.99930000,200.00000000,b,m,
1525747467.809,0.99620000,710.70900000,b,l,
1525747468.7406,0.99620000,1000.00000000,b,l,
1525854850.8181,0.99990000,189.04900000,b,l,
1525747470.6575,0.99740000,1000.00000000,b,l,
1525747471.9834,0.99740000,1000.00000000,b,l,
1525747472.8806,0.99740000,1000.00000000,b,l,
1525784677.829,0.99980000,34.07740000,b,l,
1525813010.3697,0.99930000,75.00000000,s,l,
1525722327.279,0.99980000,34.03732000,s,m,
1525894935.4756,0.99930000,200.00000000,b,m,
1525738965.0817,0.99690000,13076.38900000,s,m,
1525747489.2554,0.99730000,30.11081000,b,l,
1525730641.9748,0.99990000,34.04815000,b,l,
1525856336.606,0.99940000,193.43700000,b,l,
1525757916.3515,0.99800000,30.07368000,b,l,
1525746859.2067,0.99890000,34.05478000,s,l,
1525894957.862,0.99930000,200.00000000,b,m,
1525895180.936,0.99920000,34.09057000,s,l,
1525845807.0983,1.00000000,0.00000990,s,m,
1525887809.7694,0.99960000,75.00000000,s,l,
1525854018.7269,0.99950000,32.11971000,b,l,
1525728577.2723,0.99940000,34.04795000,s,m,
1525894969.9957,0.99970000,200.00000000,b,m,
1525854018.7197,0.99950000,32.11971000,b,l,
1525894981.8201,0.99930000,200.00000000,b,m,
1525894983.32,0.99930000,34.09057000,b,l,
1525736863.437,0.99990000,0.00060690,b,l,
1525777348.661,0.99950000,34.07386000,b,m,
1525879830.8171,0.99950000,33.60304000,s,l,
1525894993.5619,0.99930000,200.00000000,b,m,
1525892082.0953,0.99930000,75.00000000,s,l,
1525852516.4849,0.99930000,31.63003000,b,l,
1525856228.5294,0.99940000,1205.39400000,b,l,
1525845851.8486,1.00000000,30.54031370,s,l,
1525746426.5657,0.99960000,34.06503000,b,m,
1525895005.0268,0.99930000,200.00000000,b,m,
1525721523.5386,1.00000000,38.45539634,b,l,
1525867056.5476,1.00000000,7530.77060000,b,l,
1525778358.1344,0.99910000,34.07685000,s,l,
1525854865.4199,0.99990000,193.36700000,b,l,
1525787579.3337,0.99760000,8000.00000000,s,m,
1525856231.8405,0.99940000,324.10100000,b,l,
1525841596.8262,0.99930000,75.00000000,b,m,
1525869294.8668,0.99990000,34.06906000,s,m,
1525864939.7598,0.99960000,33.58347000,s,l,
1525893096.6179,0.99940000,43.91217565,s,m,
1525780892.638,0.99920000,34.08264000,b,l,
1525855872.3532,0.99940000,34.07131000,s,l,
1525787579.1425,0.99930000,34.14089000,s,m,
1525736756.3511,0.99940000,34.04795000,s,m,
1525787579.2705,0.99920000,34.14089000,s,m,
1525895038.7414,0.99930000,200.00000000,b,m,
1525778121.0583,0.99980000,34.05499000,b,l,
1525879831.1294,0.99950000,33.58818000,s,l,
1525895043.3734,0.99930000,34.09067000,b,l,
1525897603.1091,0.99930000,34.09568000,b,m,
1525837703.6474,0.99920000,75.00000000,s,m,
1525774878.7076,0.99950000,34.07386000,b,m,
1525723058.6855,0.99950000,34.02470000,s,m,
1525895050.7004,0.99930000,200.00000000,b,m,
1525746426.5546,0.99960000,34.06503000,b,m,
1525727079.3445,0.99900000,0.00000013,s,m,
1525728577.2864,0.99940000,34.04795000,s,m,
1525895061.9133,0.99930000,200.00000000,b,m,
1525727079.1939,0.99940000,34.02693000,s,m,
1525852516.5326,0.99990000,34.06289000,b,l,
1525787579.2526,0.99920000,34.14089000,s,m,
1525813147.5022,0.99900000,0.68605164,s,l,
1525855881.4042,0.99940000,34.07131000,s,l,
1525895072.7736,0.99930000,200.00000000,b,m,
1525856240.3524,0.99910000,75.00000000,s,l,
1525895077.7758,0.99930000,34.09072000,b,l,
1525733361.8206,0.99960000,34.04936000,s,l,
1525854158.0503,0.99990000,363.55100000,b,l,
1525778297.1758,0.99950000,34.07673000,s,l,
1525895084.2157,0.99930000,200.00000000,b,m,
1525856254.27,0.99940000,162.76900000,b,l,
1525767427.28,0.99930000,33.11394000,b,m,
1525723058.7044,0.99930000,34.03531000,s,m,
1525895094.6643,0.99930000,200.00000000,b,m,
1525895096.9093,0.99930000,34.09213000,b,l,
1525809298.9007,1.00050000,34.04053000,s,l,
1525841891.2629,1.00000000,33.08881000,b,l,
1525744393.7607,0.99980000,34.05743000,b,l,
1525854018.7114,0.99950000,32.11971000,b,l,
1525872967.1254,0.99960000,33.59135000,b,m,
1525790464.3583,0.99960000,1626.33673174,b,l,
1525895106.9204,0.99930000,200.00000000,b,m,
1525787579.1654,0.99930000,34.14089000,s,m,
1525854881.1702,1.00000000,411.34000000,b,l,
1525770164.6615,0.99930000,33.60092000,b,l,
1525860023.1407,0.99960000,33.58356000,s,l,
1525895115.7392,0.99930000,34.09224000,b,l,
1525854157.795,0.99970000,75.00000000,b,l,
1525804142.1508,1.00090000,34.04157000,s,l,
1525895119.0843,0.99930000,200.00000000,b,m,
1525856053.2438,0.99940000,32.12273000,b,l,
1525890337.9818,0.99950000,34.08717000,b,m,
1525736863.3169,0.99960000,34.05672000,b,l,
1525894478.7658,0.99930000,34.09028000,s,m,
1525895130.2858,0.99930000,200.00000000,b,m,
1525736756.3466,0.99940000,34.04795000,s,m,
1525746859.1847,0.99890000,34.05478000,s,l,
1525778358.1595,0.99900000,3.39946072,s,l,
1525733361.8252,0.99960000,34.04936000,s,l,
1525784677.9269,0.99980000,34.07936000,b,l,
1525771754.4157,0.99940000,34.05097000,s,m,
1525854180.0253,0.99990000,305.46800000,b,l,
1525729720.4343,0.99960000,34.04712000,s,l,
1525778121.0383,0.99980000,34.05499000,b,l,
1525730641.984,0.99990000,34.04815000,b,l,
1525773803.3523,0.99910000,34.07476000,s,m,
1525895147.0129,0.99930000,34.09230000,b,l,
1525736756.2804,0.99970000,75.00000000,s,m,
1525727671.9687,0.99990000,34.04260000,b,l,
1525809299.057,1.00000000,34.04287000,s,l,
1525784677.8777,0.99980000,34.07936000,b,l,
1525790464.2222,0.99920000,30.06946000,b,l,
1525867056.2411,0.99980000,33.58248000,b,l,
1525774334.7017,0.99920000,47.86378508,s,l,
1525725363.0888,0.99930000,34.03732000,b,m,
1525854203.1074,0.99980000,75.00000000,b,l,
1525895164.4792,0.99930000,200.00000000,b,m,
1525746859.1773,0.99890000,34.05478000,s,l,
1525721795.8553,0.99980000,34.04686000,s,m,
1525727079.293,0.99940000,34.02897000,s,m,
1525895175.4994,0.99930000,200.00000000,b,m,
1525895176.9127,0.99930000,34.09240000,b,l,
1525854217.7699,0.99990000,345.30500000,b,l,
1525854218.9141,0.99990000,321.35800000,b,l,
1525854219.9508,0.99990000,301.78600000,b,l,
1525895180.9212,0.99920000,34.09058000,s,l,
1525784101.1212,0.99880000,34.09568000,s,m,
1525784101.1184,0.99880000,34.09568000,s,m,
1525895187.3769,0.99920000,0.39215480,b,m,
1525854228.9281,0.99980000,75.00000000,b,l,
1525744753.6801,0.99970000,34.06337000,s,l,
1525886999.8353,0.99970000,75.00000000,b,l,
1525854232.8859,1.00000000,354.67900000,b,l,
1525882387.5381,0.99930000,30.02913000,b,m,
1525854236.0569,0.99980000,344.28900000,b,l,
1525895198.2706,0.99920000,34.09403000,b,l,
1525887008.4503,0.99970000,360.76797679,s,l,
1525854896.3173,1.00000000,222.46400000,b,l,
1525854243.389,0.99980000,370.27600000,b,l,
1525854248.5496,0.99980000,322.72900000,b,l,
1525895210.288,0.99930000,200.00000000,b,m,
1525854252.2331,0.99990000,178.36800000,b,l,
1525723279.0719,0.99910000,34.04470000,s,l,
1525805105.4556,1.00050000,74.95879248,s,l,
1525778647.5239,0.99810000,33.59966000,s,m,
1525895222.3078,0.99930000,200.00000000,b,m,
1525733361.8538,0.99960000,34.04946000,s,l,
1525895232.5254,0.99930000,200.00000000,b,m,
1525837890.1622,0.99900000,45347.49020000,s,m,
1525872118.1318,0.99970000,34.07108000,s,m,
1525895240.3824,0.99920000,34.09415000,b,l,
1525895243.379,0.99920000,159.09415000,b,m,
1525744753.6503,0.99970000,34.06337000,s,l,
1525790464.3295,0.99920000,30.06946000,b,l,
1525744753.6653,0.99970000,34.06337000,s,l,
1525869805.4821,1.00000000,34.07108000,b,l,
1525895255.1765,0.99930000,200.00000000,b,m,
1525734471.4141,0.99960000,25.10010000,s,l,
1525805310.4728,1.00080000,34.04214000,b,m,
1525784677.8492,0.99980000,34.07936000,b,l,
1525895266.8923,0.99930000,200.00000000,b,m,
1525867195.5725,0.99990000,75.00000000,b,l,
1525744753.7168,0.99970000,34.06337000,s,l,
1525872967.0527,0.99960000,33.59135000,b,m,
1525890338.0465,0.99950000,34.08717000,b,m,
1525857083.401,0.99990000,16.73300117,s,l,
1525856274.5659,0.99930000,75.00000000,b,l,
1525895278.8051,0.99930000,200.00000000,b,m,
1525725363.0525,0.99930000,34.03732000,b,m,
1525773803.2945,0.99960000,75.00000000,s,m,
1525895290.2888,0.99930000,200.00000000,b,m,
1525890338.0333,0.99950000,34.08717000,b,m,
1525887809.8562,0.99930000,34.08565000,s,l,
1525746426.5774,0.99960000,34.06503000,b,m,
1525787579.3048,0.99920000,34.14089000,s,m,
1525739051.352,0.99850000,75.00000000,b,l,
1525895303.4602,0.99930000,200.00000000,b,m,
1525757985.7986,0.99830000,33.60092000,b,m,
1525723278.999,0.99930000,34.03531000,s,l,
1525723279.0649,0.99910000,34.04470000,s,l,
1525856280.782,0.99900000,925.00000000,s,m,
1525895314.2297,0.99930000,200.00000000,b,m,
1525867056.2573,0.99980000,33.58347000,b,l,
1525721795.872,0.99980000,34.04686000,s,m,
1525727671.9416,0.99990000,34.04260000,b,l,
1525895325.308,0.99930000,200.00000000,b,m,
1525841891.256,1.00000000,33.08881000,b,l,
1525872118.1494,0.99970000,34.07074000,s,m,
1525893147.3537,0.99940000,75.00000000,b,m,
1525727671.894,0.99990000,34.04260000,b,l,
1525895337.8604,0.99930000,200.00000000,b,m,
1525728577.277,0.99940000,34.04795000,s,m,
1525895348.8116,0.99930000,200.00000000,b,m,
1525898208.6293,0.99940000,75.00000000,b,m,
1525772475.4159,0.99940000,34.05499000,b,l,
1525854397.2738,0.99990000,201.14600000,b,l,
1525895359.5901,0.99930000,200.00000000,b,m,
1525757985.8009,0.99830000,33.60092000,b,m,
1525756104.9187,0.99800000,30.07368000,b,l,
1525895370.3959,0.99930000,200.00000000,b,m,
1525856053.2005,0.99940000,32.12273000,b,l,
1525895381.1312,0.99930000,200.00000000,b,m,
1525872118.1659,0.99970000,34.07074000,s,m,
1525854423.3557,0.99990000,203.88000000,b,l,
1525864939.753,0.99960000,33.58347000,s,l,
1525811670.9537,0.99920000,0.04043808,s,m,
1525746426.5123,0.99960000,34.06503000,b,m,
1525895392.7331,0.99930000,200.00000000,b,m,
1525854433.7939,0.99990000,265.17300000,b,l,
1525867237.4751,1.00000000,33.58325000,b,l,
1525882387.5832,0.99960000,33.59404000,b,m,
1525876775.1127,0.99970000,33.58818000,b,l,
1525895404.0816,0.99930000,200.00000000,b,m,
1525744393.7641,0.99980000,34.05743000,b,l,
1525780719.0262,0.99870000,30.06584000,b,l,
1525869805.501,1.00000000,34.07108000,b,l,
1525744753.646,0.99970000,34.06337000,s,l,
1525895414.717,0.99930000,200.00000000,b,m,
1525805310.4945,1.00080000,34.04224000,b,m,
1525887809.84,0.99930000,34.08565000,s,l,
1525727079.1719,0.99940000,34.02693000,s,m,
1525895426.4953,0.99930000,200.00000000,b,m,
1525854018.7175,0.99950000,32.11971000,b,l,
1525777348.6579,0.99950000,34.07386000,b,m,
1525895437.3788,0.99930000,200.00000000,b,m,
1525846286.976,1.00010000,61.38473095,b,l,
1525790464.191,0.99920000,31.26117000,b,l,
1525833570.6437,1.00010000,0.00071742,s,m,
1525736756.3626,0.99940000,34.04795000,s,m,
1525895448.9709,0.99930000,200.00000000,b,m,
1525722501.1226,0.99950000,22.06056686,s,l,
1525876784.4903,0.99960000,25.75275779,s,m,
1525895460.4133,0.99930000,200.00000000,b,m,
1525827633.2662,1.00020000,9556.42064452,b,l,
1525725363.0713,0.99930000,34.03732000,b,m,
1525790464.1933,0.99920000,31.26117000,b,l,
1525894478.7534,0.99940000,75.00000000,s,m,
1525746859.2016,0.99890000,34.05478000,s,l,
1525723439.2129,0.99910000,0.00000001,s,l,
1525723279.0464,0.99910000,34.04470000,s,l,
1525887809.7848,0.99950000,34.07388000,s,l,
1525722505.6905,0.99990000,0.55572510,b,l,
1525746859.1602,0.99890000,34.05478000,s,l,
1525895483.3028,0.99930000,200.00000000,b,m,
1525722506.3996,1.00000000,2051.02000000,b,l,
1525805310.4922,1.00080000,34.04214000,b,m,
1525727671.918,0.99990000,34.04260000,b,l,
1525895495.3341,0.99930000,200.00000000,b,m,
1525767427.3022,0.99930000,33.60092000,b,m,
1525803063.4865,1.00120000,1002.00500000,b,m,
1525835033.2504,0.99980000,30.02732000,b,l,
1525723279.0364,0.99930000,34.03531000,s,l,
1525770164.6641,0.99930000,33.60092000,b,l,
1525727671.9205,0.99990000,34.04260000,b,l,
1525882095.4529,0.99900000,0.00004890,s,m,
1525854018.7485,0.99950000,32.11971000,b,l,
1525744393.8744,0.99990000,34.05743000,b,l,
1525867237.4776,1.00000000,33.58325000,b,l,
1525895520.9413,0.99930000,200.00000000,b,m,
1525856133.2094,0.99900000,116.44600000,s,l,
1525846378.9623,1.00000000,626.65260000,s,l,
1525872118.1799,0.99970000,34.07074000,s,m,
1525895534.1994,0.99930000,200.00000000,b,m,
1525770429.7531,0.99950000,94.81037924,s,m,
1525725362.9788,0.99930000,34.03732000,b,m,
1525841891.2301,0.99990000,31.62672000,b,l,
1525893182.7348,0.99940000,75.00000000,b,m,
1525780854.9589,0.99860000,58.19212000,b,l,
1525872967.0865,0.99960000,33.59135000,b,m,
1525895545.6461,0.99930000,200.00000000,b,m,
1525882387.6067,0.99960000,33.59404000,b,m,
1525854593.8382,0.99990000,305.31100000,b,l,
1525895557.5269,0.99930000,200.00000000,b,m,
1525833592.3926,1.00000000,34.06139000,s,l,
1525856321.2027,0.99930000,75.00000000,b,l,
1525787579.2765,0.99920000,34.14089000,s,m,
1525723058.6748,0.99950000,11.94066000,s,m,
1525811670.9519,0.99920000,20.25948104,s,m,
1525744393.8073,0.99980000,34.05743000,b,l,
1525809298.8909,1.00050000,34.04053000,s,l,
1525788203.6373,0.99870000,243.70000000,s,l,
1525746426.4899,0.99960000,34.06503000,b,m,
1525895569.1818,0.99930000,200.00000000,b,m,
1525778118.2335,0.99950000,34.07386000,b,l,
1525854612.8191,0.99990000,327.59400000,b,l,
1525893237.1271,0.99950000,34.08755000,b,l,
1525805310.4775,1.00080000,34.04214000,b,m,
1525854616.1939,0.99990000,359.54200000,b,l,
1525854619.2625,0.99990000,486.43000000,b,l,
1525780892.6287,0.99910000,34.08264000,b,l,
1525895581.0782,0.99930000,200.00000000,b,m,
1525813667.1704,0.99900000,29.89820136,s,m,
1525772709.7856,0.99950000,70.78431365,s,l,
1525895592.2142,0.99930000,200.00000000,b,m,
1525746426.5012,0.99960000,34.06503000,b,m,
1525780906.6543,0.99870000,34.09112000,s,l,
1525746859.1128,0.99890000,34.05478000,s,l,
1525897603.079,0.99930000,75.00000000,b,m,
1525767427.2861,0.99930000,33.11394000,b,m,
1525756104.9264,0.99800000,30.07368000,b,l,
1525854642.2219,0.99990000,386.63500000,b,l,
1525854721.78,0.99990000,199.44200000,b,l,
1525854645.7047,0.99990000,509.70100000,b,l,
1525854646.21,0.99990000,664.37600000,b,l,
1525784677.9433,0.99980000,34.07931000,b,l,
1525744393.9165,1.00000000,22496.87759824,b,l,
1525856358.1927,0.99930000,75.00000000,b,l,
1525780926.2189,0.99820000,0.06235120,s,l,
1525872967.0578,0.99960000,33.59135000,b,m,
1525790464.168,0.99850000,75.00000000,b,l,
1525778507.8255,0.99920000,75.00000000,b,l,
1525738965.0971,0.99560000,0.00017310,s,m,
1525740777.2333,0.99960000,34.05668000,b,l,
1525854664.3182,0.99990000,178.09400000,b,l,
1525860023.1384,0.99960000,33.58356000,s,l,
1525723599.5661,0.99910000,8995.00000000,s,m,
1525854674.9341,0.99990000,218.03000000,b,l,
1525897525.941,0.99920000,34.09517000,s,m,
1525872118.1421,0.99970000,34.07074000,s,m,
1525805310.4627,1.00080000,34.04214000,b,m,
1525854680.6949,0.99990000,195.66000000,b,l,
1525854681.5807,0.99990000,281.58800000,b,l,
1525790800.1117,0.99890000,75.00000000,s,m,
1525780962.5636,0.99920000,908.65100000,b,l,
1525854691.7303,0.99990000,273.29300000,b,l,
1525854693.676,0.99990000,360.23500000,b,l,
1525727079.2976,0.99940000,34.02897000,s,m,
1525733361.8161,0.99960000,34.04936000,s,l,
1525876429.3512,0.99950000,33.60304000,s,m,
1525852590.9368,0.99940000,33.58402000,s,l,
1525852315.2488,0.99920000,75.00000000,s,l,
1525784677.8045,0.99920000,30.06675000,b,l,
1525867056.2486,0.99980000,33.58347000,b,l,
1525780980.9459,0.99830000,11.84746333,s,l,
1525813754.6213,0.99910000,6.22930638,b,m,
1525834495.8554,0.99970000,75.00000000,b,l,
1525746426.4634,0.99960000,34.06503000,b,m,
1525804142.1361,1.00090000,34.04366000,s,l,
1525780991.4733,0.99830000,22.24190667,s,l,
1525854721.5308,0.99990000,358.28100000,b,l,
1525854722.3192,0.99990000,843.51300000,b,l,
1525882387.627,0.99960000,33.59404000,b,m,
1525854726.0449,0.99990000,631.21400000,b,l,
1525725363.0914,0.99930000,34.03732000,b,m,
1525854729.9101,0.99990000,477.35900000,b,l,
1525723279.0741,0.99910000,14.88348303,s,l,
1525876429.3773,0.99950000,14.09689920,s,m,
1525854736.1571,0.99990000,513.51100000,b,l,
1525797396.1574,1.00110000,20.00000000,b,m,
1525722327.2972,0.99950000,34.04206000,s,m,
1525747248.2729,0.99700000,0.00031808,s,m,
1525854744.2697,0.99990000,265.75600000,b,l,
1525804142.0547,1.00100000,34.04041000,s,l,
1525882387.5731,0.99960000,33.59404000,b,m,
1525854018.6871,0.99950000,25.74408000,b,l,
1525771754.4179,0.99940000,34.05097000,s,m,
1525846572.966,1.00000000,150.02500380,s,l,
1525876429.3312,0.99950000,33.60304000,s,m,
1525757985.8031,0.99830000,33.60092000,b,m,
1525854770.6816,0.99990000,166.48800000,b,l,
1525854773.9077,0.99990000,315.26400000,b,l,
1525854774.4354,0.99990000,361.41500000,b,l,
1525744393.8155,0.99990000,34.05672000,b,l,
1525854776.8242,0.99990000,186.80700000,b,l,
1525856476.5305,0.99990000,32.12273000,b,l,
1525744753.7441,0.99920000,34.06140000,s,l,
1525854180.0345,0.99990000,363.58900000,b,l,
1525722505.6996,1.00000000,1050.63387490,b,l,
1525857083.3969,0.99990000,8383.23358543,s,l,
1525876775.1364,0.99970000,33.58818000,b,l,
1525854786.6922,0.99990000,270.88200000,b,l,
1525846597.3605,1.00000000,164.89436730,s,l,
1525854726.0347,0.99990000,466.63300000,b,l,
1525789260.8028,0.99850000,59.62146932,s,l,
1525790464.1784,0.99920000,33.12803000,b,l,
1525892643.8588,0.99940000,75.00000000,b,m,
1525855881.3879,0.99940000,34.07131000,s,l,
1525869805.4793,1.00000000,34.07108000,b,l,
1525770164.6667,0.99930000,33.60092000,b,l,
1525779898.3406,0.99880000,35.94339252,s,l,
1525828645.4821,1.00030000,8400.00000000,b,l,
1525887809.8742,0.99910000,34.08565000,s,l,
1525733361.8686,0.99940000,9.75496000,s,l,
1525744753.6823,0.99970000,34.06337000,s,l,
1525744753.7213,0.99970000,34.06298000,s,l,
1525856359.2636,0.99940000,161.87000000,b,l,
1525792457.7153,1.00100000,0.02167974,b,l,
1525887809.808,0.99930000,34.08565000,s,l,
1525797488.4483,1.00100000,3.93424728,s,m,
1525854833.2198,0.99990000,258.02600000,b,l,
1525744393.8648,0.99990000,34.05743000,b,l,
1525744393.8788,0.99990000,34.05743000,b,l,
1525722505.65,0.99980000,34.02470000,b,l,
1525773803.3855,0.99900000,34.07151000,s,m,
1525746426.6096,0.99960000,34.06503000,b,m,
1525854850.0315,0.99990000,176.82500000,b,l,
1525854728.0269,0.99990000,486.40100000,b,l,
1525854860.7132,0.99990000,212.30800000,b,l,
1525746859.2592,0.99890000,34.05478000,s,l,
1525792457.6434,0.99960000,828.13842575,b,l,
1525727079.3377,0.99900000,8019.38889222,s,m,
1525848697.6681,0.99910000,12734.47644822,s,l,
1525854865.7962,0.99990000,485.10600000,b,l,
1525788099.7851,0.99870000,74.99954000,b,l,
1525722327.2846,0.99980000,34.03732000,s,m,
1525892082.1037,0.99910000,34.09637000,s,l,
1525867056.2521,0.99980000,33.58347000,b,l,
1525721795.8669,0.99980000,34.04686000,s,m,
1525854876.175,1.00000000,183.47500000,b,l,
1525813917.9551,1.00030000,1531.36583929,b,l,
1525855820.1152,0.99980000,33.58403000,s,l,
1525854881.3152,1.00000000,217.57900000,b,l,
1525746859.1276,0.99890000,34.05478000,s,l,
1525854887.0175,1.00000000,375.38700000,b,l,
1525854889.0919,1.00000000,348.88700000,b,l,
1525852599.0969,0.99940000,33.58402000,s,l,
1525854892.6627,1.00000000,456.52800000,b,l,
1525854895.1059,1.00000000,436.53100000,b,l,
1525813936.3033,1.00040000,1400.00000000,b,m,
1525854897.3416,1.00000000,170.20000000,b,l,
1525854898.8276,1.00000000,328.84600000,b,l,
1525854899.8854,1.00000000,248.86500000,b,l,
1525833592.4195,1.00000000,34.06139000,s,l,
1525835362.5891,0.99970000,75.00000000,s,l,
1525854902.3039,1.00000000,366.30500000,b,l,
1525846711.0271,1.00000000,686.40700000,s,l,
1525854908.267,1.00000000,203.43600000,b,l,
1525852516.5109,0.99940000,31.63078000,b,l,
1525893237.1318,0.99950000,34.08755000,b,l,
1525767427.2823,0.99930000,33.11394000,b,m,
1525784677.9044,0.99980000,34.07936000,b,l,
1525813956.4676,1.00040000,50.00000000,b,m,
1525855868.1685,0.99990000,75.00000000,s,l,
1525890338.0518,0.99950000,34.08717000,b,m,
1525841891.2386,1.00000000,0.00001293,b,l,
1525879827.1801,0.99960000,33.58673000,s,l,
1525784677.8345,0.99980000,34.07740000,b,l,
1525869805.5189,1.00000000,34.07108000,b,l,
1525866428.5698,0.99910000,7.37432270,s,m,
1525869294.8739,0.99990000,34.06906000,s,m,
1525889148.9978,0.99940000,75.00000000,b,m,
1525784018.1887,0.99950000,14.19225000,b,l,
1525856381.787,0.99950000,223.27000000,b,l,
1525778358.1414,0.99910000,34.07685000,s,l,
1525729720.44,0.99940000,34.04795000,s,l,
1525778358.1475,0.99910000,34.07685000,s,l,
1525806261.3105,1.00080000,34.04224000,b,m,
1525787579.2113,0.99920000,34.14089000,s,m,
1525744393.8201,0.99990000,34.05790000,b,l,
1525879827.1771,0.99960000,33.58664000,s,l,
1525738965.0734,0.99800000,14089.75967780,s,m,
1525854979.7694,1.00000000,192.11700000,b,l,
1525854984.5631,1.00000000,171.56400000,b,l,
1525777348.6836,0.99950000,34.07386000,b,m,
1525797488.4389,1.00100000,1971.05788423,s,m,
1525848195.7031,0.99990000,34.06180000,s,l,
1525854996.3353,1.00000000,165.86100000,b,l,
1525867056.2789,0.99980000,33.58347000,b,l,
1525855005.9225,1.00000000,2000.00000000,b,l,
1525746426.4441,0.99880000,75.00000000,b,m,
1525855011.632,1.00000000,323.65200000,b,l,
1525785393.4056,0.99940000,27.36600281,s,l,
1525864583.5846,0.99960000,3.66670000,s,l,
1525746859.1746,0.99890000,34.05478000,s,l,
1525855021.9081,1.00000000,348.60400000,b,l,
1525864584.4508,0.99960000,33.58116000,s,l,
1525855026.5948,1.00000000,159.76400000,b,l,
1525855029.9103,1.00000000,177.02000000,b,l,
1525887809.7895,0.99950000,34.07388000,s,l,
1525855031.872,1.00000000,185.06900000,b,l,
1525855033.8886,1.00000000,215.19000000,b,l,
1525879830.8203,0.99950000,28.91596683,s,l,
1525814635.5315,1.00020000,2745.09763047,s,m,
1525855036.8746,1.00000000,1142.15100000,b,l,
1525730641.9771,0.99990000,34.04815000,b,l,
1525852590.9093,0.99950000,75.00000000,s,l,
1525855039.8663,1.00000000,160.21200000,b,l,
1525887809.8377,0.99930000,34.08565000,s,l,
1525855042.2922,1.00000000,205.10900000,b,l,
1525855043.2338,1.00000000,181.39100000,b,l,
1525855045.8161,1.00000000,172.25100000,b,l,
1525855047.2423,1.00000000,177.12500000,b,l,
1525787579.154,0.99930000,34.14089000,s,m,
1525879830.7971,0.99950000,33.60304000,s,l,
1525872118.2211,0.99960000,34.07457000,s,m,
1525744753.6972,0.99970000,34.06337000,s,l,
1525855057.3387,1.00000000,357.30900000,b,l,
1525778121.0406,0.99980000,34.05499000,b,l,
1525834665.348,0.99950000,75.00000000,s,l,
1525879831.1201,0.99950000,33.58528000,s,l,
1525887834.4181,0.99910000,75.00000000,s,l,
1525855067.8242,1.00000000,179.79100000,b,l,
1525790464.327,0.99920000,30.06946000,b,l,
1525722505.6548,0.99980000,34.02470000,b,l,
1525852516.4914,0.99930000,31.63003000,b,l,
1525856400.4977,0.99970000,32.12273000,b,l,
1525855035.4798,1.00000000,734.81100000,b,l,
1525869294.8966,0.99980000,34.06906000,s,m,
1525787579.3,0.99920000,34.14089000,s,m,
1525721795.8789,0.99940000,0.00356799,s,m,
1525855085.9692,1.00000000,175.51600000,b,l,
1525855091.5965,1.00000000,179.86000000,b,l,
1525855092.0778,1.00000000,174.91200000,b,l,
1525787579.2619,0.99920000,34.14089000,s,m,
1525855039.2634,1.00000000,176.31200000,b,l,
1525771754.3979,0.99940000,34.05097000,s,m,
1525778726.4576,0.99860000,30.06615000,b,m,
1525770164.7012,0.99930000,33.60092000,b,l,
1525797764.2801,1.00100000,76.45627930,s,l,
1525887809.8817,0.99900000,11358.55848000,s,l,
1525855117.8468,1.00000000,515.55600000,b,l,
1525770429.7657,0.99950000,0.00000076,s,m,
1525727079.1636,0.99940000,34.02693000,s,m,
1525721846.9322,0.99980000,34.04206000,b,l,
1525887811.226,0.99900000,13076.38900000,s,l,
1525727079.2331,0.99940000,34.02659000,s,m,
1525778358.1668,0.99900000,34.07151000,s,l,
1525746426.4828,0.99960000,34.06503000,b,m,
1525806261.3176,1.00080000,34.04224000,b,m,
1525790464.2351,0.99920000,30.06946000,b,l,
1525852315.2443,0.99920000,75.00000000,s,l,
1525856470.4323,0.99990000,26.89869000,b,l,
1525855143.3919,1.00000000,180.17600000,b,l,
1525855144.3079,1.00000000,1441.14600000,b,l,
1525855146.8455,1.00000000,209.24800000,b,l,
1525746859.235,0.99890000,34.05478000,s,l,
1525893473.4816,0.99930000,75.00000000,b,m,
1525855153.8291,1.00000000,170.51300000,b,l,
1525809298.8455,1.00060000,18.02555967,s,l,
1525784101.1261,0.99880000,34.09568000,s,m,
1525855163.2297,1.00000000,630.57100000,b,l,
1525838780.4085,0.99910000,40.41181915,s,l,
1525854018.7292,0.99950000,32.11971000,b,l,
1525814207.1334,1.00000000,75.00000000,s,m,
1525855820.1199,0.99980000,16.90900000,s,l,
1525855171.7705,1.00000000,463.28500000,b,l,
1525725362.9813,0.99930000,34.03732000,b,m,
1525773803.319,0.99910000,34.07476000,s,m,
1525727079.1772,0.99940000,34.02693000,s,m,
1525834665.3586,0.99900000,22979.70550519,s,l,
1525809298.8737,1.00050000,34.04053000,s,l,
1525730807.6182,1.00000000,347.26600000,b,l,
1525855181.4168,1.00000000,366.11700000,b,l,
1525897525.9289,0.99920000,34.09490000,s,m,
1525855191.1768,1.00000000,176.44400000,b,l,
1525879831.123,0.99950000,33.58818000,s,l,
1525723279.0141,0.99930000,34.03531000,s,l,
1525744393.8485,0.99990000,34.05790000,b,l,
1525887809.8239,0.99930000,34.08565000,s,l,
1525813147.5046,0.99900000,0.00109360,s,l,
1525730811.585,1.00000000,1658.84000000,b,l,
1525784677.9552,0.99980000,63.96006595,b,l,
1525778121.0459,0.99980000,34.05499000,b,l,
1525867056.2463,0.99980000,33.58347000,b,l,
1525855220.2823,1.00000000,517.49500000,b,l,
1525827753.4106,1.00020000,3.18723829,s,m,
1525725363.1117,0.99990000,34.02725000,b,m,
1525838847.7697,0.99910000,69.76521273,s,l,
1525848697.6582,0.99920000,31.63219000,s,l,
1525856192.6393,0.99900000,396.63000000,s,l,
1525738965.0569,0.99870000,75.00000000,s,m,
1525746426.5194,0.99960000,34.06503000,b,m,
1525740561.464,0.99890000,75.00000000,b,l,
1525879827.1671,0.99970000,33.58664000,s,l,
1525879830.8116,0.99950000,33.60304000,s,l,
1525879831.1392,0.99900000,488.50068683,s,l,
1525741721.0716,0.99960000,2.85995481,b,l,
1525879834.0332,0.99900000,241.41000000,s,l,
1525882387.5862,0.99960000,33.59404000,b,m,
1525848203.0699,0.99980000,6137.57600000,b,l,
1525737051.113,0.99900000,0.00069506,s,m,
1525771754.431,0.99920000,5.86311267,s,m,
1525856465.4206,0.99990000,33.57995000,b,l,
1525869294.852,0.99990000,34.06906000,s,m,
1525855067.7177,1.00000000,184.33700000,b,l,
1525848195.7107,0.99980000,34.06180000,s,l,
1525863465.0819,1.00000000,4745.35910000,b,m,
1525778118.2358,0.99950000,34.07386000,b,l,
1525725362.9419,0.99930000,34.03732000,b,m,
1525856053.2549,0.99940000,32.60997000,b,l,
1525725363.0965,0.99990000,34.02725000,b,m,
1525803467.5946,1.00110000,9.98003992,s,m,
1525852590.9279,0.99940000,33.58402000,s,l,
1525744393.844,0.99990000,34.05790000,b,l,
1525746859.2491,0.99890000,34.05478000,s,l,
1525784101.116,0.99910000,75.00000000,s,m,
1525773803.305,0.99950000,75.00000000,s,m,
1525855306.0261,1.00000000,585.91900000,b,l,
1525855307.0486,1.00000000,302.91600000,b,l,
1525746859.1084,0.99890000,34.05478000,s,l,
1525855311.5004,1.00000000,412.57200000,b,l,
1525790464.3179,0.99920000,30.06946000,b,l,
1525871702.5247,0.99990000,1626.97839784,b,m,
1525809298.9206,1.00010000,2500.00000000,s,l,
1525890338.0281,0.99950000,34.08717000,b,m,
1525813147.4917,0.99920000,75.00000000,s,l,
1525746426.4561,0.99900000,34.06494000,b,m,
1525856442.9443,0.99950000,232.16100000,b,l,
1525805310.4822,1.00080000,34.04214000,b,m,
1525781600.4213,0.99880000,48.69387000,b,l,
1525744753.7327,0.99920000,34.06140000,s,l,
1525781606.2377,0.99860000,31.03525207,s,l,
1525722505.6339,0.99980000,34.02470000,b,l,
1525792457.6729,1.00000000,299995.00000000,b,l,
1525770429.7458,0.99960000,75.00000000,s,m,
1525882387.6117,0.99960000,33.59404000,b,m,
1525744753.7773,0.99810000,9299.84673388,s,l,
1525844736.1618,1.00000000,151.17396840,s,l,
1525855355.7588,0.99990000,75.00000000,b,l,
1525746426.4921,0.99960000,34.06503000,b,m,
1525855836.32,0.99990000,34.06246000,b,l,
1525897408.3334,0.99920000,34.09432000,s,m,
1525778297.2068,0.99950000,34.07673000,s,l,
1525879939.3665,0.99940000,69.96210000,b,m,
1525744753.5413,0.99970000,34.06337000,s,l,
1525852516.5394,0.99990000,34.06290000,b,l,
1525746426.4967,0.99960000,34.06503000,b,m,
1525894680.7402,0.99940000,97.72826000,b,m,
1525855380.4962,0.99990000,818.48100000,b,l,
1525727079.3167,0.99940000,34.02897000,s,m,
1525855384.1161,0.99990000,353.38300000,b,l,
1525855385.5605,0.99990000,319.19900000,b,l,
1525806234.3855,1.00070000,43.10880072,b,l,
1525727671.9552,0.99990000,34.04260000,b,l,
1525723279.0778,0.99910000,0.00005930,s,l,
1525833592.396,1.00000000,34.06139000,s,l,
1525872118.1975,0.99970000,34.07128000,s,m,
1525773803.3167,0.99910000,34.07476000,s,m,
1525855868.2663,0.99940000,8.97674000,s,l,
1525837561.4444,0.99960000,75.00000000,s,m,
1525867237.4629,1.00000000,33.58332000,b,l,
1525784677.7626,0.99920000,30.06675000,b,l,
1525806261.3265,1.00080000,34.04224000,b,m,
1525852516.496,0.99930000,32.11713000,b,l,
1525804576.6907,1.00050000,74.92404797,s,l,
1525896386.0556,0.99930000,27.30000000,b,m,
1525852590.9346,0.99940000,33.58402000,s,l,
1525855431.7152,0.99990000,182.19500000,b,l,
1525893237.1433,0.99950000,34.09463000,b,l,
1525780003.9893,0.99810000,75.00000000,s,l,
1525890337.9954,0.99950000,34.08717000,b,m,
1525778647.514,0.99870000,75.00000000,s,m,
1525804142.146,1.00090000,34.04157000,s,l,
1525744393.8247,0.99990000,34.05790000,b,l,
1525778118.2381,0.99950000,34.07386000,b,l,
1525784101.1866,0.99820000,34.08937000,s,m,
1525780906.6668,0.99830000,75.00000000,s,l,
1525784677.8317,0.99980000,34.07740000,b,l,
1525897603.0918,0.99930000,34.09568000,b,m,
1525856465.4184,0.99990000,33.57995000,b,l,
1525740777.2486,0.99960000,34.05668000,b,l,
1525747449.3578,0.99690000,1000.00000000,b,l,
1525856053.2409,0.99940000,32.12273000,b,l,
1525854203.1192,0.99990000,312.40900000,b,l,
1525778358.078,0.99950000,34.07740000,s,l,
1525736756.3603,0.99940000,34.04795000,s,m,
1525723279.0278,0.99930000,34.03531000,s,l,
