time,price,volume,buy_or_sell,market_or_limit,misc
1525809153.5123,9273.30000,1.00000000,b,l,
1525888668.9727,9299.10000,1.00000000,s,l,
1525951147.0633,9326.50000,5.10000000,s,l,
1525940229.4856,9351.00000,0.20746360,b,m,
1525845969.8848,9069.70000,0.22467203,b,m,
1525841922.157,9077.00000,0.33209027,b,l,
1525874702.2861,9263.00000,0.16880000,s,l,
1525983917.8381,9077.40000,0.01980000,b,l,
1525878333.2246,9310.80000,0.00000023,s,m,
1525841923.7824,9077.00000,0.35586050,b,l,
1525754542.1916,9417.20000,0.03998290,s,l,
1525778361.9107,9185.50000,1.00000000,s,l,
1525809178.4031,9257.30000,1.00000000,b,l,
1525950322.1607,9360.40000,2.00000000,s,m,
1525940253.483,9350.90000,0.00000008,s,m,
1525809182.7805,9255.40000,0.11334237,s,l,
1525940256.8967,9351.00000,0.00347575,b,l,
1525874723.6203,9263.00000,0.26610000,s,l,
1525874725.709,9263.00000,0.28280000,s,l,
1525874729.3255,9263.00000,0.07620222,s,l,
1525839464.948,8999.00000,0.18679305,b,l,
1525888755.6059,9300.00000,0.12300000,b,m,
1525940270.9345,9351.00000,0.41614675,s,l,
1525809199.7382,9255.40000,1.00000000,s,l,
1525841928.7273,9077.00000,0.12583149,b,m,
1525809203.7427,9255.40000,0.00200000,s,l,
1525809204.0429,9255.40000,0.01300000,s,l,
1525809205.0441,9255.90000,0.50000000,b,m,
1525874743.2837,9261.00000,0.20000000,s,l,
1525874745.7411,9256.10000,0.14630000,s,l,
1525809210.1887,9255.40000,0.14200000,s,l,
1525874747.1726,9259.80000,0.24620000,s,l,
1525874748.4689,9257.00000,0.14330000,s,l,
1525809213.6583,9255.30000,0.00238303,s,l,
1525809214.8086,9253.90000,0.45774997,s,l,
1525820085.4448,9212.50000,0.11859090,b,l,
1525940289.7656,9351.00000,0.37408423,b,m,
1525874755.6295,9260.00000,0.10000000,s,l,
1525809222.181,9250.10000,0.00540532,b,m,
1525929313.4161,9327.20000,0.01432147,b,l,
1525809224.8696,9250.00000,0.00500000,s,l,
1525973004.24,9165.20000,0.21460000,b,m,
1525809231.0282,9250.00000,0.01900000,s,l,
1525874768.4177,9257.20000,0.28960000,s,l,
1525874769.2706,9257.40000,0.01417358,b,l,
1525874770.8123,9257.60000,0.20902179,s,l,
1525874771.0738,9257.20000,0.40506726,s,m,
1525809236.0447,9250.10000,0.97227207,b,m,
1525940309.5264,9350.90000,0.04600000,s,l,
1525874775.8375,9256.00000,0.27700000,s,l,
1525809241.948,9250.00000,2.19100000,s,l,
1525809244.7571,9250.00000,0.02200000,s,l,
1525874783.1418,9257.40000,0.23297082,s,l,
1525874784.1816,9257.90000,0.28950000,s,l,
1525951163.9514,9326.50000,0.11570000,b,l,
1525940324.5706,9350.90000,0.00500000,s,m,
1525809253.5944,9250.00000,0.05260000,s,l,
1525862630.7624,9150.00000,1.00000000,b,m,
1525810110.8665,9239.70000,0.50000000,b,l,
1525809256.8603,9250.00000,0.00800000,s,l,
1525874794.3767,9260.70000,0.00550000,s,l,
1525874796.2474,9260.70000,0.01223094,s,l,
1525869143.7488,9301.70000,0.00606493,b,m,
1525809262.0695,9250.00000,0.02500000,s,l,
1525809266.9884,9250.00000,1.00000000,s,l,
1525928052.2414,9325.00000,1.04145077,s,m,
1525809273.6558,9250.00000,0.25000000,s,l,
1525895219.2116,9281.40000,0.01290000,s,l,
1525874818.6605,9257.40000,0.76702918,s,l,
1525874820.9857,9257.30000,0.28250000,s,l,
1525874821.1636,9257.40000,2.00000000,b,l,
1525874823.1997,9257.30000,0.18947319,s,l,
1525874824.8477,9257.30000,0.18947319,s,l,
1525874825.9301,9257.30000,0.18947319,s,l,
1525874826.464,9257.30000,0.06400000,s,l,
1525809291.5671,9250.00000,0.18758607,s,l,
1525809292.6025,9250.00000,0.00200000,s,l,
1525809293.4475,9250.00000,0.20510000,s,l,
1525874830.1427,9257.30000,0.20275535,s,l,
1525874831.0484,9257.30000,0.18947319,s,l,
1525874832.8082,9257.30000,0.01190000,s,l,
1525809297.7284,9250.00000,1.00000000,s,l,
1525874834.2335,9257.30000,0.18947319,s,l,
1525809301.1619,9250.00000,1.00000000,s,l,
1525874838.6403,9257.30000,0.05000000,s,l,
1525874839.7217,9257.30000,0.02957277,s,l,
1525874840.2184,9257.30000,0.02877127,s,l,
1525874841.2493,9257.30000,0.03210000,s,l,
1525914534.1525,9329.90000,1.00000000,s,l,
1525874843.1443,9257.30000,0.26580000,s,l,
1525809308.2855,9250.10000,0.00300000,s,l,
1525874845.3202,9257.30000,0.24923560,s,l,
1525954141.973,9332.80000,0.00000016,s,m,
1525837719.7937,9034.50000,0.11731839,b,l,
1525809319.6351,9250.30000,0.01800000,s,l,
1525809322.9823,9250.30000,0.00300000,s,l,
1525940253.4086,9351.00000,0.01671465,b,l,
1525991240.54,9057.60000,0.00600000,b,m,
1525877436.787,9287.20000,0.25134532,b,l,
1525983081.3434,9043.90000,1.00000000,s,m,
1525809337.6595,9250.50000,0.00000514,b,m,
1525809338.6531,9250.40000,0.00500000,b,l,
1525809339.6082,9250.40000,0.01300000,s,l,
1525820106.6139,9212.20000,0.01831332,s,l,
1525958133.9365,9342.00000,4.72370766,b,l,
1525958210.0649,9349.90000,0.18370000,b,l,
1525839465.3204,8999.00000,0.00756664,b,l,
1525756098.5614,9368.00000,0.19000000,s,l,
1525809351.655,9250.80000,0.23300000,b,l,
1525809353.0734,9255.60000,0.01153333,b,m,
1525809355.2552,9255.00000,0.00400000,s,l,
1525940259.3595,9360.00000,0.00000027,b,l,
1525838483.1303,9026.30000,0.02210000,b,l,
1525888675.332,9299.00000,0.03798223,s,l,
1525893849.2391,9239.50000,0.50000000,s,m,
1525973028.1549,9159.80000,0.14850000,s,l,
1525809370.4967,9255.20000,0.01370000,s,l,
1525874907.7014,9257.40000,0.01780000,b,l,
1525809372.1255,9255.80000,0.02820773,b,l,
1525863802.4829,9206.30000,2.00000000,b,l,
1525874910.0975,9257.40000,0.01296260,b,l,
1525973029.0488,9161.70000,0.01000000,b,l,
1525770198.4255,9393.20000,0.36050000,b,m,
1525842848.9105,9034.40000,0.28925151,s,l,
1525858669.5872,9112.30000,0.00000001,b,l,
1525825390.1375,9133.50000,2.62665300,b,l,
1525874918.6233,9257.40000,0.02000000,b,l,
1525972425.6254,9189.60000,2.57692877,s,m,
1525874921.3047,9257.40000,0.00380000,b,l,
1525809386.373,9255.60000,0.00840158,b,m,
1525936357.737,9300.90000,0.00560000,s,l,
1525809390.039,9255.60000,0.00200000,b,l,
1525871218.9235,9274.60000,0.00299726,s,l,
1525857146.4074,9099.40000,0.00000001,b,l,
1525874729.9223,9263.00000,0.12020000,s,l,
1525885652.324,9346.00000,0.20000000,b,m,
1525867465.9329,9326.60000,0.01888158,b,m,
1525972380.9583,9255.00000,0.24810000,s,m,
1525809408.9893,9255.10000,0.01854019,s,l,
1525989697.4459,9083.30000,0.17100039,s,m,
1525911916.985,9350.00000,0.00344864,b,m,
1525940483.8047,9351.40000,0.01000000,b,m,
1525809412.5784,9255.20000,0.01500000,b,l,
1525940487.5778,9351.40000,0.01000000,b,m,
1525809418.0942,9255.10000,0.00927009,s,l,
1525783973.826,9134.40000,0.08942793,b,m,
1525809423.3174,9255.10000,0.00463505,s,l,
1525809787.5413,9233.80000,0.15465164,b,m,
1525940270.9489,9351.00000,0.01750000,s,l,
1525868295.5128,9275.50000,0.00000001,s,m,
1525809199.5154,9255.40000,0.04580000,s,l,
1525874972.7973,9257.30000,0.02000000,s,m,
1525983962.9713,9077.90000,2.00000000,s,m,
1525867466.2418,9400.00000,0.01500000,b,m,
1525874976.5896,9257.30000,0.07112240,s,l,
1525934505.3092,9268.80000,0.04000000,b,m,
1525874979.9616,9257.40000,0.08082800,b,m,
1525874980.2984,9257.30000,0.10960000,s,l,
1525863572.5077,9207.90000,0.06000000,b,m,
1525874983.1479,9257.30000,0.10950000,s,l,
1525867596.5652,9339.20000,0.70590000,b,l,
1525983964.0608,9077.90000,0.01337532,s,m,
1525756098.5918,9368.00000,1.00000000,s,l,
1525973042.7698,9163.50000,0.00606679,b,l,
1525938870.0783,9373.50000,0.01000000,b,l,
1525809456.9018,9255.20000,0.02330000,b,l,
1525812299.6673,9168.40000,0.21369356,s,m,
1525761688.1365,9316.90000,0.09183048,s,m,
1525961230.6804,9335.00000,0.06150000,s,m,
1525940539.8993,9351.50000,0.00270000,b,l,
1525809468.7116,9255.20000,0.11572332,b,l,
1525875005.7188,9257.10000,0.02000000,s,m,
1525873205.5421,9291.20000,1.67442153,s,m,
1525791020.1067,9120.10000,0.00800000,b,l,
1525809476.1774,9255.20000,0.00144528,b,m,
1525776438.5884,9315.00000,0.80000000,b,m,
1525809478.0846,9255.20000,0.03720000,b,l,
1525940553.7337,9351.40000,0.00900000,s,l,
1525971749.1547,9345.00000,0.10700000,s,l,
1525809485.0671,9255.20000,0.54096300,b,m,
1525871221.508,9270.70000,0.25922816,s,l,
1525991254.273,9034.50000,0.25144126,s,m,
1525912684.0694,9347.50000,0.00340000,s,l,
1525875031.8319,9258.00000,0.00200000,s,l,
1525837508.1262,9060.00000,0.29322987,b,l,
1525809500.8529,9255.10000,1.00000000,s,l,
1525809501.2378,9258.20000,1.03117053,b,l,
1525874747.6315,9259.80000,0.08280000,s,l,
1525809509.3961,9255.10000,0.00144528,s,m,
1525940582.1859,9353.30000,0.09640000,b,l,
1525809512.7875,9255.10000,1.00000000,s,l,
1525809513.8387,9255.20000,1.00000000,b,l,
1525940586.45,9353.30000,0.21930000,s,l,
1525940588.419,9353.20000,0.00750000,s,m,
1525809213.6612,9255.30000,1.79018707,s,l,
1525852904.6942,9025.90000,0.10266769,s,l,
1525875058.2518,9257.00000,0.09500000,s,l,
1525841212.3061,9054.70000,0.05000000,b,m,
1525875062.8495,9257.10000,0.02902000,b,l,
1525937718.907,9320.80000,0.01184376,b,m,
1525841983.8874,9080.00000,0.49385714,b,l,
1525925779.4504,9331.20000,0.00258543,s,l,
1525927629.3498,9344.60000,0.00500000,s,l,
1525863829.5885,9205.70000,0.00666295,s,l,
1525809536.187,9255.10000,2.19100000,s,l,
1525885675.3289,9346.90000,0.02000000,s,l,
1525971749.1694,9337.00000,0.44804000,s,l,
1525962545.3553,9342.30000,0.01208600,b,l,
1525875080.9485,9260.50000,0.10008055,s,l,
1525885676.0463,9347.00000,0.05567629,b,m,
1525940618.6421,9355.00000,0.50000000,s,m,
1525871223.5284,9271.90000,0.16293522,s,l,
1525809549.9887,9255.10000,0.29941083,s,l,
1525809550.0166,9255.10000,0.00058917,s,l,
1525874755.6367,9257.50000,0.24000000,s,l,
1525894051.6992,9254.90000,0.08289540,s,l,
1525911917.0568,9363.30000,0.07000000,b,m,
1525809568.7585,9260.00000,0.18676000,b,m,
1525809569.3775,9255.10000,0.90368994,s,l,
1525866723.2277,9216.10000,0.09650000,s,l,
1525875107.9668,9261.80000,0.01500000,b,m,
1525809222.1502,9250.10000,0.01182052,b,m,
1525809575.1683,9255.10000,0.00770000,b,l,
1525896604.4956,9284.60000,0.00699844,b,l,
1525865173.2792,9249.00000,0.05000000,b,l,
1525777897.2647,9280.10000,0.37939071,b,l,
1525778116.9992,9258.90000,0.12037830,b,l,
1525885683.928,9348.00000,0.10000000,b,m,
1525867362.8603,9323.00000,2.14570000,s,l,
1525875127.3347,9260.70000,0.03730000,s,l,
1525925781.7881,9331.20000,0.02042964,s,l,
1525973473.2849,9117.00000,0.20398304,s,m,
1525958960.5845,9373.90000,0.00500000,b,l,
1525841994.0655,9082.20000,0.53873373,b,l,
1525918453.1363,9293.00000,0.00370269,b,m,
1525809601.0682,9255.00000,1.19943727,s,l,
1525809602.7437,9250.00000,0.98153240,s,l,
1525841995.6851,9087.60000,0.50257552,b,m,
1525809604.2849,9238.80000,0.03000000,s,l,
1525893150.7472,9274.90000,0.05955710,b,l,
1525809606.4884,9234.00000,0.80000000,s,l,
1525863841.8623,9205.70000,1.77533705,s,l,
1525875147.9433,9260.60000,0.23610000,s,l,
1525962146.6237,9337.50000,0.50000000,b,l,
1525885596.4917,9339.00000,0.35000000,b,m,
1525809615.5717,9244.00000,0.00242976,b,m,
1525867313.4978,9335.00000,0.13677141,b,m,
1525983992.0284,9086.40000,0.02441178,b,l,
1525974527.8102,9127.90000,0.51515637,s,l,
1525872637.7536,9290.10000,0.48096605,b,m,
1525816669.0949,9176.00000,0.10000000,b,l,
1525940695.545,9355.50000,0.00120000,b,m,
1525809626.9145,9230.40000,0.00353928,s,m,
1525896613.5875,9279.50000,0.49754304,s,l,
1525855950.6234,9113.80000,0.04220000,s,l,
1525842000.6998,9080.10000,0.09259674,s,m,
1525809635.9589,9236.50000,0.22389392,b,l,
1525874769.2833,9257.20000,0.30533274,s,l,
1525809643.2236,9233.60000,0.01590000,s,l,
1525875182.2315,9260.00000,0.00719000,s,l,
1525809648.5976,9233.60000,1.04000000,s,l,
1525759183.118,9330.80000,0.46970000,b,l,
1525940722.4883,9355.40000,0.04000000,b,m,
1525874771.0849,9253.90000,0.01330637,s,m,
1525809657.8604,9233.60000,0.00521303,s,l,
1525875194.4432,9260.00000,0.19000000,b,m,
1525885695.9986,9348.00000,0.09000000,b,l,
1525962154.5806,9339.00000,0.06400000,b,m,
1525842005.4124,9082.00000,0.01400000,s,l,
1525809664.9811,9233.60000,0.10820000,s,l,
1525809665.1762,9233.60000,0.09910000,s,l,
1525809666.2852,9233.60000,0.10820000,s,l,
1525875204.9048,9259.90000,0.26610000,s,l,
1525842006.81,9082.10000,0.14386803,b,l,
1525809671.017,9236.10000,0.10497394,b,l,
1525809675.1262,9233.60000,0.13540000,s,l,
1525809676.9519,9236.10000,0.00144678,b,m,
1525875213.6499,9259.90000,0.01499000,s,m,
1525809678.5525,9236.10000,0.01799197,b,l,
1525798317.2758,9144.50000,0.05000000,s,l,
1525780980.795,9110.00000,0.15289055,s,l,
1525973080.9552,9172.90000,0.12928910,b,l,
1525838589.4786,9011.00000,0.10000000,s,m,
1525899656.9053,9234.40000,1.70990000,s,m,
1525875223.2406,9260.00000,0.92636918,b,l,
1525803242.1059,9105.00000,0.00935820,s,l,
1525987506.7623,9122.20000,0.09684764,b,m,
1525809699.2722,9233.70000,0.00684503,s,l,
1525962161.1166,9336.90000,0.03271872,s,l,
1525986888.5211,9089.90000,0.00500000,b,m,
1525778736.9926,9220.10000,0.01305428,b,l,
1525899574.3631,9244.00000,0.20000000,s,l,
1525839031.8822,8980.80000,0.01832176,b,l,
1525875593.0603,9273.30000,0.40044676,s,m,
1525900753.2719,9230.00000,0.34877377,s,m,
1525846752.3928,9059.10000,0.00354747,b,m,
1525835103.1003,9061.10000,0.00551809,s,m,
1525766144.5073,9360.80000,0.02940000,s,l,
1525765556.3528,9360.00000,0.02115194,b,l,
1525918474.2696,9298.70000,0.40000000,b,m,
1525778215.2297,9200.00000,0.10000000,s,m,
1525874493.3755,9272.00000,0.00000003,s,l,
1525875268.3753,9259.90000,0.02000000,s,m,
1525809733.4451,9233.70000,0.01712128,s,l,
1525940809.3465,9355.40000,0.01000000,s,m,
1525765559.1018,9360.00000,0.08154434,b,l,
1525858015.0626,9091.40000,3.20000000,s,m,
1525973090.6771,9170.50000,0.00170000,s,m,
1525809742.3915,9233.70000,0.10000000,s,l,
1525976239.3169,9052.50000,0.26202117,s,m,
1525870892.052,9275.00000,0.11019795,s,l,
1525991254.2317,9040.80000,0.71468741,s,m,
1525875285.2884,9260.00000,0.00719000,b,m,
1525765561.0529,9360.00000,0.00208169,b,l,
1525875291.183,9260.00000,0.33558300,b,m,
1525875293.3048,9260.00000,0.02000000,b,m,
1525940832.1103,9355.50000,0.00704141,b,l,
1525972246.2303,9304.10000,1.00000000,s,m,
1525836314.1792,9053.20000,0.03083265,s,l,
1525885928.4289,9372.00000,0.00500000,b,m,
1525885714.4861,9362.00000,0.23568433,b,m,
1525973096.4889,9161.70000,0.01749831,s,m,
1525809779.4723,9233.70000,0.05000000,s,m,
1525809781.5098,9233.70000,0.00701284,s,l,
1525940855.9679,9355.50000,0.99175859,b,m,
1525838497.0865,9026.00000,0.10000000,s,l,
1525770847.4434,9335.10000,0.00200000,s,l,
1525809787.5347,9233.80000,1.00000000,b,m,
1525809788.6524,9233.70000,0.01999411,s,l,
1525862502.1505,9123.00000,0.22089463,b,l,
1525809796.8648,9233.80000,1.62410000,b,m,
1525848197.356,9059.10000,0.01324635,s,l,
1525870906.0337,9275.00000,0.50000000,s,m,
1525809260.8537,9250.10000,0.00000010,b,m,
1525839228.5323,9010.90000,0.05930000,b,l,
1525973101.1012,9172.00000,0.09749299,b,l,
1525940880.5079,9362.40000,0.02030000,b,l,
1525773030.2574,9282.10000,1.06080000,b,m,
1525809262.5142,9250.10000,0.30975344,b,l,
1525786124.5078,9128.40000,1.00000000,s,m,
1525867830.8846,9310.60000,1.00000000,b,m,
1525809825.1499,9229.30000,0.00234241,b,m,
1525809829.4589,9229.20000,0.00997805,s,m,
1525902164.3589,9254.70000,0.01000000,b,m,
1525757755.6369,9373.30000,0.03270000,s,l,
1525935126.5525,9273.00000,0.00358884,b,m,
1525940338.7155,9350.90000,0.01000000,s,m,
1525855957.6179,9116.60000,0.20810000,s,l,
1525776499.6161,9312.90000,0.05590000,b,l,
1525875381.0395,9260.00000,0.02100000,b,l,
1525973108.3124,9160.40000,2.18200000,s,m,
1525834231.2857,9099.10000,0.00930000,s,l,
1525940925.2861,9355.80000,0.00729502,b,l,
1525809855.9822,9233.70000,0.00830938,b,m,
1525809856.0365,9233.90000,0.02669062,b,m,
1525768364.7322,9385.60000,0.01950000,b,l,
1525798347.4738,9144.60000,0.01317308,s,l,
1525875396.8109,9263.00000,0.00500000,b,l,
1525825406.0573,9133.70000,0.01342749,s,l,
1525776503.3661,9312.90000,0.09980000,s,l,
1525835384.478,9010.00000,0.05000000,s,l,
1525897421.3503,9284.70000,0.01500000,b,l,
1525875411.7554,9265.00000,0.00712000,b,m,
1525875412.7217,9268.70000,0.00773750,b,m,
1525765582.7562,9360.00000,0.01525147,b,l,
1525953575.3051,9324.00000,0.80000000,b,m,
1525803228.3278,9108.10000,0.00300000,s,l,
1525940959.7814,9355.80000,0.00300000,b,l,
1525875425.3896,9266.20000,0.28260000,s,l,
1525973116.7312,9157.30000,0.05010000,s,l,
1525940972.1873,9355.40000,0.03030000,s,l,
1525855959.3636,9113.90000,0.19940000,s,l,
1525973117.4263,9157.30000,0.00990000,s,l,
1525771269.1922,9316.40000,1.06080000,s,l,
1525783892.0253,9149.00000,0.00611277,b,m,
1525867466.4127,9450.00000,0.00200000,b,m,
1525768764.3807,9379.40000,0.02945841,b,m,
1525899558.5148,9247.00000,0.20000000,s,l,
1525875446.2813,9267.00000,0.01010000,s,l,
1525809913.75,9239.50000,0.00570769,b,m,
1525809916.2226,9239.00000,0.00700000,s,l,
1525860324.5906,9103.00000,0.08030000,s,l,
1525940990.801,9351.40000,0.01252628,s,l,
1525973120.1265,9150.00000,0.02500000,s,l,
1525825408.3607,9129.90000,0.98000000,s,m,
1525798359.0602,9147.50000,0.22850000,b,l,
1525809933.9125,9239.20000,0.00390000,s,l,
1525989078.2012,9112.70000,0.31435797,b,m,
1525875475.2704,9269.10000,0.08000000,b,l,
1525772015.457,9280.20000,0.06820284,s,m,
1525907588.0747,9288.00000,0.21550000,s,m,
1525798813.8852,9128.20000,0.09250000,s,l,
1525918511.767,9296.00000,0.06930591,b,m,
1525809949.4702,9239.90000,0.00000514,b,l,
1525953575.3704,9330.00000,0.00300000,b,m,
1525809951.0802,9239.90000,0.01037916,s,l,
1525941026.1129,9355.70000,0.01400000,b,l,
1525809955.0797,9239.90000,0.00234241,s,m,
1525852999.6824,9048.20000,0.05400000,b,m,
1525852977.1018,9031.70000,0.00300000,b,l,
1525982532.9681,9045.80000,0.00200000,s,m,
1525840632.537,9033.50000,0.50000000,s,l,
1525874823.29,9257.30000,0.28250000,s,l,
1525875500.5591,9266.00000,0.80000000,s,l,
1525941037.3957,9355.70000,0.00238651,b,m,
1525960802.2036,9371.60000,0.18700000,b,l,
1525809967.8724,9247.00000,0.19410000,s,l,
1525875507.1363,9265.10000,0.00000009,s,m,
1525885748.6991,9380.20000,1.53090000,b,m,
1525852981.1293,9031.60000,0.16360591,b,l,
1525941056.0336,9355.80000,0.02800000,b,l,
1525809986.895,9248.90000,0.69194990,b,m,
1525973131.0529,9178.20000,2.31200000,b,m,
1525809990.7976,9247.20000,0.10410000,s,l,
1525875527.9092,9265.20000,0.00100000,b,m,
1525875528.5868,9265.10000,0.98600000,s,m,
1525842060.9123,9080.20000,0.49333000,s,l,
1525809995.2486,9247.20000,0.01250000,b,l,
1525931260.0515,9326.70000,0.18810000,s,l,
1525871238.4741,9270.80000,0.07979282,s,l,
1525874829.1703,9257.30000,0.09430000,s,l,
1525810002.811,9248.90000,0.00144384,b,m,
1525765603.5634,9360.00000,0.01023753,b,l,
1525941077.8844,9355.80000,0.00200000,b,l,
1525901790.7393,9227.00000,0.05142965,b,l,
1525839033.1299,8980.80000,0.13365663,b,l,
1525984716.5607,9108.10000,0.34900706,b,m,
1525951290.1495,9329.60000,0.00808644,b,m,
1525765605.9172,9360.00000,0.01025540,b,l,
1525941088.4692,9355.70000,0.00928652,s,l,
1525809296.2858,9250.00000,0.18503278,s,l,
1525867247.1633,9271.60000,0.96005983,b,l,
1525810019.6828,9248.80000,0.11797805,b,l,
1525863910.213,9193.80000,0.00778732,b,m,
1525941094.4232,9355.80000,0.01383175,b,m,
1525940369.1238,9351.00000,0.05980000,b,l,
1525824389.7892,9164.30000,0.00076664,s,m,
1525810028.1238,9248.80000,1.00000000,s,l,
1525810030.3091,9248.80000,0.12967153,s,l,
1525810031.0318,9248.80000,0.00369877,s,l,
1525854171.0502,9096.60000,0.20440000,b,m,
1525810033.99,9248.80000,1.00000000,s,l,
1525835978.4269,9023.30000,0.96620000,b,l,
1525875572.3157,9269.90000,0.04390000,s,l,
1525875573.0235,9273.10000,0.00600000,s,l,
1525810041.5734,9248.80000,1.00000000,s,l,
1525941114.5867,9355.70000,0.01256184,s,l,
1525765610.8363,9362.00000,0.02412935,b,l,
1525809301.4906,9250.10000,0.00000632,b,m,
1525776621.4818,9314.90000,0.00995578,b,m,
1525941121.1761,9355.80000,0.00023000,b,m,
1525875586.274,9273.60000,0.10000000,b,m,
1525941123.5451,9355.70000,0.21628285,s,l,
1525810053.2341,9248.80000,1.73155671,s,l,
1525838506.6685,9026.50000,0.01680000,b,l,
1525875593.0704,9273.30000,0.01000000,s,m,
1525941130.3867,9355.80000,0.00300000,b,l,
1525874839.4642,9257.30000,0.01414802,s,l,
1525838530.5464,9009.00000,0.05000000,s,l,
1525875600.4745,9274.70000,0.03360000,b,m,
1525809304.423,9250.10000,0.01199368,b,l,
1525901466.1702,9215.00000,0.20000000,s,m,
1525810069.6632,9248.70000,1.00000000,s,l,
1525810071.2909,9248.80000,0.45944329,b,m,
1525791024.248,9119.60000,0.00500000,s,l,
1525778367.2557,9191.40000,0.00606175,b,m,
1525973503.1398,9100.10000,0.42697174,s,m,
1525783712.6787,9120.00000,0.07915546,b,l,
1525984571.4989,9087.30000,0.07760000,s,m,
1525855965.0283,9117.40000,0.22467203,b,m,
1525874843.7066,9257.40000,0.00718797,b,l,
1525941156.6122,9350.10000,0.01410000,s,m,
1525787462.9826,9125.50000,0.03000589,b,l,
1525875623.679,9273.70000,0.03000000,s,m,
1525973742.526,9146.50000,1.00000000,s,m,
1525875625.8527,9274.70000,0.10570000,b,m,
1525770754.5873,9343.20000,1.00000000,b,m,
1525852999.669,9033.20000,1.00000000,b,m,
1525875631.2514,9279.30000,0.53975200,b,m,
1525842872.044,9034.40000,0.00300000,s,l,
1525842078.8942,9079.50000,0.00200000,s,l,
1525857527.3099,9084.10000,3.40000000,s,m,
1525754697.219,9413.70000,0.01226678,b,l,
1525844271.9389,9037.10000,0.11740600,b,l,
1525929460.1186,9331.00000,0.00381362,b,l,
1525941178.221,9355.80000,0.00300000,b,l,
1525776543.655,9312.40000,0.01303120,s,l,
1525810109.9025,9234.70000,0.00144678,s,m,
1525810110.8579,9239.60000,0.00700000,b,l,
1525976448.2684,9098.20000,0.36040389,b,m,
1525803228.3706,9108.10000,0.00340000,s,l,
1525973131.056,9178.60000,4.70000000,b,m,
1525867506.7819,9331.00000,0.00500000,s,l,
1525896694.5925,9284.40000,0.00651129,b,l,
1525836326.3628,9053.20000,0.00000115,s,m,
1525941198.1465,9355.80000,0.01500000,b,l,
1525941199.9242,9353.00000,0.01363720,s,m,
1525804260.7201,9210.30000,3.30000000,b,m,
1525972380.8613,9257.60000,0.02070000,s,m,
1525820238.7266,9199.40000,0.05260000,b,l,
1525810134.3882,9232.90000,0.00066000,b,l,
1525941207.6106,9355.80000,0.00300000,b,l,
1525875672.8515,9278.40000,0.33788416,b,l,
1525842084.4587,9079.50000,0.24026745,s,l,
1525853007.5239,9033.20000,0.04400000,s,l,
1525875676.3903,9278.40000,0.16022700,b,l,
1525941214.1431,9353.00000,0.20000000,s,m,
1525941218.6141,9355.80000,0.01800000,b,l,
1525941219.0127,9353.00000,0.11170000,s,l,
1525959115.0571,9374.70000,0.04690000,b,m,
1525812322.7065,9186.00000,0.20650000,s,l,
1525810151.1506,9230.90000,0.11000000,s,m,
1525875690.3468,9278.40000,0.11419126,b,l,
1525776551.4149,9312.10000,0.01099959,s,l,
1525973160.5237,9168.20000,0.38067622,s,m,
1525875698.0562,9278.40000,0.00500000,b,m,
1525778215.304,9200.00000,2.00000000,s,m,
1525875701.8653,9278.40000,0.31800363,b,l,
1525941238.8931,9355.80000,0.00400000,b,l,
1525810167.8984,9231.20000,0.16136215,s,l,
1525941241.8885,9355.80000,0.02000000,b,l,
1525867507.0331,9331.00000,0.00307843,s,l,
1525810172.5037,9231.30000,0.00840158,s,m,
1525875709.3407,9278.40000,0.00045598,b,l,
1525863936.4022,9194.80000,0.90200000,b,l,
1525941252.328,9353.30000,0.43930621,s,l,
1525951318.9012,9330.00000,0.04968644,b,m,
1525863937.3834,9198.20000,0.13677800,b,l,
1525941260.4459,9355.80000,0.00200000,b,l,
1525875725.7566,9277.50000,0.01694084,b,l,
1525875727.6694,9277.40000,0.00500000,s,l,
1525810193.1369,9231.60000,0.08860000,s,l,
1525870895.5619,9275.00000,0.45950771,s,l,
1525875732.9472,9277.50000,0.23192016,b,l,
1525969969.1645,9352.20000,0.00005797,s,l,
1525765636.5531,9362.00000,0.01389833,b,l,
1525810202.2431,9232.80000,0.00144286,b,m,
1525941277.3825,9355.80000,0.00200000,b,l,
1525811538.7379,9211.00000,0.01123223,b,l,
1525962900.2508,9335.00000,0.10392902,s,l,
1525820251.0697,9199.50000,0.02716170,b,l,
1525961230.6912,9335.00000,0.15000000,s,m,
1525810213.9964,9236.10000,0.00289062,b,m,
1525803228.3311,9108.10000,0.20545976,s,l,
1525984092.8642,9080.20000,0.01017406,b,l,
1525875761.0936,9277.50000,0.07423726,b,l,
1525776563.8474,9310.10000,0.00870000,s,l,
1525941300.0715,9353.00000,0.11396902,s,m,
1525991270.1518,9046.50000,0.22048780,b,l,
1525941302.732,9355.80000,0.01400000,b,l,
1525780991.8674,9100.00000,0.62526367,s,m,
1525966759.3318,9331.10000,0.01054688,s,l,
1525810234.7979,9229.00000,0.00144286,s,l,
1525875774.8953,9279.30000,0.13560976,b,m,
1525973174.6774,9195.60000,0.00445866,b,m,
1525867505.5926,9331.00000,0.00500000,s,l,
1525863948.3196,9201.80000,0.99310000,s,l,
1525968660.421,9340.20000,0.01986900,b,l,
1525941324.6101,9355.80000,0.00300000,b,l,
1525941326.7933,9355.80000,0.00500000,b,l,
1525982542.231,9049.80000,0.12200000,s,l,
1525875797.2565,9278.70000,0.06371522,b,l,
1525809337.6398,9250.50000,0.00642176,b,m,
1525875803.0226,9279.30000,0.08352028,b,l,
1525809338.6476,9250.40000,0.02110000,b,l,
1525835560.2157,9078.10000,1.63000000,b,m,
1525875808.4613,9275.80000,3.00000000,s,m,
1525974334.1058,9144.90000,0.02890000,b,l,
1525810280.6526,9233.10000,0.03937400,b,l,
1525875817.6905,9276.30000,0.19610000,s,l,
1525810282.9684,9233.00000,0.05060000,s,l,
1525941355.0292,9355.80000,0.01700000,b,l,
1525938684.6674,9388.90000,0.14000000,b,m,
1525941359.173,9355.80000,0.00200000,b,l,
1525840334.9996,9024.80000,0.00300000,b,m,
1525875829.0607,9279.10000,0.63867765,b,l,
1525810299.3056,9233.00000,4.50926763,s,l,
1525853034.1899,9031.40000,0.00241483,s,l,
1525875840.3265,9279.00000,0.04210000,s,l,
1525810305.0198,9229.00000,0.00855714,s,l,
1525941382.2129,9355.80000,0.78064323,b,l,
1525875847.3063,9282.00000,0.07014033,b,l,
1525954975.827,9336.80000,1.00000000,b,m,
1525842114.3464,9084.20000,0.95920000,s,l,
1525853038.7128,9047.60000,0.25000000,b,m,
1525875865.6724,9279.70000,0.02450000,s,l,
1525962904.0856,9338.00000,1.49292902,s,l,
1525857366.0662,9087.90000,0.00346450,b,m,
1525765658.5602,9361.90000,0.00640896,s,l,
1525827604.5074,9126.50000,0.01212230,b,l,
1525983779.0008,9081.50000,0.00670000,s,l,
1525941414.9046,9356.90000,0.00150000,s,m,
1525839049.9021,8980.80000,0.01532166,s,l,
1525809351.6639,9254.20000,0.06100000,b,l,
1525875888.8775,9280.10000,0.20590000,s,l,
1525973192.1519,9182.30000,0.13730000,s,l,
1525810355.3111,9227.80000,0.00280000,s,l,
1525885812.0702,9360.80000,0.03618566,b,l,
1525886526.4585,9361.10000,0.00500000,b,l,
1525941438.9947,9363.70000,0.00239897,b,l,
1525835388.9406,9005.00000,0.20770000,s,m,
1525810374.8254,9227.90000,0.07281000,s,l,
1525820279.2715,9183.90000,0.21220000,s,m,
1525932354.7382,9313.70000,0.23121110,b,m,
1525810381.6775,9228.00000,0.00211398,b,l,
1525754744.7326,9426.40000,0.02874552,b,m,
1525973198.0259,9182.40000,0.28794948,s,l,
1525768728.166,9369.90000,0.21110000,s,m,
1525977234.0535,9108.20000,0.00681202,b,l,
1525989078.1982,9110.00000,1.17431256,b,m,
1525803228.3642,9108.10000,0.00630000,s,l,
1525959932.0724,9359.20000,0.00500000,s,l,
1525835498.7401,9022.10000,0.19677077,b,m,
1525936925.7567,9285.00000,0.06000000,s,m,
1525941474.7182,9363.60000,0.00200000,b,l,
1525836341.402,9042.90000,1.79000000,s,m,
1525875945.3098,9280.10000,0.00963870,s,l,
1525810410.572,9228.50000,0.01662852,s,l,
1525831207.4224,9161.80000,0.01853170,s,l,
1525875948.6296,9280.00000,0.12906130,s,l,
1525875949.3257,9280.00000,0.00450000,s,l,
1525947631.9678,9329.50000,0.00500000,s,l,
1525938622.587,9362.70000,0.00630000,b,m,
1525794711.7532,9163.40000,0.22649231,s,l,
1525867051.8258,9250.00000,0.01200000,b,m,
1525811103.3725,9226.00000,0.33746371,s,m,
1525877799.0477,9297.00000,0.00580000,b,l,
1525871044.7604,9273.30000,1.00000000,b,m,
1525863979.6615,9199.60000,0.00282400,b,m,
1525810436.4052,9235.40000,0.00216619,s,l,
1525810439.1975,9235.50000,0.06100000,s,l,
1525973819.6831,9167.20000,1.00000000,s,m,
1525880935.2026,9294.50000,0.07976056,s,m,
1525941520.1376,9357.50000,0.60000000,b,l,
1525941521.0443,9357.50000,0.00800000,b,l,
1525836463.5437,9000.00000,1.00000000,s,m,
1525875997.8256,9282.00000,1.50000000,b,m,
1525867466.018,9340.60000,0.10600000,b,m,
1525780900.9968,9145.50000,0.00450000,b,l,
1525876002.7746,9283.30000,0.50000000,b,m,
1525874907.7134,9257.40000,0.01296260,b,l,
1525941542.381,9357.30000,0.00200000,s,l,
1525911872.5812,9350.00000,1.77693033,b,l,
1525941544.2247,9356.50000,0.99999999,s,l,
1525809372.1214,9255.80000,0.01479227,b,l,
1525848703.8181,9089.10000,1.00000000,b,l,
1525938904.4629,9368.70000,0.28000000,s,m,
1525982210.6908,9067.30000,0.41700000,b,l,
1525962909.9858,9331.00000,0.27000000,b,l,
1525819790.9417,9232.00000,0.08660000,b,l,
1525972381.037,9254.70000,0.00017713,s,m,
1525934110.177,9285.00000,0.25000000,s,m,
1525792693.5789,9150.30000,0.01000000,b,m,
1525876026.9381,9283.30000,0.06899219,b,l,
1525973899.2489,9183.90000,0.20330000,b,l,
1525911967.3508,9385.00000,0.13890900,b,m,
1525867191.3177,9341.00000,0.00521025,b,m,
1525939856.6653,9357.20000,0.04000000,b,l,
1525810499.3828,9237.80000,0.00144002,b,m,
1525982550.1679,9050.00000,0.00510000,s,m,
1525805787.8705,9228.30000,0.03106491,b,m,
1525972423.8694,9250.00000,0.44254902,s,m,
1525876041.564,9282.60000,0.13550000,b,m,
1525840647.5174,9034.90000,0.10336300,b,l,
1525937498.4456,9297.00000,0.00638810,b,m,
1525885696.0728,9350.00000,0.05000000,b,m,
1525831225.7558,9162.80000,0.00562321,s,m,
1525941593.3553,9357.30000,0.00600000,b,l,
1525941600.1077,9357.50000,0.04350000,b,l,
1525867051.7234,9216.20000,4.00000000,b,m,
1525810532.8067,9233.80000,0.00144002,s,m,
1525810534.361,9238.60000,0.00642697,b,m,
1525804557.1717,9235.90000,0.01000000,s,m,
1525876074.5236,9281.60000,0.05000000,b,m,
1525941616.6512,9357.40000,0.00600000,b,l,
1525960729.8776,9371.90000,0.13919203,s,l,
1525810551.5831,9238.30000,0.03935900,b,l,
1525876089.5302,9280.20000,0.01832200,b,m,
1525972363.051,9278.10000,0.13360000,s,l,
1525762658.1518,9328.70000,0.18235177,b,l,
1525810557.8452,9238.10000,0.00643211,s,m,
1525876095.8157,9279.30000,0.01044108,s,m,
1525941634.7703,9357.40000,0.00200000,b,l,
1525941639.0705,9357.40000,0.00600000,b,l,
1525836341.3992,9044.20000,0.10000000,s,m,
1525776621.4874,9314.90000,0.05560000,b,m,
1525973620.8121,9145.10000,0.00900000,b,l,
1525806668.9241,9245.00000,0.22467203,s,l,
1525768364.7415,9385.60000,0.12788416,b,l,
1525810580.9953,9238.10000,0.10500000,s,m,
1525834159.4747,9107.20000,0.02540589,b,m,
1525810585.0501,9238.10000,0.99710938,s,m,
1525810589.7069,9238.10000,1.00000000,s,m,
1525941663.8031,9357.40000,0.00400000,b,l,
1525939785.4996,9354.20000,0.29830000,s,m,
1525810600.4626,9238.10000,1.00000000,s,l,
1525868122.3398,9298.10000,0.00068996,s,l,
1525810605.9943,9238.00000,0.02669079,s,l,
1525853086.9086,9047.20000,0.93010404,b,l,
1525941690.1294,9345.40000,0.01206869,s,m,
1525773057.0608,9289.10000,0.10863000,b,l,
1525781127.8006,9087.30000,0.26000000,b,l,
1525831243.9819,9162.80000,0.01200000,s,l,
1525941702.4179,9350.90000,0.00200000,b,l,
1525830453.0797,9172.90000,0.05902594,b,m,
1525864012.1865,9199.70000,0.01790322,b,m,
1525876172.6584,9280.50000,0.05857248,b,l,
1525941709.9293,9350.80000,0.00700000,b,l,
1525885859.0982,9357.00000,0.01440000,s,l,
1525848703.8206,9089.60000,2.93171074,b,l,
1525806670.4853,9245.00000,0.01189355,s,l,
1525986939.4909,9090.00000,0.11086183,b,m,
1525759891.7852,9330.70000,0.21130000,b,m,
1525873442.4909,9289.90000,1.00000000,s,l,
1525838526.9879,9014.00000,0.07593824,s,m,
1525941728.9945,9348.50000,0.00976060,b,m,
1525941729.0085,9354.80000,0.20170000,b,m,
1525876197.029,9280.40000,0.06190000,s,l,
1525941735.4105,9348.40000,0.00800000,s,l,
1525876205.3992,9280.50000,1.00000000,b,m,
1525975646.8394,9125.10000,0.01000000,s,l,
1525863130.6423,9160.00000,0.88031396,b,m,
1525941746.7138,9351.40000,0.00200000,b,l,
1525778215.8292,9180.00000,0.35000000,s,m,
1525876213.7807,9280.50000,0.00220898,b,l,
1525876214.7592,9280.50000,0.01077500,b,m,
1525853097.2947,9037.50000,0.00008775,s,m,
1525941753.5373,9351.30000,0.00400000,b,l,
1525867507.0471,9331.00000,0.00500000,s,l,
1525876219.4365,9280.40000,0.28300000,s,l,
1525810685.5954,9227.10000,0.00598605,s,l,
1525876222.5458,9280.40000,0.00950000,s,l,
1525876225.1455,9280.40000,0.02610000,s,l,
1525941762.1142,9346.50000,0.00562969,s,m,
1525876228.4982,9280.50000,0.08349600,b,l,
1525941765.4324,9351.10000,0.00500000,b,l,
1525876231.3273,9280.40000,0.28300000,s,l,
1525876232.1891,9280.40000,0.29130000,s,m,
1525876236.7467,9280.40000,0.28300000,s,l,
1525784724.1783,9140.00000,0.18788507,b,l,
1525876242.8298,9280.50000,0.00237061,b,l,
1525853102.6698,9046.90000,0.09267759,b,m,
1525876246.3829,9280.40000,0.28310000,s,l,
1525876248.7122,9280.40000,0.08030000,s,l,
1525876249.5679,9276.30000,0.20280000,s,l,
1525876251.2302,9280.50000,0.09875493,b,l,
1525876252.5292,9279.30000,0.04358000,s,m,
1525941790.6883,9348.00000,0.00800000,b,l,
1525941793.0334,9347.90000,0.00200000,b,l,
1525787569.9002,9120.00000,0.00264843,s,l,
1525876267.4312,9276.40000,0.50000000,s,m,
1525876268.339,9279.90000,0.13640000,b,m,
1525810734.8525,9227.30000,0.00176513,s,m,
1525967282.4208,9324.20000,0.50000000,s,l,
1525810739.4137,9227.30000,0.65200000,s,m,
1525973257.9957,9189.40000,0.50000000,b,m,
1525911967.1378,9379.80000,0.01000000,b,m,
1525810748.9135,9227.00000,2.00000000,b,l,
1525782440.1632,9121.10000,0.20716051,s,m,
1525759972.8779,9349.10000,0.05745340,b,m,
1525907724.6145,9293.90000,0.28823700,s,m,
1525885879.3086,9361.60000,0.00500000,b,m,
1525876302.9981,9276.40000,0.00525493,b,l,
1525876307.0573,9273.30000,0.00500000,b,m,
1525973262.7434,9189.50000,0.63900000,b,m,
1525853113.099,9036.50000,1.00000000,s,m,
1525838530.5203,9009.10000,0.01242680,s,m,
1525810778.3822,9226.90000,0.00430000,s,l,
1525973263.6367,9186.40000,0.19737749,s,l,
1525876316.9125,9275.60000,0.12240800,b,m,
1525794885.1645,9170.00000,0.19610000,b,l,
1525876320.3977,9273.20000,0.19500000,b,m,
1525825284.089,9124.00000,0.26697964,s,m,
1525810788.3806,9227.30000,0.01218396,s,l,
1525810789.8774,9227.30000,0.00053400,s,l,
1525941862.3301,9342.50000,0.04510000,b,l,
1525876328.3445,9273.10000,0.01000000,b,l,
1525876329.3203,9271.10000,0.26000000,s,m,
1525870899.8347,9275.00000,0.11862265,s,l,
1525941869.776,9342.40000,0.29643131,b,l,
1525941871.8944,9342.10000,0.02827473,b,l,
1525975699.0746,9078.30000,0.49943716,b,l,
1525973268.3636,9175.70000,0.06000000,s,l,
1525972423.8106,9250.40000,0.15900907,s,m,
1525836349.9739,9041.00000,0.80000000,s,m,
1525973269.8428,9172.10000,0.21444043,s,m,
1525810818.273,9227.90000,0.00500000,s,l,
1525941891.649,9341.30000,0.00000001,b,l,
1525812415.1089,9170.00000,1.49510160,s,l,
1525876358.1261,9271.20000,0.77460000,s,l,
1525810830.0257,9228.00000,1.95842000,s,l,
1525873448.5259,9290.00000,0.21616201,b,l,
1525781523.5537,9129.10000,0.02870000,b,m,
1525888393.3484,9311.60000,0.29000000,s,m,
1525756099.8677,9368.00000,0.02600000,s,l,
1525937676.6454,9304.10000,0.17941504,b,l,
1525876373.9044,9271.00000,1.00000000,s,l,
1525876374.8859,9270.00000,0.19737143,b,l,
1525876375.107,9270.00000,0.01500000,b,l,
1525876376.0909,9270.00000,0.25915580,b,l,
1525876379.0351,9269.70000,0.00550007,b,l,
1525867466.1376,9375.00000,0.03986500,b,m,
1525899705.2667,9247.60000,0.19230000,b,l,
1525867830.8949,9313.20000,5.87697015,b,m,
1525876386.4873,9269.70000,0.43959107,b,l,
1525941925.9116,9341.20000,0.30000000,s,l,
1525941926.7799,9341.30000,0.00817399,b,l,
1525810855.4864,9232.60000,0.90006331,b,m,
1525876392.6017,9270.00000,0.76181669,b,l,
1525876393.0682,9270.00000,0.00382818,b,l,
1525941932.3128,9341.30000,0.00500000,b,l,
1525876397.9272,9270.00000,0.32040000,b,l,
1525982194.0693,9060.00000,0.00200000,b,l,
1525941940.3416,9341.30000,0.01320000,b,l,
1525973620.7967,9145.10000,0.00200000,b,l,
1525780991.8939,9100.00000,0.96811943,s,m,
1525862607.9589,9139.00000,0.00300000,b,l,
1525759972.9138,9356.90000,0.01425376,b,m,
1525874976.5859,9257.30000,0.14247760,s,l,
1525777063.5349,9306.70000,0.23123399,s,m,
1525941955.6821,9341.20000,0.50000000,s,l,
1525816711.2285,9185.00000,0.03100000,s,l,
1525991292.7046,9047.00000,0.00000001,s,m,
1525902652.2467,9248.00000,0.00783456,s,m,
1525863496.7182,9203.50000,0.14000000,s,m,
1525973282.8256,9162.50000,0.06000000,s,m,
1525941966.5233,9341.30000,0.05062601,b,l,
1525768227.9716,9378.20000,0.08635814,b,m,
1525842211.2664,9080.30000,0.09940694,b,l,
1525803618.3878,9158.00000,0.20000000,b,m,
1525938684.6052,9382.50000,0.10000000,b,m,
1525896825.2946,9284.80000,0.03800000,s,m,
1525941977.4742,9341.30000,0.01359993,b,l,
1525876442.4194,9269.80000,0.46720000,s,l,
1525810907.6068,9232.90000,0.00450000,s,l,
1525798522.269,9146.60000,0.00823165,b,l,
1525876446.3257,9269.80000,0.28920000,s,l,
1525876449.7819,9270.00000,0.01078700,b,m,
1525925825.3549,9336.50000,0.12717404,b,l,
1525962363.0452,9334.40000,1.00000000,s,l,
1525869154.5607,9302.90000,0.71838967,b,m,
1525973286.3454,9162.30000,1.28368837,s,m,
1525941990.6309,9336.10000,0.12110000,s,l,
1525941992.5126,9335.70000,0.19963094,s,m,
1525941993.7711,9335.90000,0.15238031,b,l,
1525876458.0238,9270.00000,0.10000000,b,l,
1525973287.9457,9168.00000,0.20320000,b,l,
1525912799.122,9343.50000,0.02000000,b,m,
1525876463.9595,9270.00000,0.00493931,b,l,
1525942002.5574,9335.90000,0.06729746,b,l,
1525942003.324,9335.70000,0.00200000,s,l,
1525876470.276,9269.90000,0.28920000,s,l,
1525877816.6467,9297.00000,0.06894398,b,l,
1525810939.046,9234.00000,0.01125268,b,l,
1525810940.863,9234.00000,0.00460000,s,l,
1525753249.6383,9408.50000,0.04468605,s,m,
1525810948.9193,9234.00000,0.14130000,s,l,
1525942022.8887,9335.80000,0.02389513,s,l,
1525942024.4477,9335.70000,0.05448813,s,l,
1525772699.5851,9285.30000,0.13282967,s,l,
1525810954.148,9234.00000,0.21310000,s,l,
1525942027.1757,9335.90000,0.00629391,b,l,
1525980383.8763,9104.10000,0.20806489,s,l,
1525980532.2022,9100.10000,0.19990000,s,m,
1525942032.3824,9335.90000,0.22865288,b,l,
1525810964.6735,9234.00000,0.10000000,s,m,
1525942037.3514,9338.50000,0.00779880,b,m,
1525897960.8607,9268.30000,0.35257224,b,m,
1525810969.6363,9234.00000,0.01420000,s,l,
1525776687.7825,9311.00000,0.00243215,s,l,
1525810972.8964,9234.00000,0.02380000,s,l,
1525803413.1798,9140.00000,0.00476700,b,m,
1525942049.4911,9336.20000,0.21894306,b,l,
1525942050.0002,9336.90000,0.08550000,s,l,
1525841341.9758,9065.00000,0.00400000,b,m,
1525810983.6574,9233.90000,1.44000000,b,l,
1525885916.0742,9362.10000,0.00560000,b,l,
1525810987.1327,9234.10000,0.01094000,b,l,
1525810988.4652,9234.00000,0.22740000,s,l,
1525876525.9789,9270.00000,0.01341000,b,m,
1525873519.6415,9289.70000,0.02250000,b,l,
1525942063.4207,9336.30000,0.03791700,s,l,
1525822018.9953,9224.30000,0.00193931,b,m,
1525810995.711,9233.90000,0.14010366,s,l,
1525942070.2791,9330.30000,0.17298300,b,l,
1525811001.5088,9234.10000,0.15000000,s,m,
1525876538.5467,9270.00000,1.71664694,b,l,
1525942075.1416,9330.20000,0.28548818,s,l,
1525942076.1763,9335.50000,0.13751600,b,l,
1525811005.1277,9235.90000,0.00143825,b,m,
1525973466.4779,9126.00000,0.00707295,s,l,
1525811010.447,9234.00000,0.06504398,s,l,
1525942083.3559,9330.50000,0.01860000,s,l,
1525876552.4971,9270.00000,0.00500000,b,l,
1525778214.6864,9203.30000,0.00759288,s,m,
1525973131.063,9179.50000,0.10000000,b,m,
1525862608.0055,9145.40000,0.14188047,b,m,
1525934812.0973,9272.00000,0.00200000,b,m,
1525876564.3085,9274.10000,0.05000000,s,m,
1525811030.1947,9234.10000,2.50900000,b,l,
1525876569.7694,9274.20000,0.01078300,b,m,
1525811035.6301,9234.10000,3.00000000,s,l,
1525811038.0234,9234.10000,0.00143825,s,m,
1525942111.3197,9331.10000,0.00215956,s,l,
1525942112.7674,9337.20000,0.12603911,b,l,
1525972425.3,9200.10000,2.45600000,s,m,
1525769208.4998,9398.90000,0.04383701,b,m,
1525809467.2188,9255.10000,0.00453484,s,l,
1525910109.5304,9307.00000,0.49440882,b,m,
1525809468.732,9258.10000,0.08233806,b,l,
1525971657.1042,9341.00000,0.80000000,s,l,
1525806755.0891,9240.40000,0.19438557,s,l,
1525964316.1588,9325.80000,0.05510000,s,l,
1525942128.2736,9331.00000,0.01932100,s,l,
1525885928.4408,9382.60000,0.32374401,b,m,
1525942130.8356,9332.00000,0.00943735,s,l,
1525942133.19,9332.00000,0.67396089,s,l,
1525942135.4515,9329.40000,0.00989200,s,m,
1525876604.2234,9274.20000,0.00500000,b,m,
1525811074.9666,9234.00000,0.00500000,s,l,
1525811076.1168,9234.20000,0.01039655,b,l,
1525942152.5172,9337.10000,0.50000000,s,l,
1525876624.6175,9274.20000,0.02485001,b,l,
1525758210.9861,9330.00000,0.01000000,s,m,
1525972425.3102,9200.00000,0.00228000,s,m,
1525811093.1414,9226.00000,0.05570000,s,l,
1525870901.6135,9275.00000,0.28900000,s,l,
1525867507.1296,9331.00000,0.10000000,s,l,
1525781059.741,9070.30000,1.01483322,s,l,
1525942172.3307,9337.20000,0.00930000,s,l,
1525918474.2635,9298.70000,0.02087450,b,m,
1525785125.1579,9160.30000,0.00112750,s,l,
1525811103.3876,9216.80000,0.02153629,s,m,
1525857480.4184,9091.80000,0.01647527,s,m,
1525957318.2077,9331.90000,0.08749908,s,l,
1525838541.1917,9013.10000,0.30638116,b,l,
1525779620.5545,9231.10000,0.00848981,b,m,
1525871275.2602,9271.00000,0.02084850,s,l,
1525772049.3864,9292.30000,0.00552200,b,m,
1525942184.185,9339.00000,0.00200000,b,m,
1525811114.8081,9223.30000,0.15000000,s,m,
1525942188.2787,9347.90000,0.15000000,b,m,
1525810172.4216,9231.30000,0.00642690,s,m,
1525942191.1726,9347.50000,0.42000000,b,m,
1525876656.7406,9273.00000,0.77700000,b,l,
1525973320.1681,9173.50000,0.20000000,b,m,
1525858182.4876,9115.00000,0.01000000,s,l,
1525885940.7684,9369.70000,0.11572184,b,m,
1525896863.1472,9297.60000,0.16650000,s,l,
1525904787.4226,9318.30000,0.00000001,b,m,
1525937678.8,9304.10000,0.07415254,b,l,
1525770892.2676,9331.60000,0.00152371,s,l,
1525888518.6096,9296.90000,0.00009078,s,m,
1525803626.1791,9154.00000,0.39000000,b,m,
1525876678.5652,9277.10000,0.00323266,b,l,
1525876683.9838,9277.10000,0.44717886,b,l,
1525848206.7296,9073.70000,1.00000000,b,m,
1525835549.7784,9060.40000,1.00000000,b,m,
1525785983.9553,9120.10000,0.03157058,s,m,
1525798563.9595,9144.50000,0.00477811,s,l,
1525811160.3791,9222.60000,0.17095000,b,m,
1525876698.4307,9273.30000,0.02260000,s,l,
1525876699.8718,9274.30000,0.01078200,b,m,
1525876701.8373,9273.10000,0.00001294,s,m,
1525885947.5046,9373.90000,0.58817754,b,m,
1525964578.8177,9305.10000,0.94400700,s,m,
1525811174.8403,9220.00000,0.05692113,s,l,
1525852236.6433,9050.00000,0.10224948,s,m,
1525778215.388,9200.00000,0.20334051,s,m,
1525876724.7921,9273.50000,0.00377386,b,l,
1525885950.6607,9367.30000,0.00001862,s,m,
1525836873.0172,9052.90000,0.94153391,b,m,
1525814539.1912,9179.90000,0.00100000,b,l,
1525876729.4855,9273.50000,0.50000000,s,l,
1525754879.4494,9417.70000,0.05275860,b,l,
1525788352.9236,9125.40000,0.23160000,s,l,
1525876734.1623,9269.00000,2.32099378,b,l,
1525811200.5116,9219.10000,0.55000000,s,m,
1525863424.2674,9207.80000,0.00630000,s,l,
1525876740.853,9269.00000,0.00699815,b,l,
1525876743.617,9268.90000,0.03190000,b,l,
1525876745.8865,9268.90000,0.00456177,b,l,
1525835513.4362,9029.20000,0.17587353,b,m,
1525876749.8065,9268.90000,0.03000000,b,l,
1525876750.9063,9268.90000,0.03333333,b,l,
1525869156.6579,9301.50000,0.80000000,s,m,
1525876756.3141,9268.90000,0.49367338,b,l,
1525858014.9654,9113.30000,1.00000000,s,m,
1525876761.9028,9268.90000,0.04095000,b,l,
1525838545.5284,9013.10000,0.04708697,b,l,
1525953575.3758,9330.00000,0.00400000,b,m,
1525876766.3483,9269.00000,2.33527803,b,l,
1525811231.7754,9217.90000,0.10000000,s,l,
1525798576.8074,9144.50000,0.19549822,s,m,
1525876771.7697,9269.00000,0.06000000,b,l,
1525876772.6473,9269.00000,0.03000000,b,l,
1525876774.8366,9269.00000,0.03000000,b,l,
1525876775.4369,9269.00000,0.03000000,b,l,
1525824965.5296,9145.80000,0.01781318,s,m,
1525775260.0527,9330.60000,0.05350138,s,l,
1525876779.0465,9269.00000,0.04095000,b,l,
1525870902.4716,9275.00000,0.04012945,s,l,
1525896882.6694,9297.60000,0.02210000,s,l,
1525809501.232,9255.20000,0.42039172,b,l,
1525876784.9986,9269.00000,0.15085274,b,l,
1525811249.8558,9218.20000,0.00314463,b,m,
1525876787.4025,9268.90000,0.00100000,s,l,
1525811252.4067,9218.10000,0.03580000,s,l,
1525811255.2997,9218.10000,0.01456485,s,l,
1525911967.0716,9365.00000,5.10000000,b,m,
1525776737.6032,9310.40000,0.00402149,b,m,
1525919362.1337,9313.10000,0.00374800,s,l,
1525942347.3102,9339.10000,0.00995219,b,l,
1525811276.8498,9220.90000,0.01510000,b,l,
1525811282.1767,9218.20000,0.30000000,s,l,
1525811283.9168,9218.20000,0.00506186,s,l,
1525811284.2652,9220.90000,0.20000000,b,m,
1525876821.1636,9268.80000,1.44477442,s,l,
1525876822.3176,9268.90000,0.00500000,b,l,
1525888739.575,9300.00000,0.65446973,b,l,
1525973348.3431,9170.10000,0.00006870,s,m,
1525811292.5136,9219.00000,0.09050000,s,l,
1525911967.4866,9389.90000,0.01500000,b,m,
1525984272.9117,9071.40000,0.01290474,b,l,
1525776294.2396,9305.10000,0.06990000,s,l,
1525960754.9699,9364.60000,0.15000000,s,l,
1525900417.3883,9240.90000,0.18398037,b,m,
1525798599.5695,9135.30000,0.00182000,s,m,
1525811305.7261,9219.10000,0.06240000,b,l,
1525858188.308,9115.00000,0.00500000,s,l,
1525899651.2362,9242.30000,0.15000000,s,l,
1525911948.546,9360.20000,2.00000000,b,l,
1525833487.3744,9089.00000,0.08451497,s,m,
1525973353.7253,9162.20000,0.27000000,s,l,
1525842684.758,9023.60000,0.19040000,b,l,
1525765823.2774,9349.50000,0.10368975,b,l,
1525842282.7588,9063.60000,0.00932266,s,l,
1525811327.8934,9218.30000,0.02462686,b,l,
1525972479.6692,9182.40000,0.40388000,s,m,
1525960755.7098,9369.90000,0.03670000,b,l,
1525876867.0737,9269.00000,0.01888095,b,l,
1525867051.7836,9239.40000,20.00000000,b,m,
1525766534.2629,9356.50000,0.00032570,b,m,
1525858089.3705,9110.40000,0.00222023,b,l,
1525842284.266,9073.10000,0.01257347,b,m,
1525939244.9892,9354.30000,0.19560000,s,m,
1525876878.4448,9269.00000,0.07628208,b,l,
1525811345.579,9218.10000,0.00260000,s,l,
1525765827.7061,9354.60000,0.02000000,b,m,
1525770899.8916,9333.00000,0.00260000,s,l,
1525876885.2556,9269.00000,0.05000000,b,l,
1525786668.9996,9122.20000,0.01782960,b,l,
1525972423.4917,9261.40000,0.03430000,s,l,
1525811354.8039,9218.30000,0.02000000,b,m,
1525867830.8912,9312.90000,0.98926200,b,m,
1525876897.758,9269.00000,0.44397700,b,l,
1525884377.558,9301.10000,0.01595851,s,m,
1525811365.8884,9218.20000,0.08985255,b,l,
1525858190.7494,9115.00000,0.04432600,s,l,
1525942439.3178,9334.50000,0.26290407,b,l,
1525804999.3216,9210.00000,0.66824055,b,l,
1525798599.7141,9135.00000,0.00460000,s,l,
1525973850.488,9178.90000,0.16340000,b,m,
1525875058.2326,9257.00000,0.00500000,s,l,
1525942448.9548,9334.50000,0.01914812,b,l,
1525876914.0572,9269.00000,0.01908119,b,l,
1525973363.8657,9162.00000,0.02000000,b,l,
1525967197.4384,9330.20000,0.00090000,s,l,
1525929673.7625,9344.10000,0.00200000,b,l,
1525811385.2912,9218.10000,2.37631986,s,l,
1525876922.3041,9269.00000,0.12919356,b,l,
1525870995.1196,9260.00000,0.17915841,s,l,
1525831370.2734,9163.70000,0.00167006,s,l,
1525973365.9102,9162.00000,0.02371816,s,l,
1525834186.7453,9104.20000,0.10405218,b,l,
1525876929.1134,9269.00000,0.76808856,b,l,
1525776758.9126,9310.00000,0.17655618,s,l,
1525885985.7644,9371.10000,0.00766364,s,l,
1525798599.6636,9135.00000,0.00309550,s,l,
1525972899.5175,9155.00000,0.21850000,s,l,
1525781431.7202,9080.70000,1.17700000,b,l,
1525888743.7782,9300.00000,0.34707861,b,l,
1525895290.8158,9281.40000,0.13856851,s,l,
1525942489.8758,9344.30000,0.02139369,b,l,
1525942490.9079,9344.60000,0.21930000,b,l,
1525783515.2163,9117.00000,0.00110645,b,m,
1525876956.478,9269.00000,0.01641035,b,l,
1525876960.3093,9269.00000,5.00000000,b,l,
1525896912.0421,9297.60000,0.02720000,s,l,
1525899722.8338,9251.60000,0.00641278,b,l,
1525876967.474,9269.00000,1.32000000,b,l,
1525867465.9357,9327.70000,2.15000000,b,m,
1525876970.2291,9269.00000,6.00000000,b,l,
1525811435.2302,9210.00000,0.12870000,s,l,
1525876972.1801,9268.90000,1.00000000,s,l,
1525876973.7019,9269.00000,0.17838352,b,l,
1525876974.0712,9269.00000,2.04000000,b,l,
1525876975.5183,9269.00000,0.77000000,b,l,
1525946409.6112,9335.20000,0.00244245,s,l,
1525811441.4923,9210.10000,0.01055900,s,l,
1525769378.028,9395.20000,0.19893593,b,m,
1525811446.1212,9210.00000,0.00270000,s,l,
1525876983.1656,9269.00000,0.00210396,b,l,
1525811449.7476,9210.00000,0.04907220,s,l,
1525872188.2927,9278.90000,0.00359188,b,l,
1525876992.4839,9268.90000,0.01000000,s,l,
1525899656.9076,9234.00000,0.10530000,s,m,
1525787691.8428,9119.90000,0.00023729,s,m,
1525811460.1986,9209.90000,0.00500000,s,l,
1525962454.4407,9334.30000,0.77380559,s,l,
1525877003.0641,9268.90000,0.04987272,s,l,
1525842306.8894,9055.00000,0.04000000,s,m,
1525877006.2312,9268.90000,0.13000000,s,m,
1525877008.0459,9269.00000,0.00230300,b,l,
1525811473.4247,9209.70000,0.22467203,b,l,
1525865068.4832,9230.20000,0.01090000,s,l,
1525785328.1933,9159.00000,0.00027250,s,l,
1525836463.7014,8999.90000,0.55704967,s,m,
1525798617.8872,9118.30000,0.16930000,s,m,
1525811480.0737,9209.60000,0.18030000,s,l,
1525842308.6874,9055.00000,0.41298717,s,l,
1525885999.1472,9371.00000,0.00600000,s,m,
1525811485.1149,9209.60000,0.03835693,s,l,
1525877022.3286,9269.00000,0.50000000,b,m,
1525867466.352,9435.00000,0.00019504,b,m,
1525942562.4694,9348.30000,0.11414914,b,l,
1525942563.2576,9348.30000,0.09563758,b,l,
1525877028.2361,9269.00000,0.47817067,b,l,
1525776774.775,9310.80000,0.00309981,b,m,
1525811497.1437,9209.60000,1.00000000,s,l,
1525942570.5781,9348.20000,0.02948926,b,m,
1525816784.7247,9171.20000,0.00153964,s,l,
1525877038.4014,9269.00000,0.12000000,b,l,
1525811508.946,9209.60000,0.06475956,s,l,
1525811509.495,9209.60000,0.01030000,s,l,
1525811510.8568,9209.60000,5.22507696,s,l,
1525787700.1523,9115.10000,0.00200000,s,m,
1525772926.9587,9250.00000,0.21059265,s,m,
1525899658.9542,9231.30000,0.04086926,s,l,
1525896928.3951,9297.60000,0.02360000,s,l,
1525877064.9975,9268.90000,0.18200000,s,m,
1525877065.0032,9268.20000,0.15000000,s,m,
1525990491.4121,9081.00000,0.17444503,s,l,
1525877070.0485,9269.00000,0.01078900,b,m,
1525811538.7284,9209.60000,1.71603943,b,l,
1525811539.1587,9211.10000,0.01970022,s,l,
1525875086.881,9263.00000,0.00500000,b,m,
1525870904.6508,9275.00000,0.09757346,s,l,
1525899659.8507,9235.20000,0.12470000,s,l,
1525877085.4078,9269.00000,1.42000000,b,m,
1525877086.6889,9269.00000,0.00574201,b,m,
1525942625.7069,9339.30000,0.00600000,b,m,
1525877091.5634,9269.00000,0.03452786,b,l,
1525811558.6704,9214.80000,0.03970000,s,l,
1525942635.4211,9341.90000,0.01540000,b,m,
1525877100.8847,9269.00000,0.14922538,b,l,
1525756118.7471,9358.00000,0.21626769,s,l,
1525896936.0722,9297.60000,0.00000915,s,m,
1525809060.1406,9239.00000,0.00000429,b,l,
1525886014.0961,9369.10000,0.05791038,b,m,
1525866926.2934,9215.60000,0.06440000,b,l,
1525908389.5584,9279.70000,0.18061267,s,l,
1525899660.0688,9235.20000,0.01620000,s,l,
1525877117.6999,9269.80000,0.09369849,b,l,
1525942655.7424,9338.00000,0.00983500,s,l,
1525877127.7134,9269.80000,0.00500000,b,l,
1525811594.4346,9214.90000,0.01446382,s,l,
1525936759.6572,9286.10000,1.55163550,s,m,
1525867505.4235,9331.00000,0.00500000,s,l,
1525942671.496,9336.10000,0.13426300,s,l,
1525982162.1915,9059.90000,0.19407710,s,m,
1525877139.07,9269.80000,2.37225361,b,l,
1525864174.7182,9219.90000,1.09154731,b,m,
1525858198.1911,9116.00000,0.00648256,s,l,
1525958582.2167,9363.40000,0.09266755,s,l,
1525899661.7961,9235.10000,0.01306179,s,l,
1525877145.3854,9270.00000,0.00055500,b,l,
1525811613.9751,9214.90000,0.00627570,s,l,
1525877150.2433,9287.30000,1.98905000,b,l,
1525811616.4783,9215.00000,0.22540000,b,l,
1525831409.1013,9164.70000,0.00200000,s,l,
1525780996.1118,9100.00000,0.10989010,s,l,
1525813023.1767,9158.60000,0.21700000,s,m,
1525811632.5729,9215.00000,0.02930000,b,l,
1525867413.1661,9317.20000,0.14100000,b,m,
1525942706.7051,9342.00000,0.00960000,b,l,
1525803267.9756,9091.00000,0.00374171,s,l,
1525803255.6125,9100.00000,0.20806007,s,l,
1525867830.9585,9343.20000,0.00382304,b,m,
1525776799.1984,9311.10000,0.00491708,s,m,
1525811645.059,9214.90000,0.00234173,s,l,
1525987274.3356,9101.90000,0.00250000,s,l,
1525809568.7625,9260.00000,0.31324000,b,m,
1525811650.2897,9214.90000,0.01000000,s,l,
1525780968.7478,9110.00000,0.00197607,s,m,
1525970001.8104,9355.00000,1.15864370,b,l,
1525877198.2061,9280.70000,0.30000000,b,m,
1525863572.4695,9206.40000,0.18271055,b,m,
1525955576.169,9339.80000,0.00660083,s,m,
1525811673.9635,9214.80000,0.00307843,s,l,
1525904075.6184,9267.10000,0.36320802,b,m,
1525788368.6042,9138.80000,0.83062298,b,l,
1525877213.6105,9287.20000,0.08200000,b,m,
1525811678.233,9214.90000,1.00000000,b,l,
1525764839.2401,9349.10000,0.10857448,b,l,
1525811683.4796,9215.00000,0.10400000,b,l,
1525934551.0315,9274.60000,0.01028746,b,l,
1525877841.7731,9299.80000,0.25000000,b,l,
1525834556.055,9076.00000,0.00986125,b,l,
1525780967.4636,9119.90000,0.04300000,b,m,
1525809575.2086,9255.00000,0.01672319,s,l,
1525811693.6396,9215.00000,0.10560000,b,l,
1525870905.1198,9275.00000,0.10947314,s,l,
1525811698.5703,9215.00000,0.01130000,b,l,
1525836862.3099,9042.40000,0.00739238,b,l,
1525812299.627,9180.00000,0.02000000,s,m,
1525815476.9047,9210.00000,0.00002586,s,m,
1525811706.5526,9215.00000,0.01081239,b,m,
1525938945.2561,9374.00000,0.07740698,b,m,
1525760047.1129,9355.30000,0.00000765,b,l,
1525804169.1906,9200.00000,0.99880579,b,m,
1525901893.2887,9224.50000,0.22569850,b,l,
1525970420.3406,9360.80000,0.19490000,b,m,
1525842347.8138,9044.40000,0.11133333,s,l,
1525929729.1625,9344.40000,0.22382640,s,l,
1525973420.922,9150.00000,0.10671465,s,l,
1525936809.8798,9296.70000,0.00100000,b,l,
1525985441.9199,9080.00000,0.00732066,b,l,
1525811725.2776,9215.00000,0.05115900,b,l,
1525784724.1261,9140.00000,2.01637152,b,l,
1525942800.3122,9337.20000,0.00490100,s,m,
1525868723.5179,9280.10000,0.40389653,b,l,
1525811734.1984,9214.90000,0.01501928,s,l,
1525967797.1547,9321.20000,0.20540000,s,m,
1525836463.6673,9000.00000,0.01000000,s,m,
1525770912.8538,9333.50000,0.12030000,s,m,
1525954104.2366,9316.80000,2.14700000,b,l,
1525786188.8793,9128.00000,0.02500000,s,m,
1525973424.7231,9139.80000,0.02990171,s,l,
1525948138.8429,9349.40000,0.00750000,b,m,
1525798662.3907,9116.40000,0.05376503,s,l,
1525842353.147,9036.40000,0.00415600,s,m,
1525871044.7363,9268.80000,0.04010000,b,m,
1525825408.3436,9133.30000,0.99100000,s,m,
1525912196.5932,9346.70000,2.00000000,s,l,
1525941129.8157,9355.80000,0.02600000,b,l,
1525864200.9655,9213.20000,0.20630000,b,l,
1525877299.8003,9281.50000,0.01077400,b,m,
1525778215.5882,9196.50000,0.00243048,s,m,
1525867466.0097,9338.60000,0.10600000,b,m,
1525819283.6973,9226.90000,0.02325802,b,m,
1525811779.5188,9214.90000,0.05420810,s,l,
1525811781.942,9214.90000,0.20580000,s,l,
1525799283.7445,9129.90000,0.04000000,s,m,
1525811788.1226,9214.90000,0.02750000,s,l,
1525863486.1796,9214.80000,0.05688579,b,m,
1525811794.5347,9214.90000,0.00641347,s,l,
1525971289.2316,9356.60000,0.05690000,s,l,
1525837834.9493,9034.00000,0.28252150,b,l,
1525836463.2775,9014.70000,3.40000000,s,m,
1525811803.6431,9214.90000,0.09880000,s,l,
1525811805.6128,9214.90000,0.10823457,s,l,
1525976090.3764,9086.00000,0.22372927,s,m,
1525877344.6223,9279.70000,0.12920600,b,l,
1525877345.9059,9279.70000,0.12978502,b,l,
1525781125.9785,9070.40000,0.03183316,b,l,
1525877348.4734,9279.20000,0.23748973,b,l,
1525877349.1206,9279.20000,1.50000000,b,l,
1525877350.9797,9279.20000,0.11728251,b,l,
1525896977.5232,9297.60000,0.15061280,s,m,
1525798599.7533,9135.00000,0.11876848,s,l,
1525768744.2568,9395.50000,1.62024365,b,m,
1525811823.5493,9214.80000,0.00192157,s,l,
1525877360.0205,9279.20000,0.05151190,b,l,
1525811825.6622,9214.80000,0.00729435,s,l,
1525980270.2109,9093.50000,0.00500000,s,l,
1525811828.2064,9214.90000,0.02037553,b,m,
1525877365.7682,9279.10000,0.03840000,s,l,
1525886057.9485,9362.60000,0.29806635,b,m,
1525962516.5485,9334.90000,1.00000000,s,l,
1525976230.7992,9088.10000,0.06970000,s,l,
1525869117.7174,9303.50000,0.22520000,b,m,
1525972479.6655,9183.00000,0.00514904,s,m,
1525877377.7663,9279.20000,0.24139754,b,l,
1525877378.3066,9279.20000,0.01886408,b,l,
1525870906.0402,9275.00000,0.01200000,s,m,
1525816822.7303,9172.10000,0.05088600,s,m,
1525877385.4224,9279.20000,0.18613030,b,l,
1525877386.9691,9279.20000,0.00757058,b,l,
1525982595.0901,9062.40000,0.05000000,s,l,
1525809602.7489,9243.20000,1.79000000,s,l,
1525963095.1171,9321.60000,2.15200000,s,l,
1525811856.3886,9207.70000,0.00392247,s,l,
1525838566.8263,9013.10000,0.02289498,b,l,
1525811859.5519,9207.60000,0.00500000,b,l,
1525912763.6154,9346.00000,0.02790000,b,l,
1525768777.3256,9389.70000,0.28440000,b,m,
1525877400.8822,9279.20000,0.76500000,b,l,
1525809604.2886,9238.80000,0.10000000,s,l,
1525811866.8095,9201.00000,0.02500000,s,l,
1525811867.1435,9201.00000,0.08970000,s,l,
1525867851.918,9316.00000,0.05614084,s,l,
1525877406.0932,9279.20000,4.12469669,b,l,
1525811871.0883,9204.30000,0.00084513,b,m,
1525877411.1265,9279.20000,0.00280000,b,l,
1525809606.3484,9235.00000,1.00000000,b,l,
1525942950.2976,9337.20000,0.00500000,s,l,
1525877415.5023,9279.20000,0.01077700,b,m,
1525811881.9343,9200.00000,0.00200000,s,l,
1525811882.7656,9199.10000,0.08582820,b,l,
1525973447.0689,9133.00000,0.01724605,s,l,
1525942956.2296,9332.20000,0.00229976,s,m,
1525877421.4059,9287.10000,0.01000000,b,m,
1525811887.266,9201.20000,0.00400000,s,l,
1525877426.2646,9287.30000,0.09300000,b,l,
1525942965.1302,9332.20000,0.01264313,s,l,
1525877436.5663,9287.20000,0.24584150,b,l,
1525811901.935,9200.00000,0.01500000,b,l,
1525811905.9518,9204.20000,0.00230000,b,m,
1525899671.9279,9236.00000,0.23970000,s,l,
1525811909.7928,9204.30000,0.00425277,b,m,
1525877446.8909,9286.10000,0.20000000,s,m,
1525878475.0482,9302.30000,0.03219629,s,m,
1525811913.146,9207.70000,0.01000000,b,m,
1525877450.9482,9287.30000,0.70470000,b,l,
1525877451.1891,9287.30000,0.10758293,b,l,
1525877453.1386,9287.30000,0.18376320,b,l,
1525991254.4005,9031.40000,1.50000000,s,m,
1525886072.5347,9354.50000,0.01282805,s,m,
1525877459.6665,9286.80000,0.00935482,b,l,
1525942996.5864,9332.20000,0.00250000,s,m,
1525877463.4969,9286.80000,0.00460057,b,l,
1525811928.5418,9203.40000,0.02100000,s,l,
1525809615.5831,9244.00000,0.00242976,b,m,
1525877470.5888,9286.80000,0.08460000,b,l,
1525811936.7783,9205.20000,0.01000000,s,l,
1525877473.2479,9286.80000,0.00320000,b,l,
1525972697.816,9153.10000,0.76532980,s,m,
1525867051.9221,9295.00000,0.25000000,b,m,
1525811941.5283,9206.30000,0.20610000,s,l,
1525972425.2207,9210.10000,1.50000000,s,m,
1525877480.3748,9287.20000,0.19001250,b,l,
1525811945.4449,9209.50000,0.05036817,s,l,
1525811947.394,9209.50000,0.22467203,s,l,
1525943021.0878,9336.00000,0.17690000,b,l,
1525877487.8763,9288.00000,0.02011543,b,l,
1525811952.845,9209.50000,0.20600000,s,l,
1525877489.4093,9296.80000,0.15391879,b,l,
1525877490.8769,9289.70000,0.17085900,b,l,
1525811955.815,9209.50000,0.20600000,s,l,
1525811956.6708,9209.50000,0.20600000,s,l,
1525975674.5581,9088.20000,0.02600000,s,m,
1525811959.0324,9206.40000,0.11221296,s,l,
1525863417.3753,9213.40000,1.03327230,b,m,
1525877499.2489,9291.40000,0.10605035,b,l,
1525899673.5063,9236.00000,0.22630000,s,l,
1525926608.0879,9339.10000,0.10000000,b,m,
1525973462.5015,9126.00000,0.00623706,s,l,
1525787777.0224,9116.80000,0.00003134,s,m,
1525812383.0542,9179.30000,0.01666670,s,l,
1525886082.8169,9362.30000,0.08024282,b,l,
1525811982.8489,9209.90000,0.30000000,s,l,
1525867051.9882,9319.00000,0.00001594,b,m,
1525811988.0558,9210.00000,5.00000000,b,l,
1525877529.7836,9289.20000,0.01075900,b,m,
1525877530.5911,9289.20000,0.02140731,b,l,
1525877532.504,9289.20000,0.02050000,b,l,
1525809626.9045,9233.40000,0.00800000,s,m,
1525877535.3748,9289.10000,0.31910063,b,l,
1525877541.8078,9289.20000,0.00580000,b,l,
1525877542.5872,9289.20000,0.62930000,b,l,
1525765937.4592,9362.00000,1.00000000,b,l,
1525868295.4736,9284.30000,0.47508173,s,m,
1525973468.9138,9126.00000,0.22600000,s,l,
1525820279.2637,9191.00000,0.01000000,s,m,
1525827660.2741,9128.90000,0.00295626,b,l,
1525973470.3732,9126.00000,0.00270000,s,l,
1525975699.646,9073.00000,0.07837177,s,m,
1525812024.2368,9215.00000,0.18000000,b,m,
1525877561.6005,9289.10000,0.03300000,b,l,
1525812026.5373,9214.90000,0.00204800,s,m,
1525799291.9801,9129.90000,0.95800000,s,m,
1525831477.477,9164.80000,0.01200000,b,m,
1525867191.3868,9240.90000,0.09000000,s,l,
1525877569.5061,9294.20000,0.05408742,b,l,
1525877572.6148,9294.20000,0.21780000,b,l,
1525829843.1118,9162.10000,0.00034997,b,l,
1525973473.277,9125.00000,0.06000000,s,m,
1525943113.8653,9333.90000,0.00500000,b,l,
1525943114.9104,9332.20000,0.10824000,s,m,
1525851888.85,9062.40000,0.10242057,s,m,
1525943119.639,9333.80000,0.03219422,b,l,
1525812050.4857,9214.90000,0.01085305,s,l,
1525809635.9615,9236.60000,0.01732797,b,l,
1525858089.3576,9109.60000,0.97900622,b,l,
1525850441.299,9079.80000,0.00790000,b,m,
1525943129.6305,9332.20000,0.40000000,s,m,
1525853327.5083,9035.00000,0.00050956,s,m,
1525943132.7271,9333.70000,0.02513334,b,l,
1525864760.7742,9212.20000,0.15590000,s,m,
1525973473.2818,9120.00000,0.02500000,s,m,
1525877601.0732,9290.20000,0.19750000,b,l,
1525982533.0527,9045.80000,0.00200000,s,m,
1525943140.0007,9333.80000,0.00200000,b,m,
1525842406.7313,9043.10000,0.04169550,s,l,
1525832276.6518,9140.50000,0.05993676,s,l,
1525842408.6952,9043.40000,0.03287878,b,l,
1525812085.3834,9214.90000,0.00017105,s,l,
1525877622.2714,9290.10000,0.05462139,b,l,
1525973481.0241,9112.60000,0.12312982,b,l,
1525812089.0537,9215.00000,0.01000000,b,m,
1525877632.4215,9290.10000,0.11000000,b,m,
1525986489.6512,9084.50000,0.00286693,s,m,
1525812098.614,9215.00000,0.03050971,b,l,
1525907947.9825,9299.60000,0.00430000,b,m,
1525943173.5897,9337.60000,0.08651273,b,l,
1525877638.9906,9290.10000,0.36000000,b,m,
1525877642.3284,9290.10000,0.03228000,b,l,
1525867265.5446,9291.90000,2.00000000,b,m,
1525798722.4418,9118.10000,0.01120000,b,l,
1525886591.571,9361.20000,0.82790244,b,l,
1525885607.1249,9340.00000,0.10458235,b,l,
1525853336.2356,9036.90000,1.00000000,b,l,
1525877652.0998,9290.10000,0.01076400,b,m,
1525753503.8563,9400.00000,0.00245044,s,m,
1525867466.5457,9333.00000,0.20000000,s,m,
1525877663.305,9290.10000,0.25700000,b,m,
1525834252.6381,9084.00000,0.00500000,s,m,
1525973488.3376,9110.00000,0.71948316,s,m,
1525842418.5445,9043.30000,0.00673280,b,l,
1525877679.9777,9290.10000,0.12797920,b,l,
1525899679.9051,9232.20000,0.00259753,s,m,
1525812154.0753,9215.00000,0.01924966,b,l,
1525958960.5884,9373.90000,0.00500000,b,l,
1525781436.1227,9092.50000,1.09801735,b,l,
1525929802.2451,9344.40000,0.19240000,s,l,
1525857146.3829,9083.30000,0.01921641,b,l,
1525877696.6583,9290.10000,0.00660000,b,l,
1525867506.6822,9331.00000,0.02000000,s,l,
1525812166.9928,9215.00000,1.00000000,b,l,
1525768744.2436,9389.90000,1.00000000,b,m,
1525877705.2889,9290.10000,0.00204965,b,l,
1525877706.2401,9290.10000,0.14732511,b,l,
1525973495.6315,9112.20000,0.06225282,s,l,
1525812172.8745,9214.90000,0.19948852,s,l,
1525877712.9031,9290.10000,0.21900000,b,l,
1525973496.6528,9112.20000,0.13550450,s,l,
1525951651.8367,9332.00000,0.09603171,b,l,
1525911498.2532,9325.00000,0.05750000,b,m,
1525857884.6694,9131.20000,0.03496050,b,m,
1525842425.1327,9043.30000,0.18516853,b,l,
1525877720.0561,9290.10000,0.01457099,b,l,
1525839496.9214,9029.30000,0.06000000,b,l,
1525854245.5054,9102.00000,0.18881874,s,l,
1525875194.4543,9260.60000,0.00100000,b,m,
1525980424.3874,9101.00000,0.19941601,b,m,
1525886117.0907,9369.90000,0.16483283,b,m,
1525973499.6957,9112.20000,0.06226931,s,l,
1525759972.8713,9349.10000,0.04394907,b,m,
1525973500.5441,9112.30000,0.01190900,b,l,
1525835556.5841,9060.30000,0.45190000,b,m,
1525943279.5552,9340.30000,0.01732272,b,l,
1525771398.4271,9290.00000,0.21640282,b,m,
1525778215.5457,9199.00000,0.28629217,s,m,
1525873494.4753,9290.00000,0.00000012,b,l,
1525812217.2104,9214.90000,0.00000346,s,l,
1525973503.0991,9110.00000,0.50286709,s,m,
1525943293.9517,9340.20000,0.08020000,b,l,
1525943294.772,9340.30000,0.16880000,b,l,
1525812223.4591,9214.90000,0.52041439,s,l,
1525842432.3737,9031.20000,0.02707535,s,m,
1525877763.0553,9290.10000,0.24159277,b,l,
1525877765.1102,9290.10000,0.01076400,b,m,
1525943303.9739,9340.30000,0.02110103,b,l,
1525877771.513,9290.10000,5.00000000,b,l,
1525877774.7525,9294.90000,1.70000000,b,l,
1525943311.5662,9340.30000,0.00111827,b,l,
1525973507.3942,9110.00000,0.04668992,s,l,
1525812244.603,9214.80000,0.21165333,b,m,
1525780887.3104,9150.00000,0.30000000,s,m,
1525934028.1932,9296.00000,0.00400000,s,l,
1525989155.2128,9103.00000,0.01410000,s,l,
1525835384.5182,9010.00000,0.25381000,s,m,
1525774017.6003,9298.10000,0.00211989,b,m,
1525928052.2363,9325.10000,0.22280000,s,m,
1525864283.9564,9203.10000,0.00721230,s,m,
1525943332.5307,9340.00000,0.01833789,b,l,
1525842976.8844,9031.40000,0.00743149,b,l,
1525877799.0512,9297.00000,0.23812629,b,l,
1525973511.1473,9100.20000,0.00000343,s,l,
1525991232.8258,9057.00000,0.01000000,s,m,
1525864767.4397,9219.30000,0.00360000,b,m,
1525812276.2388,9210.00000,0.20600000,s,l,
1525812278.3028,9211.10000,0.18340853,b,l,
1525877816.6534,9299.90000,0.06127000,b,l,
1525911967.3543,9385.00000,0.00211686,b,m,
1525897073.2355,9297.40000,0.22244767,b,l,
1525798751.1075,9118.10000,0.00046217,b,l,
1525980990.236,9111.00000,0.00300000,b,l,
1525812287.7563,9210.00000,0.01981000,s,l,
1525867506.8309,9331.00000,0.00500000,s,l,
1525943362.4727,9335.30000,0.01700000,s,m,
1525824447.9396,9140.90000,0.06000000,s,m,
1525943367.4239,9335.30000,0.15060000,s,l,
1525785139.9012,9160.30000,0.00146000,s,m,
1525812299.6803,9165.10000,0.45467913,s,m,
1525812302.4944,9196.00000,0.80000000,s,l,
1525875213.6986,9259.90000,0.21920450,s,m,
1525877841.7932,9299.80000,0.20000000,b,l,
1525780980.8937,9110.00000,1.00000000,s,l,
1525867506.9634,9331.00000,0.00500000,s,l,
1525786207.5687,9128.10000,0.08744473,b,l,
1525812315.8363,9185.90000,0.50000000,s,m,
1525991269.7639,9031.50000,0.57710000,s,l,
1525952059.0427,9320.70000,0.07099679,s,l,
1525943394.4514,9335.40000,0.01330000,b,l,
1525812323.512,9186.10000,0.01483164,b,m,
1525835171.4838,9028.70000,0.00041980,s,m,
1525877864.6676,9300.00000,0.00537700,b,m,
1525784724.1723,9140.00000,0.02730000,b,l,
1525803988.5538,9166.60000,1.80609548,s,l,
1525877870.7056,9300.00000,0.00100000,b,m,
1525812336.4554,9184.00000,0.66933751,s,l,
1525973523.6167,9123.30000,0.10000000,b,m,
1525984446.2636,9089.40000,0.06000000,b,m,
1525912779.6578,9345.50000,0.00480674,s,m,
1525755695.0023,9406.80000,0.10000000,s,m,
1525812345.7072,9184.40000,0.00500000,s,m,
1525943419.476,9335.40000,0.00310000,s,l,
1525782493.528,9114.00000,0.00492600,s,l,
1525877886.8676,9300.00000,0.01075300,b,m,
1525943423.5309,9335.30000,0.18660000,s,l,
1525991254.2185,9043.10000,0.06000000,s,m,
1525838892.4333,8962.30000,0.01035000,s,m,
1525855673.704,9117.40000,0.03380000,b,m,
1525943435.5796,9335.30000,0.04660000,s,l,
1525943436.6651,9335.30000,0.04602178,s,l,
1525834556.0457,9076.00000,0.01874460,b,l,
1525943439.6767,9335.30000,0.00370000,s,l,
1525888775.5774,9300.00000,0.10000000,b,l,
1525943443.9809,9335.30000,0.20000000,s,l,
1525812373.1787,9179.30000,0.01000000,s,m,
1525973529.3548,9126.30000,0.06000000,s,m,
1525877912.0562,9300.00000,0.20000000,b,m,
1525781001.2827,9089.00000,0.03200000,b,m,
1525943452.2121,9335.30000,0.00360048,s,l,
1525835807.3763,9007.00000,0.03680000,s,m,
1525812383.0483,9179.30000,1.65300455,s,l,
1525775298.3253,9329.30000,1.00000000,b,l,
1525803268.9837,9088.50000,0.00143000,s,m,
1525972523.9997,9217.30000,1.79000000,b,m,
1525812390.4655,9169.40000,0.05304946,s,m,
1525897073.2464,9297.50000,0.01439417,b,l,
1525812403.1873,9174.10000,0.00572572,b,l,
1525776926.645,9306.70000,0.05847841,s,m,
1525853385.1375,9040.40000,0.06318355,b,l,
1525871223.4787,9271.90000,0.08095489,s,l,
1525812415.104,9173.20000,0.01666670,s,l,
1525877952.436,9300.00000,0.08570000,b,l,
1525972982.1235,9142.80000,0.06000000,b,l,
1525962615.3205,9333.10000,0.18940000,s,l,
1525812428.4934,9171.10000,0.00250510,b,l,
1525812429.1915,9172.40000,0.00253705,b,l,
1525973039.5286,9163.50000,0.18248661,b,l,
1525764926.0609,9346.00000,0.80000000,s,l,
1525812439.8704,9173.80000,0.00644139,b,l,
1525849524.5365,9071.90000,0.00000007,s,m,
1525803279.9136,9055.00000,0.31350002,s,m,
1525972425.5295,9247.80000,1.00000000,b,m,
1525854325.0499,9089.90000,0.04220000,b,l,
1525812458.8294,9173.80000,0.11851787,b,l,
1525971704.3109,9345.00000,0.53504000,s,l,
1525943535.3523,9335.40000,0.00636959,b,l,
1525878003.1233,9300.00000,0.00792400,b,l,
1525943542.2501,9335.50000,0.01615699,s,l,
1525897087.9467,9288.60000,0.01600000,b,m,
1525973546.969,9132.00000,0.20000000,s,m,
1525812478.6986,9176.40000,0.22030000,s,l,
1525812479.8801,9176.40000,0.38460000,s,l,
1525812480.465,9176.40000,0.08090000,b,l,
1525878019.2583,9305.00000,0.00239562,s,m,
1525943556.1046,9343.60000,0.02501165,s,l,
1525962625.575,9334.00000,0.01359571,s,m,
1525943561.4287,9343.60000,0.01333010,s,m,
1525943566.8199,9344.40000,0.01220658,b,l,
1525878032.3847,9305.40000,0.53885947,s,m,
1525943569.2009,9343.60000,0.01290000,s,l,
1525812498.1796,9176.50000,0.00300000,b,l,
1525943578.6119,9343.80000,0.01000000,b,m,
1525836555.7313,9032.70000,3.36699000,b,m,
1525899691.7455,9246.60000,0.36479881,b,l,
1525934632.6518,9279.30000,0.00700000,b,l,
1525867466.2821,9403.80000,0.10327600,b,m,
1525885596.498,9339.00000,0.05000000,b,m,
1525973552.9975,9138.60000,0.01030144,b,l,
1525943588.2468,9343.60000,0.10010000,s,l,
1525878055.3658,9310.90000,0.03840000,b,m,
1525821130.402,9224.10000,0.00000515,b,l,
1525809134.1527,9258.40000,0.50000000,b,m,
1525962977.2984,9333.70000,0.90000000,b,m,
1525895327.6628,9281.50000,0.05387000,b,l,
1525835129.7818,9053.60000,1.00000000,s,l,
1525781002.3453,9083.50000,0.00572466,s,m,
1525943601.8787,9343.70000,0.19000000,b,m,
1525812530.3007,9176.50000,0.00728557,b,l,
1525878067.7667,9311.00000,0.01924700,b,m,
1525846752.3596,9059.10000,0.19019275,b,m,
1525943608.2667,9343.60000,0.00390000,s,l,
1525884876.5064,9303.70000,0.39548066,b,l,
1525812540.5188,9176.50000,0.09098780,b,l,
1525905678.4905,9320.80000,0.73500000,b,m,
1525943615.2723,9343.60000,0.01475849,s,l,
1525838589.4846,9011.00000,1.00000000,s,m,
1525973558.4701,9132.40000,0.09223422,s,l,
1525943622.8457,9335.90000,0.17907773,s,l,
1525812553.3315,9176.40000,0.65385000,s,l,
1525973559.8316,9132.40000,0.08137200,s,l,
1525878092.5935,9305.70000,0.00531347,s,m,
1525943630.4593,9334.70000,0.20000000,s,l,
1525899656.9146,9234.00000,0.03427378,s,m,
1525801491.3684,9144.50000,0.29854667,b,l,
1525943633.0365,9333.00000,0.00200000,s,m,
1525963438.7358,9332.50000,0.08990000,b,l,
1525974644.1753,9148.90000,0.18870000,b,m,
1525909500.8957,9293.00000,0.80000000,b,l,
1525943642.5721,9332.20000,1.80640865,s,l,
1525941156.6168,9350.00000,0.11100000,s,m,
1525837224.3028,9058.80000,0.05894714,b,l,
1525867339.3836,9329.10000,0.23178692,s,l,
1525864336.149,9207.90000,0.01098358,b,m,
1525780887.1957,9150.10000,0.01000000,s,l,
1525943655.0378,9330.00000,0.03000000,s,l,
1525885408.9712,9302.70000,0.00087547,s,m,
1525878125.8962,9311.00000,0.01074000,b,m,
1525794866.6235,9173.40000,0.02838731,b,m,
1525926340.2838,9340.00000,0.07914148,b,l,
1525812593.1482,9176.50000,0.11033700,b,l,
1525939004.9408,9374.10000,0.00643000,s,l,
1525972436.4581,9231.30000,0.79690000,b,l,
1525870652.6692,9284.00000,6.58802461,b,l,
1525878136.6507,9311.00000,0.00293678,b,l,
1525842495.604,9036.00000,0.60000000,s,l,
1525918954.489,9308.50000,0.93173033,b,m,
1525987443.4063,9098.00000,0.89411302,b,l,
1525863417.3641,9212.00000,0.30000000,b,m,
1525938506.4971,9344.60000,0.35000000,b,m,
1525878150.1969,9302.80000,0.14800000,s,m,
1525812615.796,9176.40000,0.01000000,s,l,
1525869143.7952,9302.90000,0.01971033,b,m,
1525791020.1254,9122.80000,3.30000000,b,l,
1525812623.2562,9176.40000,1.47604445,b,l,
1525897114.0593,9284.20000,0.01873030,s,m,
1525911967.5049,9392.00000,0.06500000,b,m,
1525863696.0414,9210.00000,0.80000000,b,l,
1525779257.0931,9232.00000,0.00455376,b,m,
1525878183.0889,9309.90000,0.63522324,b,l,
1525878184.8731,9313.00000,0.02148000,b,m,
1525943724.809,9323.60000,0.00500000,b,l,
1525878189.8778,9309.60000,0.15000000,b,m,
1525798813.8826,9128.70000,0.22314993,s,l,
1525906243.7223,9323.20000,0.00268110,b,l,
1525878203.4348,9308.00000,0.00500000,s,m,
1525964580.3303,9305.00000,0.10000000,s,m,
1525908043.9176,9292.30000,0.00300000,b,m,
1525951734.1435,9338.40000,0.04000000,b,m,
1525878216.1482,9308.40000,0.09440465,b,l,
1525776972.2549,9313.10000,0.00432367,b,l,
1525812682.3461,9175.70000,0.04501691,b,l,
1525812683.7962,9164.60000,0.19000000,s,m,
1525943756.0835,9322.20000,0.00372730,b,l,
1525846215.2966,9053.60000,0.00000040,s,m,
1525878223.8365,9308.40000,0.01000000,b,m,
1525840192.34,8999.20000,1.00000000,s,m,
1525943762.9508,9317.70000,0.00000054,s,m,
1525878227.8441,9312.90000,0.00241817,b,l,
1525878229.6953,9309.20000,0.12950000,b,l,
1525779673.8557,9231.10000,0.37962170,b,l,
1525878235.6007,9310.90000,0.00100000,s,l,
1525924514.3632,9327.10000,0.97900622,b,m,
1525878237.2059,9311.00000,0.28760000,b,l,
1525878239.6264,9311.00000,0.00231070,b,l,
1525867817.1379,9308.00000,2.65581104,s,l,
1525878244.5218,9311.00000,0.23250000,b,l,
1525878245.5318,9311.00000,0.23250000,b,l,
1525878246.3712,9311.00000,0.13198930,b,l,
1525780996.0945,9100.00000,0.08241000,s,l,
1525878251.3974,9311.10000,0.01074000,b,m,
1525812717.0751,9164.40000,0.00237275,s,l,
1525878254.5746,9311.10000,0.23250000,b,l,
1525812719.3051,9164.40000,0.20000000,s,l,
1525878256.5897,9311.10000,0.23250000,b,l,
1525878258.181,9311.10000,0.00413778,b,l,
1525973587.8876,9145.10000,0.00000001,s,m,
1525943799.387,9317.80000,0.70310000,s,l,
1525906826.8,9305.70000,0.14284875,s,m,
1525878266.0193,9311.10000,0.23250000,b,l,
1525878267.4024,9311.10000,0.05512222,b,l,
1525943804.2906,9314.90000,0.10624320,b,l,
1525768789.4142,9386.00000,1.00000000,b,m,
1525804169.3483,9220.00000,0.00550000,b,m,
1525943809.5835,9314.90000,0.22360000,b,l,
1525878275.518,9313.00000,0.15331376,b,l,
1525973590.3687,9145.10000,0.17198000,s,l,
1525943799.3819,9317.90000,0.76370000,s,l,
1525812746.8732,9166.40000,0.01401100,b,l,
1525943821.2722,9314.90000,0.01027618,b,l,
1525812750.9762,9164.60000,0.12023511,b,l,
1525991354.7564,9048.00000,0.00100000,s,m,
1525853113.1019,9036.50000,1.00000000,s,m,
1525899656.8784,9242.00000,0.06034977,s,m,
1525764861.4744,9349.10000,0.02478435,b,l,
1525768764.3766,9379.00000,0.02381908,b,m,
1525842961.8211,9034.80000,0.00700000,b,l,
1525836463.533,9000.00000,0.00689657,s,m,
1525973598.5623,9144.10000,0.99389511,s,l,
1525943862.7356,9314.70000,0.26633659,s,l,
1525943863.8475,9314.80000,0.01477583,b,l,
1525911967.2256,9381.90000,0.00404842,b,m,
1525878331.4546,9313.00000,0.00600000,b,m,
1525878333.2204,9310.80000,0.03375317,s,m,
1525772979.7705,9258.90000,0.07617618,b,l,
1525943875.6502,9315.00000,0.08079040,b,l,
1525835560.2036,9074.00000,3.00000000,b,m,
1525878342.8676,9313.00000,0.00912000,b,m,
1525901132.9085,9228.50000,0.59600000,b,m,
1525878344.5917,9313.00000,0.32969424,b,l,
1525976239.2723,9085.60000,2.15200000,s,m,
1525983215.277,9084.80000,0.08587720,b,m,
1525863703.7591,9209.90000,0.46781313,b,l,
1525973603.8537,9142.30000,0.04514660,s,m,
1525943893.6087,9314.90000,0.21894306,s,l,
1525943894.0251,9315.00000,0.22110000,b,l,
1525943895.9294,9314.90000,0.21894306,s,l,
1525943896.5356,9315.00000,0.02003878,b,l,
1525943901.1745,9314.90000,0.15270000,s,l,
1525812832.214,9164.90000,0.31324000,b,l,
1525878371.9496,9316.90000,0.01073300,b,m,
1525790437.1819,9133.80000,0.40157503,b,l,
1525812838.7395,9165.00000,0.05546209,b,l,
1525987881.0788,9118.70000,0.06254026,s,l,
1525976230.0237,9058.00000,3.71311825,s,m,
1525812843.0886,9164.60000,0.07900000,s,m,
1525973899.269,9190.00000,0.14214000,b,l,
1525812847.5228,9165.00000,0.00620000,b,m,
1525932452.0927,9307.40000,0.00526878,b,l,
1525812850.0682,9164.80000,0.00301786,s,l,
1525808064.202,9233.30000,0.20150000,b,m,
1525812853.0348,9164.80000,0.38244469,b,m,
1525901885.4738,9224.50000,0.01084100,b,m,
1525820693.4169,9206.10000,0.00495547,s,l,
1525918998.5016,9310.10000,0.11170000,b,m,
1525812874.3513,9166.00000,1.00000000,b,l,
1525820695.1248,9206.10000,0.01056400,s,l,
1525812877.8995,9166.20000,0.00000518,b,l,
1525888792.0577,9300.00000,2.00000000,b,m,
1525980990.2438,9112.80000,0.16900000,b,l,
1525878425.2046,9316.90000,0.41896124,b,l,
1525973615.5191,9145.20000,0.02423123,b,l,
1525851087.9367,9070.20000,0.00639960,b,l,
1525878436.8902,9316.70000,0.00200000,s,l,
1525991359.9861,9052.90000,0.18210000,b,m,
1525943975.4794,9326.90000,0.14960000,s,l,
1525836496.5809,8999.60000,3.60000000,s,m,
1525809779.4677,9233.70000,0.05000000,s,m,
1525969537.614,9349.10000,1.99800000,s,l,
1525973620.8225,9145.10000,0.04602178,b,l,
1525943994.3983,9327.00000,0.01683468,s,l,
1525838704.9006,9002.80000,0.06467921,s,m,
1525867466.1815,9378.00000,0.00163237,b,m,
1525878461.3035,9316.60000,0.00707157,s,l,
1525899705.2735,9251.20000,0.67500000,b,l,
1525973622.4046,9150.00000,0.00294000,b,l,
1525950347.7193,9356.70000,0.93337151,s,m,
1525774458.7331,9319.40000,0.00000510,b,l,
1525878474.9841,9299.90000,1.00000000,s,m,
1525878475.0205,9288.80000,3.58787112,s,m,
1525812415.1113,9170.00000,0.00238834,s,l,
1525862607.967,9140.00000,0.10328307,b,l,
1525974527.8067,9129.60000,0.29000000,s,l,
1525878333.2225,9310.80000,0.00008753,s,m,
1525836349.9921,9035.50000,0.62600000,s,m,
1525944033.0653,9331.10000,0.00200000,s,m,
1525809787.5235,9233.80000,1.00000000,b,m,
1525972425.2534,9206.20000,0.01000000,s,m,
1525888795.965,9300.00000,0.00429470,b,l,
1525809788.6435,9233.70000,0.03000589,s,l,
1525862608.0346,9145.40000,0.02000000,b,m,
1525766098.4071,9354.70000,0.19000000,s,l,
1525878516.2781,9304.60000,0.11983745,b,l,
1525983081.3462,9043.90000,0.13000000,s,m,
1525867466.2917,9410.00000,0.02180704,b,m,
1525812989.3869,9164.40000,0.00440000,s,l,
1525970001.8154,9359.80000,0.25718455,b,l,
1525868295.5104,9275.50000,0.00000457,s,m,
1525878540.4754,9306.70000,0.02740000,b,l,
1525960827.5724,9364.80000,0.36080797,s,l,
1525878542.6832,9306.70000,0.02740000,b,l,
1525834252.6145,9099.10000,0.04340029,s,m,
1525869156.6546,9301.60000,1.00000000,s,m,
1525990863.2294,9086.20000,0.41765741,b,l,
1525813012.6955,9164.60000,0.00217404,b,l,
1525864409.1263,9215.30000,0.20000000,b,m,
1525878553.8787,9306.00000,0.10713219,b,l,
1525813023.1738,9164.30000,0.00500000,s,m,
1525878561.9468,9306.30000,0.18970000,b,l,
1525897179.6708,9284.20000,0.11920000,s,l,
1525813028.8116,9166.20000,0.00527959,b,l,
1525878566.1112,9306.30000,0.06970000,b,l,
1525973639.4385,9159.50000,0.00780805,b,m,
1525944109.1034,9335.80000,0.19949068,s,l,
1525944112.3691,9335.90000,0.77940000,b,m,
1525759183.1087,9327.80000,0.08557723,b,l,
1525785370.1621,9159.00000,0.00500000,b,l,
1525878589.53,9303.20000,0.00426162,s,l,
1525784724.1553,9140.00000,0.02142000,b,l,
1525878595.378,9298.60000,0.00613248,s,m,
1525951798.372,9324.70000,0.00012500,s,m,
1525878600.9365,9300.00000,1.97422838,b,l,
1525904787.3724,9318.30000,0.00000001,b,m,
1525958917.2195,9373.90000,0.00500000,b,m,
1525813069.6976,9151.10000,0.00236154,s,m,
1525944142.5028,9335.80000,0.00880000,s,l,
1525973645.3104,9162.60000,0.12467773,b,l,
1525878609.8092,9308.90000,0.01074200,b,m,
1525816784.7266,9171.20000,0.00000307,s,l,
1525944152.7403,9335.90000,0.15895551,b,l,
1525808502.3118,9212.10000,0.05248752,s,l,
1525813085.3361,9160.00000,0.54204140,b,l,
1525834606.2551,9090.00000,0.07011582,b,l,
1525842576.1675,9029.00000,0.02575460,b,l,
1525772678.1993,9285.00000,0.30000000,s,l,
1525984571.5237,9086.10000,0.78380622,s,m,
1525759183.1113,9330.70000,0.21800000,b,l,
1525904075.6255,9267.10000,0.02250000,b,m,
1525936809.9011,9296.70000,0.00562288,b,l,
1525878638.3224,9308.80000,0.00375984,b,l,
1525976090.3875,9081.20000,0.10000000,s,m,
1525944179.6865,9335.80000,0.84408517,s,l,
1525878650.6826,9308.80000,0.10000000,b,m,
1525806529.7964,9228.20000,2.17741257,b,l,
1525973653.8772,9174.60000,0.31620000,s,l,
1525794963.8047,9169.90000,0.00545262,s,m,
1525974353.3653,9145.10000,0.13906686,s,l,
1525760047.1225,9361.60000,0.04891308,b,l,
1525867505.7249,9331.00000,0.00500000,s,l,
1525878672.0583,9308.00000,0.11489832,b,l,
1525813137.6458,9155.60000,0.01308605,s,m,
1525899712.5155,9252.00000,0.40000000,b,m,
1525863499.5064,9196.90000,0.00664371,s,m,
1525756184.6816,9371.50000,0.10292311,s,l,
1525782400.5673,9132.90000,0.04304873,s,m,
1525859567.8077,9126.00000,0.02270000,s,l,
1525786680.2769,9124.00000,1.83709519,b,l,
1525919046.3394,9309.60000,0.22540000,s,l,
1525768777.3412,9395.60000,0.48141633,b,m,
1525878695.489,9307.80000,0.26947593,b,l,
1525842588.0166,9027.20000,0.15695934,s,m,
1525813162.6017,9156.10000,0.10000000,s,l,
1525813163.4628,9156.20000,0.00995807,b,l,
1525841123.2571,9054.00000,0.18770000,b,m,
1525839054.2003,8983.00000,0.12915858,b,l,
1525944239.7435,9320.40000,0.00200000,b,m,
1525813170.4709,9157.00000,0.80000000,b,l,
1525864435.7977,9220.00000,0.05000000,b,m,
1525813174.1156,9156.30000,0.05321122,s,m,
1525813177.0681,9156.50000,0.01390254,b,l,
1525813179.9323,9157.70000,0.01390000,s,l,
1525878716.7613,9307.20000,0.00015000,s,l,
1525813181.9809,9159.00000,0.17298878,s,m,
1525813186.8182,9161.00000,0.01230000,b,l,
1525964681.5426,9315.50000,0.03950000,b,m,
1525878726.3255,9305.40000,0.01074500,b,m,
1525781215.4014,9093.00000,0.00003115,s,m,
1525755212.1613,9422.80000,0.00739951,s,l,
1525813194.4958,9156.50000,0.25000000,b,l,
1525813195.5888,9156.00000,0.19000000,s,l,
1525813197.106,9156.00000,0.53310000,b,l,
1525836555.7162,9025.00000,0.00215334,b,m,
1525878739.331,9301.70000,0.05000000,b,l,
1525845969.8875,9069.70000,0.00780000,b,m,
1525878742.1495,9278.80000,0.24780000,s,m,
1525973397.2033,9156.80000,0.20720000,s,l,
1525878744.2544,9283.20000,0.01042246,s,m,
1525973668.4507,9175.30000,0.00895617,s,m,
1525836463.4685,9000.00000,0.00440000,s,m,
1525951081.3413,9332.50000,0.03666040,s,m,
1525753503.8485,9400.50000,0.23890000,s,m,
1525878753.3361,9299.80000,0.02010000,b,l,
1525972479.6164,9188.80000,0.01227000,s,l,
1525842598.574,9023.00000,0.04267245,b,l,
1525878758.7839,9298.40000,0.01000000,b,l,
1525944295.3486,9326.10000,1.00000000,s,l,
1525878760.3679,9297.70000,0.10320000,b,l,
1525777063.5456,9306.70000,0.00121972,s,m,
1525944301.7523,9319.00000,0.12754548,b,l,
1525944302.8515,9319.00000,0.06296751,b,l,
1525813231.5538,9160.30000,0.04362776,b,m,
1525878768.0795,9297.50000,0.03920000,b,l,
1525758210.9527,9330.30000,0.01000000,s,m,
1525778215.5719,9196.50000,0.12726047,s,m,
1525813236.5666,9156.00000,0.00242976,s,m,
1525813237.6878,9156.00000,0.00242976,s,m,
1525911967.1707,9381.90000,0.23509080,b,m,
1525867466.2536,9400.00000,0.00001338,b,m,
1525961214.7179,9344.50000,0.40000000,s,l,
1525944319.6531,9319.00000,0.00144009,b,m,
1525897216.9884,9280.00000,0.01000000,s,m,
1525972608.9042,9188.00000,0.41865823,s,l,
1525867466.2477,9400.00000,0.00004358,b,m,
1525934632.6645,9279.40000,0.00000001,b,l,
1525758469.4085,9327.80000,0.02464229,s,l,
1525912196.6275,9333.70000,0.99290000,s,l,
1525908445.3789,9276.20000,0.01200000,b,l,
1525849524.5325,9071.90000,0.01176944,s,m,
1525798914.0225,9136.20000,0.01072878,s,l,
1525780851.3195,9190.00000,0.18244016,s,l,
1525842605.2147,9024.30000,0.00317229,b,l,
1525944336.0018,9319.00000,0.00500000,b,l,
1525984600.2872,9096.90000,0.09763066,b,m,
1525956455.1932,9341.00000,0.00247715,s,l,
1525982210.2756,9066.00000,1.79784817,b,l,
1525780887.3431,9150.00000,0.24000000,s,m,
1525878815.6159,9293.30000,0.09330000,b,l,
1525985770.835,9081.10000,0.31450812,s,l,
1525864454.892,9220.00000,0.21410000,b,l,
1525973681.9656,9164.50000,0.00000006,s,m,
1525813292.9737,9157.50000,0.05286769,s,m,
1525867754.4186,9317.60000,0.00900000,b,m,
1525944366.9058,9319.00000,0.00182163,b,l,
1525813295.8742,9161.40000,1.70980000,b,m,
1525944373.3386,9335.40000,0.24870000,b,l,
1525813304.0311,9157.70000,0.00895596,b,l,
1525911967.2732,9383.40000,1.00362915,b,m,
1525878843.2542,9278.80000,0.09330000,s,m,
1525777077.4896,9306.70000,0.00000108,s,m,
1525820768.4021,9206.20000,0.01990381,b,l,
1525878850.6021,9292.30000,0.01076200,b,m,
1525766155.3926,9362.00000,0.06026426,b,l,
1525813317.2331,9167.90000,0.07806600,s,m,
1525835127.6051,9060.00000,0.23000000,s,l,
1525785139.9162,9158.00000,0.10000000,s,m,
1525878859.8329,9290.00000,0.00100000,s,l,
1525813325.7656,9168.10000,0.00144650,b,m,
1525964316.1541,9325.80000,0.02140900,s,l,
1525878863.5136,9290.20000,0.00737913,b,l,
1525882700.7522,9293.80000,1.00000000,b,m,
1525780980.8639,9110.00000,0.01029440,s,l,
1525984611.5481,9097.70000,0.03000000,b,m,
1525878868.9978,9278.70000,0.27740000,s,m,
1525878869.038,9292.10000,0.00100000,b,m,
1525781412.6945,9088.20000,0.02620318,s,m,
1525987009.4722,9090.00000,1.02315098,s,m,
1525864463.4842,9215.10000,0.32123971,s,m,
1525869314.3814,9319.50000,0.97900622,b,m,
1525813344.1996,9171.20000,0.01382364,b,l,
1525984659.5241,9107.30000,0.00670000,b,m,
1525842619.0687,9022.50000,0.02225670,b,l,
1525808064.1873,9223.60000,0.02735483,b,m,
1525870916.3711,9275.00000,0.70227352,s,l,
1525813354.719,9171.20000,0.20317636,b,l,
1525813357.398,9174.50000,0.22299884,b,l,
1525813358.884,9189.10000,0.02300000,b,l,
1525813359.502,9181.30000,0.00144650,s,m,
1525813361.4707,9189.00000,0.24500000,b,l,
1525893849.1439,9250.10000,0.02141427,s,l,
1525944435.3386,9328.00000,0.12207210,b,l,
1525794971.4746,9170.00000,0.00650000,b,l,
1525755241.641,9422.90000,0.00000472,b,m,
1525878904.312,9279.60000,0.19000000,s,m,
1525919362.5902,9310.00000,2.00000000,b,l,
1525813371.0446,9193.30000,0.40260000,b,m,
1525813373.9107,9182.40000,0.09816000,s,l,
1525834252.6222,9090.90000,0.34010000,s,m,
1525842547.6362,9030.00000,0.08849492,b,l,
1525842624.6399,9022.40000,0.00267045,b,l,
1525778736.9987,9224.10000,0.03349548,b,l,
1525878917.8689,9285.10000,0.00300000,s,m,
1525788012.1718,9119.90000,0.21059277,b,l,
1525972339.1719,9300.00000,0.51000000,s,l,
1525821159.0337,9228.60000,0.20560000,s,l,
1525944464.0497,9328.00000,0.00200000,b,m,
1525813394.299,9182.20000,0.00816000,s,l,
1525973699.45,9163.20000,0.00744390,s,m,
1525853550.2182,9054.00000,0.02072378,s,l,
1525875396.8233,9263.00000,0.01000000,b,l,
1525758749.0665,9325.30000,0.05919000,s,m,
1525813414.8399,9182.60000,0.00553807,s,l,
1525939002.2316,9374.10000,0.01000000,s,l,
1525853554.6005,9054.10000,0.02540000,s,l,
1525864477.2006,9220.00000,0.01900000,b,m,
1525780916.3966,9138.70000,0.13357255,s,m,
1525836436.5356,9030.00000,0.00500000,b,m,
1525788019.0882,9117.10000,0.00857665,b,l,
1525878966.1309,9285.00000,0.00400000,b,m,
1525813432.9877,9192.30000,0.04000000,s,l,
1525853556.3065,9055.20000,1.00000000,b,m,
1525878970.5043,9285.00000,0.01077000,b,m,
1525871196.6398,9280.10000,0.02090000,s,l,
1525813439.5519,9191.50000,0.36478759,b,l,
1525899722.8413,9252.00000,0.64195502,b,l,
1525803267.9855,9091.00000,2.00000000,s,l,
1525970111.6096,9364.20000,2.15200000,b,l,
1525870976.7683,9260.30000,0.00999535,s,l,
1525991254.3894,9032.80000,0.03000000,s,m,
1525788024.7295,9117.10000,0.00353338,b,l,
1525904728.5272,9299.90000,0.01500000,b,l,
1525755694.9961,9410.00000,0.00010000,s,m,
1525879012.8801,9284.90000,0.00500000,b,m,
1525956462.748,9341.10000,0.05695544,b,l,
1525972425.1471,9228.30000,0.01000000,s,m,
1525839198.332,9016.80000,1.00000000,b,l,
1525879020.7876,9284.60000,0.26947593,s,m,
1525845167.7136,9058.10000,0.00000019,s,l,
1525834200.5854,9100.20000,0.00398587,s,m,
1525982192.1141,9053.10000,0.00131228,s,m,
1525960827.5847,9364.60000,0.99470000,s,l,
1525879028.2336,9285.00000,0.00921301,b,l,
1525944565.8782,9328.00000,0.12592790,b,l,
1525879030.7586,9285.00000,0.04580000,b,l,
1525984832.6557,9100.00000,0.20000000,s,m,
1525984639.6368,9097.80000,0.10500000,b,m,
1525879038.3161,9285.00000,0.05500000,b,l,
1525879039.8434,9285.00000,0.08360000,b,l,
1525755695.0053,9402.80000,0.26840000,s,m,
1525879042.0301,9284.80000,0.00300000,s,m,
1525879048.1838,9284.90000,0.00456617,b,l,
1525795588.2929,9149.60000,2.18500000,s,l,
1525879051.7188,9285.00000,0.21870000,b,l,
1525768789.4318,9386.50000,2.46900000,b,m,
1525813521.6634,9184.00000,0.07165886,b,m,
1525879058.6989,9285.00000,0.15670144,b,l,
1525879059.6706,9285.00000,0.03008108,b,l,
1525988322.8571,9121.80000,0.00013035,b,m,
1525798958.8864,9129.40000,0.03392714,s,m,
1525879065.3775,9285.00000,0.00280112,b,l,
1525879066.8564,9285.00000,0.90823486,b,l,
1525991409.6879,9047.00000,0.26070708,s,l,
1525869314.3719,9310.90000,0.06940000,b,m,
1525879071.9153,9293.70000,0.03567000,b,l,
1525865173.3146,9250.00000,0.00015318,b,l,
1525783191.1749,9106.80000,0.10000000,s,l,
1525845827.6709,9088.30000,0.07184718,b,l,
1525755271.9556,9422.80000,0.00700659,s,l,
1525879086.5687,9293.60000,0.01076000,b,m,
1525842550.3876,9026.60000,0.21830000,s,m,
1525842654.2578,9021.00000,0.04000000,b,l,
1525771407.3335,9289.90000,0.00200739,b,m,
1525813563.3,9182.20000,0.00144291,s,m,
1525939007.2575,9374.10000,0.29460711,s,l,
1525866553.0416,9216.20000,0.00230000,b,l,
1525845167.6344,9058.20000,0.00561723,b,m,
1525809889.6236,9239.50000,1.40535498,b,m,
1525879113.0218,9293.20000,0.05699536,b,l,
1525813580.7449,9182.20000,0.03850000,s,l,
1525983085.6931,9050.20000,1.16810000,b,l,
1525879121.3035,9293.00000,0.00366652,b,l,
1525885928.4378,9382.60000,0.00055500,b,m,
1525813593.0857,9182.40000,0.01090000,b,m,
1525944667.3601,9335.80000,0.21800000,s,l,
1525813597.7367,9182.40000,0.00985100,b,l,
1525854171.0878,9100.70000,0.08038910,b,m,
1525816798.294,9171.70000,0.01040000,s,l,
1525879138.5256,9290.80000,0.00300000,b,m,
1525972425.0396,9250.00000,0.19000000,s,l,
1525973734.1671,9150.20000,0.35000000,s,m,
1525792797.1169,9152.00000,1.09912070,b,l,
1525864509.8284,9220.00000,0.13535745,b,m,
1525984659.538,9108.20000,0.20956657,b,m,
1525930046.9976,9344.60000,0.13600000,b,m,
1525842665.4142,9021.10000,0.19602859,b,l,
1525805891.9638,9214.30000,0.18790000,s,m,
1525831743.4727,9164.70000,0.19370000,b,l,
1525842666.8409,9020.90000,0.00530000,s,l,
1525862630.7865,9155.00000,0.00546149,b,m,
1525879170.8812,9289.30000,0.01561456,b,l,
1525904786.1417,9312.80000,0.00500000,b,m,
1525885584.4476,9328.50000,0.00500000,b,m,
1525956462.4399,9341.00000,0.00600000,s,l,
1525879181.7309,9289.00000,0.00360442,b,l,
1525867505.5561,9331.00000,0.00196562,s,l,
1525777133.7722,9306.30000,0.11002760,s,l,
1525867817.1406,9308.00000,0.34418896,s,l,
1525973742.5232,9149.90000,0.90054949,s,m,
1525864516.7411,9220.00000,0.00843703,b,l,
1525935883.7237,9303.20000,0.00000511,b,l,
1525812439.8787,9173.80000,0.00000515,b,l,
1525813663.8441,9182.20000,0.02000000,b,l,
1525842672.1456,9021.10000,7.16634129,b,l,
1525866723.0283,9216.10000,0.10000000,s,m,
1525984667.9336,9098.10000,0.00308528,s,l,
1525879204.9539,9288.10000,0.01076600,b,m,
1525944742.0571,9336.00000,0.00200000,b,m,
1525813671.7964,9182.10000,0.01660000,s,l,
1525886364.4607,9360.20000,0.00900000,b,m,
1525911967.3081,9385.00000,6.99600000,b,m,
1525853597.0835,9056.90000,0.07770000,s,l,
1525778391.3765,9197.80000,0.73558511,b,l,
1525944753.3639,9338.00000,0.11396562,b,l,
1525856953.3614,9094.80000,0.01000000,b,l,
1525864814.5933,9213.50000,0.81960622,s,l,
1525879222.3224,9288.20000,0.00387341,b,l,
1525951903.3926,9328.90000,0.10708147,b,l,
1525800650.9416,9150.00000,0.00500000,s,l,
1525798987.4013,9139.70000,0.11000000,b,l,
1525867506.4836,9331.00000,0.00500000,s,l,
1525886591.5632,9360.80000,2.47700000,b,l,
1525813703.6374,9169.60000,0.00500000,s,m,
1525959126.5812,9381.20000,0.01000000,b,l,
1525842679.0457,9023.00000,0.00000525,b,l,
1525879245.7827,9285.00000,0.00200000,s,m,
1525813711.0162,9180.70000,0.00144153,b,m,
1525778215.3228,9200.00000,0.08695650,s,m,
1525879249.8489,9288.80000,0.00277226,b,m,
1525960827.5761,9364.80000,0.03845556,s,l,
1525944796.6673,9337.90000,0.00098288,s,m,
1525794983.1648,9170.00000,0.00426713,b,l,
1525781010.4716,9090.60000,0.03040000,s,l,
1525818988.1867,9212.20000,0.00900000,s,m,
1525819283.6897,9226.90000,0.18484198,b,m,
1525842683.4777,9023.50000,0.02743283,b,l,
1525788368.5838,9125.50000,0.00256825,b,l,
1525842684.8981,9023.60000,0.04960133,b,l,
1525984679.4497,9098.20000,0.00114379,s,l,
1525789787.8499,9169.40000,0.00000019,b,l,
1525975230.3661,9160.50000,0.00651721,b,m,
1525973757.8782,9156.00000,0.02210000,b,l,
1525825408.3552,9130.50000,1.00000000,s,m,
1525778215.9833,9175.10000,0.08031455,s,m,
1525940990.1563,9355.70000,0.00400000,b,l,
1525919801.558,9305.90000,1.00000000,b,l,
1525771349.0363,9284.30000,0.87160141,s,m,
1525984832.1771,9102.40000,0.21158869,b,l,
1525879306.0938,9288.40000,0.10705468,b,l,
1525879307.1197,9288.40000,0.03213993,b,l,
1525973763.0644,9163.10000,0.01942382,b,l,
1525813780.0424,9180.70000,0.01735647,b,l,
1525762251.2134,9334.40000,0.20000000,b,l,
1525864537.4932,9220.00000,0.08867616,b,m,
1525819283.7352,9227.70000,0.08840000,b,m,
1525835430.1689,9003.40000,0.02000000,s,m,
1525801532.1555,9139.90000,1.00000000,s,l,
1525951920.4379,9321.10000,0.02625810,b,l,
1525879332.3167,9288.40000,0.01076600,b,m,
1525971749.152,9345.00000,0.10700000,s,l,
1525911967.3208,9385.00000,0.00522042,b,m,
1525901917.4494,9226.20000,0.15753666,s,l,
1525772926.9609,9250.00000,0.02880000,s,m,
1525975667.8088,9110.00000,0.10000000,s,l,
1525894051.8989,9254.90000,0.00538000,s,l,
1525944901.8297,9337.90000,0.00636523,b,l,
1525864819.789,9219.80000,0.06782901,b,l,
1525944909.2267,9338.00000,0.25701000,b,m,
1525944910.0242,9338.00000,0.12212968,b,l,
1525820856.1745,9216.80000,0.98000000,b,m,
1525753524.4284,9407.10000,0.05382263,b,l,
1525961701.4436,9340.10000,0.00970000,b,l,
1525886393.4004,9360.00000,0.02834971,b,l,
1525768800.8873,9389.60000,0.04740000,b,m,
1525856953.5044,9081.90000,0.00695533,s,m,
1525919162.0091,9316.10000,0.00000510,b,l,
1525946338.066,9342.30000,0.00000001,b,l,
1525886395.218,9360.30000,0.28610000,b,l,
1525944932.6858,9337.90000,0.00400000,b,l,
1525979159.1004,9103.90000,0.06000000,s,m,
1525879403.3584,9289.30000,0.04788862,b,l,
1525776210.882,9281.60000,0.01210000,s,l,
1525879713.9943,9293.10000,0.29690313,s,l,
1525771329.4382,9280.00000,0.02100000,s,m,
1525935204.6886,9282.10000,0.01120500,b,m,
1525813876.735,9174.90000,0.01080000,s,l,
1525984571.5267,9083.60000,0.02640537,s,m,
1525869185.4918,9302.80000,0.08677470,s,l,
1525901919.5547,9233.20000,0.00254700,b,m,
1525944956.9125,9347.90000,0.17400000,b,m,
1525934653.671,9271.10000,0.13200863,b,l,
1525975231.5105,9155.00000,0.00000291,s,m,
1525979159.0925,9105.20000,0.19470000,s,m,
1525962859.2316,9334.80000,0.07521000,b,l,
1525975231.5084,9155.00000,0.00145599,s,m,
1525779713.0922,9228.00000,0.02742387,s,l,
1525879440.2056,9290.30000,0.11053381,b,l,
1525842712.2992,9028.00000,0.01139432,b,l,
1525788099.5639,9116.30000,0.00532000,s,l,
1525879444.0412,9290.40000,0.02390000,b,l,
1525879447.953,9290.40000,0.01454288,b,l,
1525842714.1182,9027.90000,0.18615479,s,l,
1525772997.8696,9254.20000,0.04800000,s,m,
1525944993.8138,9337.90000,0.01000000,b,l,
1525863703.792,9210.00000,0.00200000,b,l,
1525867507.1776,9331.00000,0.10000000,s,l,
1525944997.5907,9337.90000,0.99000000,b,l,
1525839049.9387,8972.80000,0.50000000,s,l,
1525901466.1394,9224.90000,0.01081900,s,m,
1525809949.4666,9239.90000,0.00642647,b,l,
1525984712.7411,9102.40000,0.00529674,b,l,
1525813941.9826,9182.90000,0.00559995,b,m,
1525778736.9798,9219.00000,0.01497951,b,l,
1525809951.0846,9239.80000,0.00932084,s,l,
1525899739.7488,9245.90000,0.01304514,b,l,
1525778214.9086,9200.10000,0.39288321,s,m,
1525842720.0642,9027.90000,0.81384521,s,m,
1525867690.5696,9318.10000,1.50000000,b,l,
1525984716.558,9107.90000,0.20000000,b,m,
1525862641.9169,9141.90000,1.39598544,s,m,
1525945037.4291,9342.50000,0.12657029,b,l,
1525755341.2573,9417.30000,0.74480000,s,l,
1525809955.0904,9239.90000,0.69194990,s,m,
1525982127.5887,9060.00000,0.10000000,s,m,
1525808502.314,9212.10000,0.11316132,s,l,
1525958210.0994,9354.30000,0.00200000,b,m,
1525858198.2054,9115.00000,0.00527959,s,l,
1525879512.1253,9291.30000,0.04400000,b,l,
1525879515.9835,9291.30000,0.02103963,b,l,
1525781898.3633,9090.00000,0.02000000,b,l,
1525879519.0401,9291.30000,0.00300000,b,m,
1525945056.0624,9342.50000,0.03106046,b,l,
1525864571.8842,9219.80000,0.30000000,s,m,
1525867051.9586,9300.00000,0.40000000,b,m,
1525945062.3844,9342.50000,0.01033708,b,l,
1525945063.1325,9342.50000,0.01028785,b,l,
1525814967.8396,9197.70000,0.00330000,b,m,
1525945066.5567,9342.50000,0.02067416,b,l,
1525836455.1438,9029.60000,0.00001053,b,l,
1525779266.3471,9230.80000,0.00300000,b,m,
1525945072.9555,9342.50000,0.01033708,b,l,
1525945074.3966,9342.50000,0.02062493,b,l,
1525863328.0252,9172.50000,1.00000000,b,m,
1525842353.127,9044.40000,0.87386626,s,m,
1525814006.2362,9180.00000,0.00302283,b,l,
1525926698.4974,9338.20000,0.02500000,b,m,
1525945083.9183,9342.40000,0.00000001,s,l,
1525814013.4297,9180.00000,0.00144009,b,m,
1525820885.7484,9216.60000,0.05271162,s,m,
1525864576.2541,9215.30000,0.05450000,s,l,
1525945090.799,9342.50000,0.00636499,b,l,
1525945091.8179,9342.50000,0.50000000,b,l,
1525974830.7114,9146.80000,1.00000000,s,l,
1525879558.3647,9290.60000,0.05381000,b,l,
1525879568.1824,9290.60000,0.00338424,b,l,
1525945106.4697,9342.90000,0.00230000,b,l,
1525984729.9491,9102.60000,0.11869468,s,l,
1525872887.1398,9292.00000,0.01000000,b,m,
1525864580.7419,9215.30000,0.06240000,s,l,
1525867052.1473,9336.20000,0.10000000,b,m,
1525973939.5709,9170.00000,0.82253865,s,l,
1525945118.1321,9344.00000,0.01030653,b,l,
1525867466.1637,9375.00000,0.00420000,b,m,
1525786686.1781,9122.10000,0.02171000,s,l,
1525920108.619,9309.20000,0.00636944,b,m,
1525945131.1976,9345.50000,0.03383710,b,l,
1525982532.9005,9049.60000,0.28722017,s,l,
1525814062.9822,9180.00000,0.01111741,b,l,
1525875507.1301,9265.10000,0.01396369,s,m,
1525879606.1278,9290.60000,0.01035032,b,l,
1525864585.3112,9215.50000,0.00005689,s,l,
1525985118.8016,9080.00000,0.44173315,s,l,
1525864827.6328,9213.10000,0.06950622,s,l,
1525939007.246,9374.10000,0.00000001,s,l,
1525945160.082,9345.40000,0.01030731,b,l,
1525879625.1757,9290.50000,0.00400000,s,m,
1525914346.2586,9314.80000,0.00451446,s,m,
1525820898.7764,9222.00000,0.05271162,b,m,
1525784084.2576,9134.30000,0.00804666,b,m,
1525802753.8035,9118.00000,0.47160000,b,l,
1525879635.7407,9290.60000,0.17820000,b,l,
1525777209.6255,9295.00000,0.00545637,b,l,
1525973941.6679,9167.50000,0.00637170,s,l,
1525973819.7083,9161.20000,1.24000000,s,m,
1525964681.6043,9318.40000,0.01360000,b,m,
1525918453.1458,9299.00000,0.00724611,b,m,
1525814122.7895,9179.90000,0.03399400,b,l,
1525814123.2823,9180.00000,2.67141086,b,m,
1525778560.7415,9228.00000,1.00000000,b,m,
1525783892.0196,9149.00000,0.10600000,b,m,
1525877436.6987,9287.20000,0.16361350,b,l,
1525879673.315,9292.90000,0.04560780,b,l,
1525804667.7686,9222.30000,0.49320000,b,l,
1525875593.067,9273.30000,0.01000000,s,m,
1525879679.0957,9293.20000,0.05379483,b,l,
1525890721.894,9313.70000,0.05000000,s,m,
1525969578.6941,9349.20000,0.01069610,s,l,
1525879690.88,9293.10000,0.50715000,b,l,
1525962903.1451,9338.00000,0.00300000,s,l,
1525879692.3008,9293.10000,0.00618670,b,l,
1525792797.1135,9150.70000,0.00237637,b,l,
1525879694.0988,9292.60000,0.07879130,b,l,
1525962904.6769,9333.00000,0.00052285,s,l,
1525879698.1239,9292.60000,0.01000000,b,l,
1525879699.4592,9292.60000,0.23037007,b,l,
1525879700.1986,9292.60000,0.20296747,b,l,
1525797598.9812,9154.90000,0.20956657,b,l,
1525879702.6298,9292.60000,0.24131104,b,l,
1525879705.8647,9292.50000,0.00300000,b,m,
1525879706.6401,9292.50000,0.24393744,b,l,
1525770993.9914,9337.50000,0.00703900,b,m,
1525879711.5552,9293.10000,0.29045682,b,l,
1525879712.8993,9293.10000,0.22710320,b,l,
1525879713.9976,9292.50000,0.00247468,s,l,
1525879714.0142,9291.00000,0.12940000,s,l,
1525799067.835,9133.50000,0.16700000,b,l,
1525879716.9622,9290.00000,0.10514095,b,l,
1525879719.0875,9290.00000,0.74271910,b,l,
1525962908.9368,9331.10000,0.73820000,s,l,
1525976126.5818,9098.00000,0.00000806,s,l,
1525808092.8572,9229.80000,1.00000000,b,m,
1525972380.9236,9255.00000,0.80200000,s,m,
1525781905.0339,9090.00000,0.02153500,b,l,
1525875528.5942,9265.10000,0.01400000,s,m,
1525879731.9023,9290.00000,0.00231328,b,l,
1525864606.7434,9215.40000,0.20970000,b,m,
1525814199.5406,9169.00000,1.00000000,s,m,
1525879736.6339,9290.00000,0.12650000,b,l,
1525778214.6659,9205.00000,0.00100000,s,m,
1525879745.7467,9290.00000,0.20980000,b,l,
1525867506.3838,9331.00000,0.00200000,s,l,
1525879750.5883,9290.00000,0.09060000,b,l,
1525911948.5613,9363.10000,0.01620000,b,l,
1525816822.7523,9170.00000,1.86961904,s,m,
1525864610.8198,9205.10000,0.69676718,s,m,
1525753517.0946,9407.10000,0.09280109,b,l,
1525945296.846,9343.60000,0.01840000,s,l,
1525973945.8123,9167.00000,0.00817366,s,l,
1525879763.1615,9290.00000,0.01186230,b,l,
1525877816.6599,9299.90000,0.15000000,b,l,
1525777231.0313,9294.40000,2.00000000,s,l,
1525836463.3395,9001.00000,0.10000000,s,m,
1525772947.7533,9240.00000,0.15218620,s,m,
1525879777.8636,9290.00000,0.05070000,b,l,
1525879779.7436,9290.00000,0.01290000,b,l,
1525879781.1428,9290.00000,0.00220569,b,l,
