time,bid,ask
1525809153,9255.20000,9273.30000
1525809154,9255.20000,9267.80000
1525874691,9263.10000,9264.40000
1525809156,9255.30000,9257.80000
1525809157,9255.30000,9257.30000
1525874689,9263.20000,9264.80000
1525852844,9023.60000,9027.50000
1525874698,9263.00000,9264.00000
1525874701,9263.00000,9263.80000
1525874703,9263.00000,9263.70000
1525809168,9255.40000,9257.30000
1525874705,9263.00000,9263.20000
1525874692,9263.00000,9264.80000
1525809178,9255.40000,9267.50000
1525809179,9255.40000,9266.30000
1525809180,9255.40000,9255.50000
1525874693,9263.00000,9264.10000
1525885616,9344.30000,9346.00000
1525770827,9337.20000,9341.50000
1525896539,9278.30000,9278.80000
1525809188,9255.40000,9262.70000
1525809189,9255.40000,9262.60000
1525809191,9255.40000,9262.60000
1525809192,9255.40000,9262.70000
1525809194,9255.40000,9255.50000
1525809195,9255.40000,9262.70000
1525809196,9255.40000,9256.40000
1525809197,9255.40000,9256.30000
1525809198,9255.40000,9256.20000
1525809199,9255.40000,9263.60000
1525809200,9255.40000,9256.10000
1525874737,9261.30000,9262.10000
1525809202,9255.40000,9255.90000
1525874739,9261.30000,9262.50000
1525874740,9261.00000,9261.30000
1525809206,9255.70000,9255.90000
1525874743,9256.00000,9260.90000
1525809208,9255.40000,9255.90000
1525809209,9255.40000,9255.80000
1525874746,9259.80000,9260.60000
1525874747,9257.00000,9260.60000
1525874748,9257.00000,9260.80000
1525809213,9253.90000,9254.80000
1525809214,9250.00000,9253.70000
1525874751,9256.00000,9260.30000
1525874753,9257.20000,9260.30000
1525874754,9260.00000,9260.30000
1525874755,9257.90000,9260.30000
1525874756,9257.20000,9260.30000
1525809221,9250.00000,9250.10000
1525874759,9258.00000,9260.30000
1525874760,9257.20000,9260.50000
1525874762,9257.20000,9257.60000
1525874763,9257.20000,9260.50000
1525874764,9257.20000,9258.10000
1525874765,9257.20000,9260.50000
1525874766,9257.20000,9260.60000
1525874767,9257.20000,9257.40000
1525874769,9257.60000,9260.60000
1525874770,9257.20000,9260.60000
1525874771,9253.90000,9260.60000
1525874773,9256.00000,9257.70000
1525874777,9257.30000,9257.40000
1525874778,9257.30000,9262.00000
1525874779,9257.30000,9260.00000
1525874781,9257.30000,9261.40000
1525874782,9257.40000,9259.10000
1525874783,9257.40000,9259.00000
1525874784,9257.90000,9261.40000
1525874704,9263.00000,9263.50000
1525874786,9257.90000,9261.40000
1525874787,9257.90000,9260.50000
1525874789,9257.90000,9261.40000
1525874793,9260.70000,9261.40000
1525874795,9260.70000,9262.90000
1525874796,9260.70000,9261.40000
1525874798,9260.80000,9261.40000
1525874803,9260.80000,9261.30000
1525874807,9260.80000,9261.10000
1525841940,9073.40000,9076.40000
1525874810,9260.80000,9261.00000
1525841941,9073.40000,9076.80000
1525874818,9257.30000,9257.40000
1525873054,9298.00000,9300.00000
1525866088,9218.00000,9223.10000
1525809288,9250.00000,9250.80000
1525809290,9250.00000,9250.80000
1525841943,9073.40000,9077.20000
1525809294,9250.10000,9250.80000
1525809296,9250.00000,9250.80000
1525831934,9161.20000,9162.10000
1525809301,9250.00000,9250.10000
1525809304,9250.10000,9250.70000
1525896559,9278.70000,9278.90000
1525809308,9250.20000,9250.70000
1525809313,9250.20000,9250.80000
1525809315,9250.30000,9250.80000
1525809318,9250.30000,9250.70000
1525809319,9250.30000,9250.80000
1525809320,9250.30000,9250.40000
1525874716,9263.00000,9263.10000
1525809322,9250.30000,9250.80000
1525809323,9250.30000,9250.60000
1525809325,9250.30000,9250.50000
1525809331,9250.40000,9250.50000
1525809334,9250.30000,9250.50000
1525809335,9250.40000,9250.50000
1525809336,9250.30000,9250.50000
1525809337,9250.30000,9250.80000
1525809338,9250.40000,9250.80000
1525868033,9304.80000,9306.20000
1525809342,9250.70000,9250.80000
1525809344,9250.50000,9250.80000
1525841952,9074.00000,9078.00000
1525809347,9250.70000,9250.80000
1525809351,9255.00000,9255.60000
1525809353,9255.00000,9255.80000
1525809355,9255.10000,9255.60000
1525809356,9255.10000,9255.80000
1525809358,9255.10000,9255.80000
1525809361,9255.20000,9255.80000
1525841955,9074.10000,9078.00000
1525841956,9074.10000,9080.00000
1525809371,9255.30000,9255.80000
1525809372,9255.30000,9255.60000
1525809374,9255.30000,9255.60000
1525809378,9255.10000,9255.60000
1525863803,9201.30000,9206.30000
1525825390,9133.30000,9144.90000
1525809383,9255.00000,9255.60000
1525809385,9255.40000,9255.60000
1525809386,9255.40000,9255.70000
1525809387,9255.00000,9255.60000
1525809391,9255.00000,9255.50000
1525809392,9255.10000,9255.50000
1525841960,9076.90000,9080.00000
1525863806,9201.30000,9206.60000
1525863807,9201.30000,9205.10000
1525809404,9255.10000,9255.50000
1525841962,9074.10000,9079.90000
1525809407,9255.10000,9255.30000
1525809408,9255.10000,9255.20000
1525863808,9201.30000,9205.00000
1525799336,9130.20000,9135.00000
1525841963,9076.60000,9079.90000
1525798273,9144.60000,9149.00000
1525863811,9201.30000,9205.60000
1525874734,9262.10000,9262.30000
1525885657,9346.80000,9347.00000
1525841967,9074.10000,9079.90000
1525863815,9201.10000,9201.30000
1525885661,9346.90000,9347.00000
1525841648,9065.00000,9068.80000
1525818846,9212.70000,9221.00000
1525869038,9299.50000,9300.40000
1525875002,9256.90000,9261.10000
1525875003,9257.10000,9261.10000
1525809468,9255.10000,9258.10000
1525809469,9255.10000,9255.20000
1525875006,9257.10000,9259.20000
1525809471,9255.10000,9258.10000
1525809472,9255.10000,9255.20000
1525809473,9255.10000,9258.10000
1525809474,9255.10000,9258.00000
1525809475,9255.10000,9255.20000
1525875012,9257.00000,9259.20000
1525841974,9074.20000,9079.90000
1525875020,9258.00000,9259.20000
1525798285,9144.60000,9149.00000
1525875029,9258.00000,9259.10000
1525875031,9257.00000,9257.10000
1525866200,9230.80000,9231.00000
1525809501,9255.10000,9258.20000
1525809502,9255.10000,9255.20000
1525841979,9074.20000,9074.30000
1525798289,9144.70000,9147.60000
1525794843,9170.20000,9173.40000
1525874750,9257.00000,9259.80000
1525875062,9258.00000,9263.00000
1525875065,9258.00000,9263.00000
1525875066,9258.10000,9260.40000
1525875067,9258.10000,9263.00000
1525875068,9260.10000,9263.00000
1525875069,9258.10000,9263.00000
1525875070,9260.50000,9262.90000
1525863829,9205.70000,9206.60000
1525875076,9260.50000,9263.00000
1525875079,9260.50000,9262.40000
1525875081,9260.50000,9263.00000
1525875083,9258.10000,9263.00000
1525875084,9258.10000,9260.50000
1525854073,9059.20000,9064.00000
1525875086,9259.00000,9263.00000
1525875088,9259.00000,9260.50000
1525875089,9259.00000,9261.80000
1525875090,9259.00000,9261.80000
1525841987,9074.20000,9081.50000
1525875094,9259.00000,9260.20000
1525841988,9080.00000,9081.50000
1525875098,9259.60000,9261.80000
1525875101,9259.70000,9261.80000
1525875102,9259.00000,9261.80000
1525841989,9074.20000,9082.10000
1525809568,9255.10000,9260.00000
1525809569,9255.00000,9255.10000
1525875106,9259.00000,9261.80000
1525875107,9260.60000,9261.80000
1525841990,9081.40000,9082.20000
1525867994,9305.70000,9311.00000
1525875112,9261.10000,9261.80000
1525875113,9260.60000,9263.00000
1525875114,9260.60000,9261.70000
1525860701,9098.20000,9103.90000
1525809582,9255.00000,9255.20000
1525875122,9260.60000,9261.80000
1525875125,9260.70000,9261.00000
1525875128,9260.60000,9261.00000
1525780546,9226.00000,9226.10000
1525858131,9115.00000,9116.50000
1525875133,9260.60000,9260.70000
1525836848,9036.50000,9042.40000
1525809601,9250.00000,9254.00000
1525809602,9240.40000,9242.30000
1525809603,9240.40000,9253.90000
1525809604,9232.80000,9253.90000
1525809605,9234.00000,9247.50000
1525809606,9232.90000,9233.60000
1525809607,9232.90000,9247.50000
1525809609,9233.60000,9247.50000
1525809610,9233.60000,9247.40000
1525809611,9232.90000,9247.40000
1525809612,9232.80000,9233.00000
1525809613,9230.30000,9244.00000
1525809615,9233.20000,9233.70000
1525809616,9233.20000,9233.50000
1525809617,9233.20000,9243.90000
1525809618,9233.20000,9244.00000
1525809619,9233.20000,9233.70000
1525809620,9233.40000,9243.90000
1525809621,9233.40000,9243.80000
1525809622,9233.40000,9243.00000
1525809623,9233.40000,9243.00000
1525809625,9233.40000,9236.60000
1525809626,9230.40000,9236.60000
1525809632,9230.50000,9236.50000
1525809633,9230.60000,9236.50000
1525809635,9232.70000,9236.50000
1525809636,9232.80000,9236.60000
1525809638,9230.70000,9236.60000
1525875175,9259.90000,9260.60000
1525809641,9230.60000,9236.50000
1525809642,9233.60000,9236.50000
1525877773,9294.20000,9294.90000
1525842002,9082.00000,9082.10000
1525809646,9233.60000,9236.40000
1525875183,9259.90000,9260.30000
1525809648,9233.60000,9236.30000
1525875189,9259.90000,9260.20000
1525875192,9259.90000,9260.00000
1525875193,9259.80000,9260.00000
1525875194,9259.90000,9260.70000
1525809659,9233.60000,9236.60000
1525809660,9233.60000,9236.20000
1525875197,9259.90000,9260.00000
1525809665,9233.60000,9236.10000
1525875202,9259.90000,9260.70000
1525875206,9259.90000,9260.70000
1525809672,9233.60000,9236.00000
1525809673,9233.60000,9236.10000
1525885698,9349.10000,9364.70000
1525809681,9233.60000,9236.30000
1525885699,9350.00000,9364.70000
1525809687,9233.60000,9236.20000
1525875225,9259.80000,9260.00000
1525875229,9259.90000,9260.00000
1525809694,9233.60000,9236.10000
1525809698,9233.70000,9236.10000
1525875236,9259.90000,9260.00000
1525809701,9233.70000,9234.30000
1525809702,9233.70000,9236.30000
1525809703,9233.70000,9233.80000
1525873074,9299.30000,9300.00000
1525885703,9364.50000,9366.00000
1525875247,9259.90000,9260.00000
1525875249,9259.80000,9260.00000
1525875251,9259.90000,9260.00000
1525875253,9259.80000,9260.00000
1525875255,9259.90000,9260.00000
1525875259,9259.80000,9260.00000
1525875263,9259.90000,9260.00000
1525841672,9064.50000,9068.90000
1525863862,9193.60000,9199.90000
1525874785,9257.90000,9261.30000
1525844705,9036.00000,9036.80000
1525875276,9259.80000,9260.00000
1525875278,9259.90000,9260.00000
1525875280,9259.80000,9260.00000
1525875282,9259.90000,9260.00000
1525885711,9357.00000,9361.90000
1525841650,9068.80000,9069.60000
1525890871,9310.00000,9315.00000
1525809789,9229.00000,9233.80000
1525809794,9229.10000,9233.80000
1525809799,9229.10000,9229.30000
1525820183,9200.00000,9200.10000
1525809804,9229.10000,9229.20000
1525863874,9193.90000,9198.60000
1525809816,9229.10000,9229.30000
1525809818,9229.10000,9229.20000
1525809821,9229.10000,9229.30000
1525884095,9295.70000,9297.20000
1525809823,9229.10000,9229.20000
1525809824,9229.10000,9229.30000
1525809825,9229.10000,9234.30000
1525809826,9229.20000,9233.90000
1525885723,9361.80000,9364.30000
1525793295,9140.00000,9144.50000
1525809830,9229.20000,9233.50000
1525809831,9229.10000,9233.50000
1525809834,9230.30000,9233.90000
1525809835,9230.30000,9233.50000
1525809837,9230.30000,9233.80000
1525809839,9230.30000,9233.40000
1525809840,9230.30000,9233.80000
1525864686,9214.70000,9218.20000
1525805765,9211.90000,9221.40000
1525849789,9073.20000,9082.00000
1525809845,9230.30000,9233.60000
1525809846,9230.30000,9233.70000
1525809847,9230.40000,9233.70000
1525809851,9233.60000,9233.70000
1525809853,9230.50000,9233.70000
1525809856,9230.50000,9233.90000
1525809857,9231.40000,9233.90000
1525809858,9230.50000,9233.90000
1525809859,9232.30000,9233.90000
1525809860,9230.50000,9233.90000
1525809861,9232.40000,9233.90000
1525875398,9262.90000,9265.00000
1525875399,9263.00000,9265.00000
1525875402,9264.30000,9265.00000
1525875405,9264.90000,9265.00000
1525807628,9217.50000,9222.90000
1525809875,9232.50000,9233.90000
1525875412,9264.90000,9269.20000
1525896654,9278.40000,9282.10000
1525875415,9269.00000,9269.20000
1525809880,9233.80000,9233.90000
1525860997,9100.40000,9106.00000
1525809883,9233.80000,9234.00000
1525875421,9267.00000,9269.00000
1525875422,9267.00000,9269.10000
1525875423,9266.20000,9267.00000
1525875424,9266.20000,9269.20000
1525875425,9268.40000,9269.20000
1525875426,9268.00000,9269.20000
1525875427,9268.00000,9269.20000
1525809893,9233.90000,9239.00000
1525875431,9267.20000,9269.20000
1525809898,9238.90000,9239.00000
1525809899,9234.00000,9239.00000
1525809900,9238.90000,9239.60000
1525809901,9234.00000,9239.60000
1525809903,9238.90000,9240.30000
1525809904,9238.90000,9239.00000
1525885736,9364.10000,9367.60000
1525862809,9139.50000,9143.50000
1525809911,9238.90000,9239.50000
1525807608,9217.50000,9222.90000
1525809913,9238.90000,9243.40000
1525809915,9239.00000,9243.40000
1525809917,9239.00000,9240.00000
1525809919,9239.10000,9240.00000
1525875456,9267.00000,9268.70000
1525809923,9239.10000,9239.90000
1525875460,9267.00000,9269.10000
1525875461,9267.20000,9269.10000
1525875462,9267.20000,9268.80000
1525809927,9239.20000,9239.90000
1525809933,9239.10000,9239.90000
1525809934,9239.20000,9239.90000
1525809935,9239.70000,9239.90000
1525875473,9267.10000,9269.10000
1525809939,9239.80000,9239.90000
1525875477,9265.10000,9269.10000
1525875478,9268.40000,9269.10000
1525875481,9267.00000,9269.10000
1525875482,9268.50000,9269.10000
1525875483,9265.10000,9269.10000
1525875484,9265.10000,9269.10000
1525809949,9239.90000,9248.90000
1525809950,9239.90000,9248.90000
1525809951,9239.80000,9248.80000
1525809952,9239.90000,9248.80000
1525885744,9366.40000,9367.50000
1525875490,9268.00000,9268.70000
1525809955,9240.00000,9248.80000
1525809957,9240.00000,9248.90000
1525809959,9240.20000,9248.90000
1525875496,9266.00000,9268.70000
1525809961,9240.00000,9248.90000
1525809962,9246.70000,9248.90000
1525809963,9246.80000,9248.90000
1525809964,9246.90000,9248.90000
1525809965,9240.30000,9248.90000
1525809967,9247.00000,9248.90000
1525885747,9367.30000,9368.00000
1525839419,8999.80000,8999.90000
1525885749,9367.30000,9374.80000
1525809986,9247.10000,9248.90000
1525809988,9247.20000,9248.90000
1525809990,9247.20000,9248.70000
1525875528,9265.10000,9268.70000
1525809993,9247.10000,9248.70000
1525809994,9240.60000,9247.20000
1525809995,9247.30000,9248.70000
1525809997,9247.40000,9248.70000
1525875534,9267.10000,9269.20000
1525810000,9247.40000,9248.90000
1525885752,9367.30000,9368.00000
1525896675,9279.60000,9280.40000
1525810004,9247.30000,9248.90000
1525810006,9247.50000,9248.90000
1525885753,9367.30000,9374.60000
1525875544,9268.70000,9269.20000
1525810009,9248.70000,9248.90000
1525875548,9268.70000,9269.10000
1525875549,9268.70000,9269.20000
1525875551,9268.70000,9269.20000
1525810016,9248.70000,9248.80000
1525810019,9248.80000,9248.90000
1525842065,9079.00000,9079.60000
1525875561,9268.80000,9269.20000
1525896679,9279.60000,9281.20000
1525875564,9268.80000,9274.70000
1525787453,9124.60000,9125.40000
1525875568,9268.80000,9274.70000
1525875569,9268.80000,9274.70000
1525875570,9269.90000,9273.60000
1525875571,9273.00000,9273.60000
1525875572,9273.10000,9273.60000
1525875573,9269.90000,9273.60000
1525875576,9269.90000,9272.50000
1525875577,9271.80000,9273.60000
1525875579,9269.90000,9272.60000
1525875580,9271.90000,9273.60000
1525875581,9272.00000,9273.60000
1525875582,9273.20000,9273.60000
1525875583,9273.30000,9273.60000
1525890880,9305.00000,9305.70000
1525875585,9273.20000,9273.60000
1525875587,9273.20000,9273.60000
1525875588,9273.20000,9273.40000
1525810053,9248.70000,9248.80000
1525875590,9273.20000,9273.60000
1525875592,9273.30000,9273.60000
1525875593,9273.20000,9274.70000
1525875600,9273.30000,9274.70000
1525875602,9273.50000,9274.70000
1525875603,9273.30000,9274.50000
1525875604,9273.30000,9274.70000
1525810069,9236.30000,9248.80000
1525810071,9236.30000,9248.90000
1525810072,9236.30000,9243.20000
1525810075,9236.30000,9236.40000
1525875612,9273.70000,9274.70000
1525810077,9236.30000,9243.10000
1525810079,9236.30000,9236.50000
1525810080,9236.30000,9243.10000
1525874237,9265.20000,9266.20000
1525810083,9236.30000,9243.00000
1525810084,9236.60000,9243.00000
1525787462,9124.60000,9125.50000
1525875625,9273.70000,9279.30000
1525810091,9236.70000,9243.00000
1525875628,9273.70000,9279.30000
1525875631,9273.70000,9279.30000
1525875632,9274.00000,9279.30000
1525875633,9274.00000,9277.30000
1525875634,9274.00000,9276.60000
1525875635,9274.10000,9276.20000
1525895494,9278.80000,9280.80000
1525875637,9274.10000,9279.30000
1525875638,9274.10000,9276.00000
1525875639,9274.10000,9279.30000
1525810104,9237.00000,9239.70000
1525810105,9237.10000,9239.70000
1525875642,9274.30000,9279.30000
1525810107,9229.00000,9239.70000
1525810108,9230.60000,9236.70000
1525810109,9234.70000,9239.70000
1525810110,9234.70000,9239.70000
1525810111,9230.60000,9237.10000
1525875648,9274.80000,9276.40000
1525810113,9230.60000,9234.80000
1525875651,9274.20000,9276.40000
1525875652,9275.80000,9279.30000
1525810118,9230.60000,9232.90000
1525875655,9275.80000,9277.40000
1525875657,9275.80000,9279.30000
1525875658,9275.80000,9277.30000
1525875662,9275.90000,9277.10000
1525875663,9276.10000,9279.30000
1525875665,9276.10000,9278.50000
1525875666,9276.10000,9279.30000
1525875667,9276.20000,9279.30000
1525875668,9276.20000,9279.30000
1525875669,9276.20000,9278.60000
1525810134,9230.70000,9232.90000
1525875671,9277.40000,9278.40000
1525810136,9230.80000,9232.90000
1525842084,9079.50000,9084.20000
1525810140,9230.80000,9232.60000
1525864696,9214.80000,9219.60000
1525872204,9279.90000,9280.00000
1525810143,9230.80000,9232.90000
1525810149,9230.90000,9232.90000
1525810151,9231.00000,9232.90000
1525810155,9231.00000,9232.60000
1525810156,9231.10000,9232.60000
1525810158,9231.10000,9232.90000
1525810161,9231.20000,9232.50000
1525810162,9231.20000,9232.80000
1525810163,9231.20000,9232.90000
1525810167,9231.10000,9232.90000
1525810169,9231.10000,9232.80000
1525810171,9231.30000,9232.60000
1525805776,9217.60000,9227.50000
1525875709,9277.40000,9279.30000
1525875711,9277.40000,9277.50000
1525810176,9231.30000,9232.50000
1525810177,9231.30000,9232.90000
1525810179,9231.30000,9232.20000
1525810180,9229.00000,9232.20000
1525810181,9231.30000,9232.20000
1525810182,9231.40000,9232.20000
1525896705,9280.10000,9284.30000
1525810185,9231.30000,9232.20000
1525810186,9231.30000,9232.80000
1525810187,9231.50000,9232.90000
1525810191,9231.60000,9232.90000
1525810194,9231.60000,9236.10000
1525810195,9231.70000,9232.80000
1525810200,9229.00000,9232.80000
1525810202,9231.80000,9232.80000
1525810207,9229.10000,9232.80000
1525810208,9231.80000,9232.80000
1525810209,9231.90000,9232.80000
1525810211,9232.00000,9232.80000
1525810212,9231.90000,9232.80000
1525810213,9232.00000,9236.40000
1525810215,9232.00000,9236.40000
1525810216,9229.00000,9236.40000
1525810217,9232.40000,9236.40000
1525810218,9232.40000,9233.90000
1525810219,9232.10000,9233.90000
1525810220,9232.10000,9233.90000
1525810221,9232.10000,9236.40000
1525810222,9232.10000,9233.10000
1525787485,9120.00000,9121.90000
1525810225,9229.00000,9233.10000
1525810226,9232.50000,9233.10000
1525810229,9232.50000,9233.00000
1525810230,9229.00000,9233.00000
1525810232,9229.00000,9233.10000
1525810233,9229.00000,9232.60000
1525810234,9229.00000,9232.10000
1525810235,9229.10000,9232.10000
1525810236,9229.10000,9232.60000
1525810237,9230.10000,9232.60000
1525810238,9229.10000,9232.10000
1525810239,9229.90000,9232.60000
1525875778,9277.40000,9278.50000
1525810243,9229.10000,9232.60000
1525875780,9277.40000,9279.30000
1525875781,9277.40000,9279.30000
1525810246,9230.40000,9232.20000
1525810247,9229.10000,9233.10000
1525810248,9230.50000,9233.10000
1525863948,9198.90000,9199.60000
1525875786,9277.40000,9277.70000
1525875787,9277.40000,9279.30000
1525810252,9232.90000,9233.10000
1525875790,9277.40000,9279.30000
1525875793,9277.40000,9279.30000
1525810259,9233.00000,9233.10000
1525875796,9277.60000,9278.70000
1525875797,9277.70000,9279.30000
1525875798,9277.90000,9279.30000
1525855971,9113.60000,9117.60000
1525875805,9277.40000,9279.20000
1525875806,9277.40000,9279.30000
1525875807,9277.40000,9279.00000
1525875808,9273.20000,9279.30000
1525875809,9279.00000,9279.30000
1525875812,9279.20000,9279.30000
1525875813,9273.40000,9279.30000
1525875814,9277.70000,9279.30000
1525875815,9277.70000,9283.30000
1525875816,9276.30000,9279.20000
1525875817,9276.30000,9276.90000
1525875818,9276.30000,9283.20000
1525875819,9276.30000,9279.10000
1525875822,9279.00000,9279.10000
1525875824,9279.00000,9283.30000
1525875826,9279.00000,9279.10000
1525896723,9280.20000,9284.80000
1525842110,9084.20000,9090.30000
1525875831,9279.00000,9279.10000
1525810299,9229.00000,9232.80000
1525810300,9229.00000,9232.70000
1525875838,9279.00000,9282.00000
1525810305,9226.00000,9228.90000
1525875842,9279.70000,9282.00000
1525810307,9226.00000,9232.70000
1525810308,9227.10000,9232.70000
1525831190,9161.50000,9161.80000
1525875846,9280.10000,9282.00000
1525875847,9279.70000,9282.00000
1525810313,9227.10000,9232.00000
1525875852,9280.10000,9282.00000
1525842114,9080.20000,9088.40000
1525875854,9279.70000,9281.80000
1525882160,9284.50000,9285.00000
1525810321,9227.10000,9232.60000
1525810323,9227.10000,9232.00000
1525891409,9271.60000,9279.50000
1525842116,9080.20000,9088.50000
1525875866,9280.00000,9283.30000
1525875867,9279.70000,9280.80000
1525875869,9279.70000,9283.30000
1525875870,9279.80000,9283.30000
1525875871,9280.00000,9283.30000
1525875872,9280.80000,9281.00000
1525875873,9280.00000,9281.00000
1525765659,9346.90000,9362.00000
1525810340,9227.20000,9237.90000
1525872369,9278.70000,9280.00000
1525810343,9227.30000,9237.90000
1525810344,9227.50000,9229.00000
1525810349,9227.60000,9229.00000
1525875886,9279.70000,9280.00000
1525810351,9227.70000,9229.00000
1525810352,9227.70000,9228.20000
1525875889,9280.10000,9281.00000
1525810354,9227.80000,9228.20000
1525875892,9276.40000,9280.90000
1525841654,9065.00000,9069.50000
1525875895,9279.00000,9280.90000
1525875896,9279.00000,9281.00000
1525810361,9227.80000,9229.00000
1525875898,9279.00000,9280.90000
1525875899,9279.00000,9281.00000
1525810364,9227.70000,9229.00000
1525810365,9227.70000,9228.10000
1525875902,9278.00000,9282.00000
1525810367,9227.90000,9228.10000
1525875904,9280.90000,9283.30000
1525810373,9227.90000,9229.00000
1525810374,9227.90000,9228.00000
1525810375,9227.70000,9228.00000
1525799236,9126.60000,9131.90000
1525875915,9281.00000,9283.30000
1525810381,9228.00000,9229.00000
1525810384,9228.00000,9228.90000
1525810385,9228.10000,9228.90000
1525834671,9093.40000,9098.90000
1525875924,9279.20000,9283.30000
1525810389,9228.10000,9228.20000
1525875927,9280.00000,9283.30000
1525875930,9280.10000,9283.30000
1525810398,9228.10000,9228.90000
1525810399,9228.10000,9239.70000
1525810400,9228.10000,9235.80000
1525810401,9228.20000,9235.80000
1525810406,9228.50000,9235.80000
1525875945,9276.40000,9280.10000
1525875947,9280.00000,9283.00000
1525810412,9228.20000,9235.80000
1525810414,9228.60000,9235.80000
1525810415,9228.80000,9235.80000
1525810417,9233.90000,9239.70000
1525810418,9228.90000,9235.70000
1525810419,9233.40000,9235.70000
1525875956,9276.30000,9283.00000
1525810422,9234.00000,9235.70000
1525896745,9284.70000,9284.90000
1525875965,9276.30000,9283.00000
1525810430,9234.00000,9235.60000
1525810431,9235.40000,9235.60000
1525875969,9278.00000,9283.00000
1525765675,9358.00000,9361.90000
1525810437,9235.50000,9235.60000
1525896748,9284.80000,9285.00000
1525875979,9278.00000,9283.30000
1525810446,9235.50000,9235.70000
1525875983,9278.30000,9283.30000
1525875984,9278.30000,9282.00000
1525885827,9347.80000,9354.30000
1525875990,9278.30000,9281.90000
1525875992,9276.30000,9281.90000
1525810457,9235.60000,9235.70000
1525875994,9278.00000,9281.90000
1525810459,9235.60000,9237.00000
1525875996,9278.00000,9278.40000
1525875997,9278.00000,9283.30000
1525810464,9235.50000,9237.00000
1525810465,9235.60000,9237.00000
1525810466,9235.50000,9239.40000
1525810469,9235.70000,9238.00000
1525810470,9235.70000,9239.40000
1525810471,9235.70000,9239.40000
1525810472,9235.70000,9238.20000
1525810473,9235.70000,9237.70000
1525820295,9192.20000,9197.40000
1525810476,9236.30000,9238.20000
1525810477,9235.60000,9237.40000
1525810478,9235.80000,9237.40000
1525810479,9235.80000,9238.10000
1525810480,9235.80000,9237.90000
1525890763,9315.20000,9317.50000
1525857367,9085.30000,9098.80000
1525863133,9141.40000,9142.80000
1525818880,9209.10000,9217.10000
1525810487,9233.40000,9237.80000
1525810488,9235.70000,9237.80000
1525810490,9235.70000,9237.90000
1525810491,9235.70000,9237.80000
1525810492,9233.40000,9237.80000
1525810493,9235.90000,9237.80000
1525810494,9233.40000,9237.80000
1525810495,9233.40000,9237.80000
1525810496,9236.20000,9237.80000
1525810497,9236.10000,9237.80000
1525810499,9236.10000,9239.70000
1525810500,9236.10000,9238.70000
1525876037,9280.20000,9282.80000
1525876038,9280.20000,9283.30000
1525876040,9280.20000,9282.60000
1525810505,9236.20000,9238.70000
1525876042,9276.30000,9282.60000
1525831223,9162.80000,9162.90000
1525876045,9278.00000,9282.60000
1525876046,9280.20000,9282.60000
1525810511,9236.30000,9238.70000
1525876048,9280.20000,9282.20000
1525876049,9278.00000,9282.00000
1525876050,9278.00000,9281.90000
1525876051,9276.30000,9281.90000
1525876052,9276.30000,9281.90000
1525876053,9278.00000,9279.80000
1525876054,9278.00000,9279.30000
1525810519,9233.60000,9238.40000
1525810522,9233.60000,9238.70000
1525810523,9233.70000,9238.70000
1525876060,9277.00000,9279.30000
1525765690,9358.20000,9362.00000
1525876062,9276.30000,9279.30000
1525810527,9233.70000,9238.70000
1525876064,9278.00000,9283.30000
1525810529,9233.40000,9238.60000
1525810530,9233.50000,9238.60000
1525810532,9233.80000,9238.60000
1525876069,9278.10000,9281.80000
1525876070,9278.10000,9283.30000
1525810535,9233.80000,9238.30000
1525876072,9278.10000,9281.60000
1525810537,9233.70000,9238.30000
1525810538,9235.80000,9238.30000
1525876075,9279.30000,9281.60000
1525810540,9238.00000,9238.30000
1525860859,9096.10000,9103.00000
1525876083,9280.10000,9283.30000
1525876085,9279.30000,9283.30000
1525876089,9279.30000,9283.30000
1525810555,9238.10000,9238.30000
1525876092,9279.30000,9281.60000
1525876094,9279.30000,9281.50000
1525876095,9279.00000,9281.50000
1525810560,9238.10000,9239.80000
1525810562,9238.10000,9238.30000
1525810563,9238.10000,9238.20000
1525876100,9279.00000,9283.30000
1525876101,9279.60000,9283.30000
1525810566,9238.10000,9239.80000
1525810567,9238.10000,9238.70000
1525810568,9238.10000,9239.80000
1525810569,9238.10000,9239.60000
1525876106,9279.60000,9283.30000
1525876107,9279.60000,9283.30000
1525876109,9279.60000,9283.30000
1525810576,9238.60000,9239.60000
1525810580,9238.10000,9239.80000
1525876117,9279.60000,9289.90000
1525810582,9238.10000,9238.70000
1525810585,9238.10000,9239.80000
1525876122,9280.40000,9287.00000
1525810588,9238.10000,9238.20000
1525876125,9279.00000,9282.10000
1525876126,9279.00000,9283.30000
1525876128,9280.50000,9286.80000
1525876129,9279.10000,9282.20000
1525876130,9279.10000,9286.80000
1525876131,9279.10000,9280.50000
1525876134,9280.00000,9280.50000
1525876135,9280.40000,9280.50000
1525885852,9350.90000,9356.60000
1525827613,9126.60000,9127.80000
1525810606,9226.00000,9238.00000
1525810607,9226.00000,9237.90000
1525765704,9347.20000,9362.00000
1525810610,9228.00000,9237.90000
1525810611,9231.60000,9237.80000
1525810612,9232.00000,9237.80000
1525810613,9228.00000,9237.80000
1525876150,9279.20000,9280.50000
1525876152,9280.40000,9280.50000
1525810617,9232.10000,9235.90000
1525885855,9356.70000,9360.00000
1525810620,9232.10000,9235.10000
1525765706,9350.40000,9362.00000
1525810624,9232.10000,9235.00000
1525810625,9226.10000,9235.00000
1525810626,9226.10000,9234.90000
1525870828,9280.00000,9280.20000
1525810629,9228.00000,9234.90000
1525810630,9229.90000,9234.80000
1525853089,9044.20000,9044.40000
1525810632,9229.90000,9234.60000
1525896780,9284.90000,9285.00000
1525810636,9229.90000,9235.10000
1525810638,9229.90000,9234.50000
1525810641,9230.10000,9234.50000
1525810644,9230.10000,9232.80000
1525810645,9230.10000,9232.70000
1525810646,9226.00000,9232.70000
1525836855,9036.90000,9042.40000
1525810652,9228.00000,9232.70000
1525810654,9228.00000,9232.60000
1525810656,9228.00000,9230.40000
1525810660,9226.00000,9230.40000
1525810663,9228.10000,9230.40000
1525810664,9228.00000,9230.40000
1525876201,9279.20000,9280.50000
1525810666,9228.00000,9232.40000
1525876203,9280.40000,9280.50000
1525876204,9279.20000,9280.50000
1525765714,9359.80000,9362.00000
1525876206,9280.40000,9280.50000
1525810671,9226.00000,9232.70000
1525810672,9226.00000,9226.20000
1525810673,9226.00000,9229.10000
1525810674,9226.00000,9226.10000
1525810676,9226.10000,9229.10000
1525810679,9227.00000,9229.10000
1525810680,9227.00000,9232.60000
1525810683,9227.10000,9232.30000
1525834673,9090.50000,9095.80000
1525810688,9226.20000,9229.80000
1525810689,9226.30000,9229.80000
1525873739,9273.40000,9276.60000
1525810695,9227.20000,9229.80000
1525810696,9227.30000,9229.80000
1525876233,9280.40000,9280.50000
1525884355,9301.30000,9309.90000
1525885869,9355.10000,9360.00000
1525810705,9227.30000,9227.40000
1525895564,9272.10000,9275.80000
1525876248,9276.30000,9279.00000
1525876249,9276.30000,9280.50000
1525876250,9279.30000,9280.50000
1525876253,9276.30000,9280.50000
1525876254,9276.40000,9280.50000
1525876257,9276.30000,9280.50000
1525896795,9284.80000,9285.00000
1525810725,9226.00000,9227.40000
1525876262,9276.40000,9280.50000
1525876265,9276.40000,9279.90000
1525810731,9226.00000,9227.40000
1525810732,9227.30000,9227.40000
1525876270,9276.40000,9279.90000
1525876272,9276.30000,9279.90000
1525810742,9226.00000,9227.40000
1525876279,9276.30000,9279.80000
1525876282,9276.30000,9276.40000
1525876283,9273.20000,9276.40000
1525810748,9227.30000,9227.40000
1525876286,9273.20000,9276.90000
1525810753,9226.00000,9227.40000
1525810754,9226.20000,9226.70000
1525876293,9273.20000,9276.40000
1525810759,9226.00000,9226.70000
1525783973,9126.70000,9134.40000
1525810762,9226.10000,9226.70000
1525876299,9274.20000,9276.40000
1525810764,9226.10000,9226.60000
1525876302,9273.20000,9276.40000
1525876303,9273.20000,9276.40000
1525890904,9301.10000,9303.40000
1525876305,9273.20000,9276.30000
1525876306,9273.20000,9273.30000
1525810771,9226.10000,9227.40000
1525810772,9226.90000,9227.40000
1525876313,9271.00000,9273.30000
1525810778,9227.00000,9229.60000
1525876316,9271.10000,9275.60000
1525810781,9227.10000,9229.30000
1525810782,9227.30000,9229.30000
1525876319,9271.60000,9273.20000
1525876320,9271.10000,9273.10000
1525810789,9227.30000,9231.40000
1525876326,9271.10000,9273.10000
1525810792,9227.40000,9229.00000
1525876330,9271.20000,9273.10000
1525858171,9115.00000,9115.30000
1525810796,9227.40000,9233.40000
1525810797,9227.40000,9231.50000
1525810801,9227.40000,9233.40000
1525810802,9227.70000,9233.40000
1525810804,9227.80000,9232.60000
1525831273,9163.90000,9167.80000
1525810809,9227.70000,9230.60000
1525876346,9271.20000,9273.10000
1525810811,9227.40000,9232.60000
1525810813,9227.40000,9231.10000
1525876351,9271.20000,9273.00000
1525876358,9271.00000,9271.10000
1525810823,9227.00000,9231.10000
1525810824,9227.00000,9231.00000
1525810825,9227.90000,9230.80000
1525810828,9228.00000,9231.00000
1525810829,9228.00000,9230.50000
1525765741,9355.10000,9360.80000
1525810834,9228.60000,9230.50000
1525810835,9228.00000,9230.50000
1525876373,9269.60000,9270.00000
1525810839,9228.60000,9230.50000
1525876377,9269.60000,9269.70000
1525893151,9270.30000,9274.90000
1525810847,9228.60000,9232.60000
1525810848,9228.70000,9232.60000
1525810850,9228.80000,9232.60000
1525810851,9230.40000,9232.50000
1525876388,9269.60000,9270.00000
1525810854,9230.50000,9232.30000
1525810855,9230.50000,9232.60000
1525810857,9230.50000,9234.40000
1525876396,9269.80000,9270.00000
1525876397,9269.80000,9270.00000
1525810862,9230.60000,9234.00000
1525810863,9231.90000,9234.00000
1525810864,9231.90000,9233.80000
1525810865,9230.60000,9233.80000
1525810866,9231.90000,9233.90000
1525876403,9269.80000,9270.00000
1525876404,9269.90000,9270.00000
1525810871,9232.00000,9233.90000
1525876409,9269.90000,9270.00000
1525876410,9269.90000,9270.00000
1525810875,9232.80000,9233.90000
1525810876,9232.00000,9233.90000
1525810877,9230.70000,9233.40000
1525876414,9269.90000,9270.00000
1525810879,9232.40000,9236.00000
1525810880,9232.50000,9233.80000
1525810881,9232.60000,9233.80000
1525810882,9232.70000,9233.80000
1525876419,9269.80000,9270.00000
1525810884,9232.80000,9233.80000
1525876421,9269.90000,9270.00000
1525876423,9269.80000,9270.00000
1525810888,9232.90000,9233.80000
1525876425,9269.80000,9270.00000
1525876426,9269.80000,9270.00000
1525896823,9284.80000,9285.00000
1525876428,9269.90000,9270.00000
1525810893,9232.90000,9236.00000
1525810896,9233.00000,9236.00000
1525810897,9234.90000,9236.00000
1525810898,9233.00000,9235.90000
1525876435,9269.90000,9270.00000
1525810900,9235.50000,9235.90000
1525876438,9269.80000,9270.00000
1525864057,9210.30000,9215.00000
1525876440,9269.80000,9269.90000
1525810905,9232.90000,9235.50000
1525810906,9232.90000,9235.90000
1525810907,9232.90000,9234.00000
1525810908,9233.10000,9234.00000
1525876445,9269.80000,9270.00000
1525876448,9269.90000,9270.00000
1525810913,9233.90000,9234.00000
1525810916,9233.90000,9235.00000
1525810918,9233.90000,9236.00000
1525876455,9269.80000,9269.90000
1525876457,9269.80000,9270.00000
1525876460,9269.80000,9269.90000
1525876461,9269.80000,9270.00000
1525876463,9269.90000,9270.00000
1525810928,9233.90000,9234.10000
1525876466,9269.90000,9270.00000
1525794890,9169.80000,9170.00000
1525864062,9214.90000,9218.80000
1525876471,9269.80000,9270.00000
1525810937,9233.90000,9234.00000
1525810939,9234.00000,9234.10000
1525876478,9269.90000,9270.00000
1525853141,9037.70000,9039.90000
1525810944,9234.00000,9238.90000
1525810945,9234.00000,9234.10000
1525876482,9269.70000,9270.00000
1525876486,9269.60000,9270.00000
1525810953,9234.00000,9238.90000
1525810954,9234.00000,9234.20000
1525876494,9269.90000,9270.00000
1525810967,9234.00000,9234.10000
1525810968,9234.00000,9234.20000
1525810969,9234.00000,9234.10000
1525810972,9227.90000,9234.10000
1525810973,9228.00000,9234.10000
1525810978,9228.00000,9233.90000
1525885915,9362.00000,9362.10000
1525810981,9228.00000,9233.80000
1525810983,9234.00000,9234.10000
1525834675,9092.40000,9095.10000
1525810988,9234.00000,9236.50000
1525810990,9228.10000,9234.10000
1525810991,9228.10000,9236.50000
1525810992,9228.30000,9236.50000
1525810993,9228.30000,9234.10000
1525810995,9233.90000,9236.00000
1525810996,9228.10000,9236.00000
1525810997,9234.10000,9236.00000
1525810998,9234.10000,9236.00000
1525810999,9234.10000,9235.90000
1525811001,9234.10000,9235.90000
1525811002,9234.10000,9235.90000
1525811003,9234.70000,9235.90000
1525811005,9234.00000,9235.90000
1525895778,9279.90000,9280.90000
1525781799,9100.90000,9102.70000
1525811010,9233.90000,9235.90000
1525811011,9234.20000,9235.90000
1525811014,9233.90000,9235.90000
1525885921,9365.40000,9371.90000
1525811016,9234.00000,9235.90000
1525811017,9234.00000,9234.40000
1525876555,9270.10000,9274.20000
1525876556,9274.10000,9274.20000
1525811021,9234.10000,9234.40000
1525886548,9360.30000,9360.40000
1525811025,9234.00000,9234.40000
1525811028,9234.00000,9234.10000
1525811029,9233.90000,9234.10000
1525811030,9234.20000,9235.90000
1525807179,9203.90000,9209.70000
1525811034,9234.10000,9235.90000
1525811040,9234.10000,9235.80000
1525811042,9233.90000,9235.80000
1525842235,9079.00000,9080.00000
1525811044,9233.90000,9234.30000
1525876581,9270.10000,9274.20000
1525811047,9234.00000,9234.30000
1525876585,9274.10000,9274.20000
1525876586,9270.10000,9274.20000
1525885927,9365.50000,9371.90000
1525876588,9273.60000,9274.20000
1525876589,9274.10000,9274.20000
1525885928,9365.50000,9382.60000
1525851697,9068.70000,9070.40000
1525866909,9214.60000,9215.60000
1525896852,9286.20000,9292.10000
1525876603,9270.10000,9274.20000
1525876604,9270.10000,9279.90000
1525876606,9272.00000,9274.20000
1525876607,9272.40000,9274.20000
1525876608,9273.00000,9280.00000
1525811074,9226.90000,9233.90000
1525811075,9226.90000,9234.20000
1525811076,9226.90000,9235.80000
1525876613,9272.40000,9277.30000
1525876614,9273.30000,9280.00000
1525811079,9226.90000,9233.20000
1525876616,9272.40000,9280.00000
1525876617,9272.40000,9277.20000
1525811082,9227.20000,9233.20000
1525811083,9227.20000,9229.10000
1525876620,9272.40000,9274.20000
1525811085,9226.90000,9229.10000
1525811087,9226.90000,9227.30000
1525876624,9272.50000,9274.20000
1525811089,9226.90000,9227.10000
1525811091,9226.00000,9226.90000
1525811092,9226.00000,9227.10000
1525876631,9272.80000,9274.20000
1525876632,9272.50000,9274.20000
1525876633,9272.90000,9274.20000
1525876636,9272.90000,9273.10000
1525765786,9356.80000,9360.60000
1525876638,9272.90000,9274.20000
1525811103,9217.00000,9227.10000
1525876640,9272.90000,9273.00000
1525811105,9217.00000,9227.30000
1525811106,9220.00000,9226.20000
1525811108,9222.60000,9226.20000
1525811109,9220.10000,9226.20000
1525811110,9220.30000,9226.20000
1525811111,9220.10000,9226.20000
1525876649,9272.90000,9274.00000
1525811114,9220.40000,9226.20000
1525876652,9272.90000,9273.90000
1525811117,9220.40000,9226.10000
1525811118,9223.70000,9226.10000
1525811119,9220.20000,9226.10000
1525876656,9269.90000,9273.00000
1525811121,9223.20000,9226.10000
1525811122,9222.60000,9226.10000
1525876659,9270.80000,9273.00000
1525876660,9270.00000,9273.00000
1525811126,9223.70000,9226.10000
1525811127,9220.10000,9226.10000
1525811128,9223.80000,9226.10000
1525811129,9221.10000,9225.40000
1525811130,9220.10000,9225.40000
1525811131,9223.10000,9225.40000
1525811132,9220.10000,9225.40000
1525811133,9220.40000,9225.40000
1525811134,9220.10000,9222.60000
1525811135,9220.10000,9225.30000
1525811136,9220.10000,9223.20000
1525876673,9274.20000,9277.10000
1525811138,9220.10000,9223.10000
1525811140,9220.10000,9225.30000
1525811141,9220.30000,9223.40000
1525811142,9220.30000,9225.20000
1525811143,9222.10000,9225.20000
1525811144,9220.30000,9222.90000
1525842252,9078.40000,9079.00000
1525876682,9269.90000,9277.10000
1525876683,9273.30000,9277.10000
1525811149,9217.90000,9222.90000
1525876686,9273.40000,9277.10000
1525876687,9275.20000,9277.10000
1525811152,9221.00000,9225.40000
1525876689,9273.40000,9278.80000
1525811154,9220.00000,9222.60000
1525876691,9273.40000,9278.80000
1525811156,9220.40000,9222.60000
1525876693,9273.30000,9277.10000
1525811158,9220.00000,9222.60000
1525811159,9218.00000,9222.60000
1525876696,9273.30000,9274.30000
1525811161,9220.00000,9222.60000
1525811163,9219.60000,9221.00000
1525811164,9219.70000,9221.00000
1525811165,9216.10000,9221.00000
1525811166,9218.10000,9221.00000
1525811167,9218.10000,9221.00000
1525811168,9220.00000,9221.00000
1525876706,9269.90000,9273.60000
1525876707,9273.20000,9274.30000
1525876708,9273.20000,9273.50000
1525831334,9162.70000,9165.00000
1525811175,9220.00000,9220.90000
1525811176,9218.00000,9220.90000
1525811177,9218.00000,9221.00000
1525811179,9218.10000,9221.00000
1525811180,9218.10000,9220.80000
1525811181,9219.00000,9220.80000
1525876718,9270.00000,9273.50000
1525876721,9270.00000,9273.50000
1525876722,9271.40000,9273.50000
1525876723,9269.90000,9273.50000
1525811189,9219.10000,9220.80000
1525876726,9273.50000,9274.30000
1525831337,9163.30000,9165.00000
1525876729,9268.80000,9269.00000
1525847273,9048.40000,9054.40000
1525811196,9219.10000,9220.70000
1525831338,9163.40000,9165.00000
1525876734,9268.80000,9269.00000
1525876736,9268.90000,9269.00000
1525885952,9367.50000,9380.50000
1525811203,9219.10000,9220.60000
1525811206,9219.10000,9220.80000
1525876743,9268.80000,9268.90000
1525811210,9216.00000,9220.80000
1525811214,9216.10000,9220.80000
1525869156,9299.50000,9302.90000
1525811218,9216.20000,9220.80000
1525885955,9367.80000,9370.30000
1525811221,9217.80000,9220.80000
1525852571,9037.20000,9040.20000
1525811224,9217.80000,9221.00000
1525765807,9351.40000,9354.50000
1525811230,9217.90000,9221.00000
1525811232,9217.90000,9219.40000
1525876770,9268.90000,9269.00000
1525811235,9218.00000,9219.40000
1525811241,9218.10000,9219.40000
1525811242,9219.30000,9219.40000
1525811243,9218.10000,9218.20000
1525831346,9163.60000,9164.90000
1525842269,9073.00000,9075.20000
1525876784,9268.80000,9269.00000
1525876785,9268.90000,9269.00000
1525811253,9218.10000,9218.20000
1525811255,9218.10000,9221.00000
1525811256,9218.10000,9218.20000
1525811257,9218.10000,9218.30000
1525811259,9218.10000,9218.20000
1525876800,9268.80000,9269.00000
1525876801,9268.80000,9268.90000
1525876803,9268.80000,9269.00000
1525884017,9295.20000,9298.10000
1525892952,9272.70000,9274.60000
1525876809,9268.90000,9269.00000
1525876810,9268.80000,9269.00000
1525896887,9297.60000,9297.90000
1525811276,9218.10000,9221.00000
1525842274,9073.00000,9073.20000
1525811278,9218.10000,9220.90000
1525876815,9268.80000,9269.00000
1525876816,9268.80000,9268.90000
1525811281,9218.20000,9221.00000
1525876818,9268.80000,9269.00000
1525811283,9218.20000,9220.90000
1525811284,9218.30000,9220.90000
1525811285,9218.30000,9221.00000
1525811286,9218.90000,9221.00000
1525876823,9268.90000,9269.00000
1525811288,9218.90000,9220.90000
1525811289,9218.40000,9220.50000
1525811291,9219.00000,9220.50000
1525876829,9268.70000,9268.90000
1525876830,9268.70000,9269.00000
1525818907,9210.20000,9216.70000
1525811299,9218.00000,9219.20000
1525842278,9073.00000,9073.10000
1525876838,9268.70000,9269.00000
1525811303,9218.00000,9219.10000
1525811309,9218.10000,9219.10000
1525811312,9218.20000,9219.10000
1525811313,9218.10000,9219.00000
1525811314,9218.10000,9218.30000
1525876854,9268.70000,9269.00000
1525876855,9268.90000,9269.00000
1525811325,9218.10000,9218.20000
1525811327,9218.10000,9221.00000
1525811330,9218.10000,9218.90000
1525811331,9218.10000,9221.00000
1525811332,9218.10000,9221.00000
1525811333,9218.10000,9218.30000
1525842284,9060.20000,9073.10000
1525853207,9024.20000,9031.10000
1525876880,9268.70000,9269.00000
1525876882,9268.90000,9269.00000
1525876883,9268.70000,9269.00000
1525876884,9268.90000,9269.00000
1525871283,9271.00000,9272.20000
1525811359,9218.10000,9218.20000
1525885979,9371.00000,9377.00000
1525811365,9218.10000,9218.30000
1525816622,9182.40000,9184.10000
1525842290,9062.00000,9066.80000
1525897471,9281.90000,9283.10000
1525811377,9218.10000,9218.20000
1525842291,9062.00000,9063.50000
1525876920,9268.70000,9269.00000
1525811385,9210.00000,9216.00000
1525811387,9213.00000,9216.00000
1525811388,9213.00000,9215.90000
1525876925,9268.90000,9269.00000
1525811392,9213.00000,9213.10000
1525811395,9212.00000,9213.10000
1525811397,9210.00000,9213.10000
1525811399,9213.00000,9213.10000
1525765836,9349.60000,9359.40000
1525885986,9371.10000,9375.90000
1525811407,9210.00000,9213.10000
1525871285,9271.00000,9271.90000
1525811410,9210.10000,9213.10000
1525811413,9212.00000,9213.10000
1525827640,9127.90000,9128.90000
1525811420,9210.10000,9212.20000
1525811421,9211.00000,9212.20000
1525811429,9210.00000,9212.20000
1525811431,9210.00000,9211.00000
1525897473,9282.10000,9283.10000
1525811437,9210.10000,9210.90000
1525811438,9210.10000,9211.00000
1525811440,9210.10000,9210.90000
1525811441,9210.00000,9210.90000
1525772017,9289.00000,9297.50000
1525811444,9210.00000,9210.10000
1525811445,9210.00000,9210.90000
1525814454,9169.40000,9179.30000
1525796109,9158.60000,9173.30000
1525872188,9277.70000,9278.90000
1525811460,9209.60000,9209.80000
1525811464,9209.60000,9209.70000
1525811465,9209.60000,9209.80000
1525811466,9209.60000,9209.70000
1525885999,9362.60000,9375.90000
1525811492,9209.60000,9209.80000
1525811494,9209.60000,9209.70000
1525886001,9362.70000,9372.80000
1525811502,9209.60000,9209.80000
1525842312,9039.80000,9053.70000
1525886003,9362.70000,9372.70000
1525811510,9208.40000,9209.60000
1525842313,9039.70000,9053.70000
1525811514,9208.40000,9209.50000
1525811515,9208.40000,9208.50000
1525873186,9292.20000,9295.20000
1525811518,9208.40000,9209.50000
1525811520,9208.40000,9209.00000
1525811521,9208.40000,9209.50000
1525842315,9039.70000,9040.70000
1525811524,9208.40000,9208.60000
1525861302,9093.40000,9098.90000
1525811527,9208.40000,9208.50000
1525877065,9267.80000,9269.00000
1525877067,9268.90000,9269.00000
1525811532,9208.40000,9208.60000
1525886565,9360.30000,9360.40000
1525886008,9365.70000,9369.30000
1525811538,9211.10000,9215.00000
1525811539,9208.40000,9214.90000
1525811540,9208.50000,9214.90000
1525811542,9210.00000,9214.90000
1525811543,9210.90000,9214.90000
1525811545,9214.80000,9214.90000
1525811546,9214.80000,9215.00000
1525811557,9214.80000,9214.90000
1525871290,9271.00000,9272.50000
1525886012,9362.60000,9369.10000
1525768775,9379.30000,9385.90000
1525877100,9269.00000,9269.80000
1525877102,9269.10000,9269.80000
1525811568,9214.80000,9215.00000
1525831400,9164.70000,9164.80000
1525787710,9115.10000,9115.20000
1525877110,9269.20000,9269.80000
1525811575,9214.90000,9215.00000
1525877112,9269.30000,9269.80000
1525877113,9269.30000,9269.80000
1525877117,9269.40000,9269.80000
1525877121,9269.50000,9269.80000
1525877122,9269.70000,9269.80000
1525877139,9269.80000,9270.00000
1525864174,9215.00000,9219.90000
1525858198,9115.00000,9116.40000
1525877143,9269.90000,9270.00000
1525877145,9272.70000,9273.10000
1525877147,9273.00000,9273.10000
1525877150,9273.00000,9287.30000
1525877151,9273.10000,9287.30000
1525877152,9276.10000,9287.30000
1525877153,9279.00000,9287.30000
1525877154,9279.00000,9280.20000
1525877155,9279.00000,9287.30000
1525877156,9279.00000,9287.20000
1525877157,9279.00000,9280.60000
1525877158,9279.10000,9287.20000
1525877160,9279.30000,9281.40000
1525842332,9045.10000,9045.90000
1525877165,9279.40000,9281.40000
1525877166,9279.90000,9281.30000
1525877167,9279.40000,9281.00000
1525877168,9279.40000,9281.30000
1525877169,9279.30000,9280.30000
1525877171,9279.90000,9280.30000
1525877172,9279.30000,9281.30000
1525877174,9280.20000,9281.30000
1525877175,9280.30000,9281.30000
1525877176,9280.30000,9287.30000
1525877177,9280.30000,9281.20000
1525877181,9279.30000,9281.20000
1525877182,9280.30000,9281.20000
1525877183,9280.80000,9281.20000
1525877184,9280.30000,9281.20000
1525877185,9280.40000,9281.20000
1525877188,9280.50000,9281.20000
1525877190,9280.50000,9281.10000
1525811655,9212.10000,9215.00000
1525877192,9280.60000,9281.10000
1525860382,9101.00000,9103.30000
1525811659,9214.80000,9215.00000
1525877196,9280.60000,9287.30000
1525877197,9280.60000,9281.00000
1525811662,9214.90000,9215.00000
1525877200,9280.60000,9287.30000
1525877201,9280.70000,9287.30000
1525811666,9214.80000,9215.00000
1525842339,9044.40000,9044.60000
1525811668,9214.80000,9214.90000
1525877205,9280.70000,9287.20000
1525877206,9280.70000,9287.20000
1525877207,9280.90000,9281.70000
1525877208,9281.50000,9287.30000
1525877210,9281.50000,9282.00000
1525877211,9281.50000,9287.30000
1525877212,9281.50000,9287.20000
1525877213,9281.50000,9287.20000
1525811678,9214.90000,9215.00000
1525877215,9281.50000,9287.10000
1525877216,9277.60000,9281.60000
1525877217,9281.50000,9281.60000
1525877218,9277.60000,9281.60000
1525877220,9281.50000,9281.60000
1525877221,9277.60000,9281.60000
1525877841,9299.00000,9299.30000
1525820497,9203.40000,9206.00000
1525877226,9279.10000,9281.60000
1525842344,9044.40000,9044.50000
1525815476,9210.00000,9214.40000
1525877239,9277.70000,9281.60000
1525877240,9279.10000,9281.60000
1525877241,9277.70000,9281.60000
1525877242,9279.00000,9281.60000
1525854765,9101.90000,9102.00000
1525877248,9279.00000,9281.60000
1525831424,9161.10000,9164.80000
1525877251,9279.00000,9281.60000
1525877252,9277.70000,9281.60000
1525877253,9279.00000,9281.60000
1525877254,9277.70000,9281.60000
1525877255,9279.00000,9281.60000
1525877256,9277.70000,9281.60000
1525877257,9279.00000,9287.30000
1525877258,9279.00000,9281.50000
1525877259,9279.70000,9281.50000
1525877260,9279.00000,9281.50000
1525877262,9279.80000,9281.50000
1525877264,9279.70000,9281.50000
1525877266,9279.80000,9281.50000
1525877267,9277.80000,9281.50000
1525877268,9276.10000,9281.50000
1525877269,9279.80000,9281.50000
1525877270,9279.70000,9281.50000
1525853273,9031.40000,9034.00000
1525877272,9279.90000,9281.50000
1525877276,9277.30000,9281.50000
1525877278,9279.90000,9281.50000
1525877279,9280.00000,9281.50000
1525836380,9034.30000,9034.40000
1525877843,9299.00000,9300.00000
1525860867,9100.10000,9103.10000
1525877284,9280.00000,9281.50000
1525877286,9277.30000,9281.50000
1525877288,9279.00000,9281.50000
1525853276,9028.20000,9034.00000
1525877293,9279.10000,9281.50000
1525877300,9277.10000,9281.50000
1525877302,9277.10000,9281.40000
1525877303,9276.10000,9281.40000
1525877305,9279.00000,9281.40000
1525877309,9279.60000,9281.40000
1525877312,9277.10000,9281.40000
1525853280,9028.40000,9034.00000
1525877314,9279.00000,9281.40000
1525877316,9279.00000,9287.10000
1525877317,9279.00000,9279.70000
1525877321,9278.70000,9279.70000
1525877323,9279.00000,9279.70000
1525877327,9279.10000,9279.70000
1525821106,9220.30000,9226.20000
1525867949,9310.00000,9311.00000
1525877338,9278.70000,9279.70000
1525877340,9279.00000,9279.70000
1525811805,9214.80000,9214.90000
1525877347,9279.10000,9287.10000
1525877348,9279.10000,9279.20000
1525787750,9115.40000,9119.90000
1525869160,9302.80000,9302.90000
1525777087,9306.00000,9307.70000
1525897486,9277.90000,9282.80000
1525864211,9210.00000,9212.90000
1525811828,9207.70000,9214.90000
1525811830,9207.70000,9214.80000
1525870318,9287.00000,9287.40000
1525811832,9207.70000,9214.40000
1525811833,9207.70000,9210.60000
1525811836,9207.70000,9207.80000
1525870730,9278.60000,9280.00000
1525787755,9116.70000,9119.80000
1525877386,9276.40000,9279.20000
1525877387,9279.10000,9279.20000
1525877388,9276.30000,9279.20000
1525877389,9279.10000,9279.20000
1525811856,9203.90000,9207.70000
1525811858,9203.90000,9207.60000
1525770916,9331.70000,9337.40000
1525811861,9201.00000,9203.90000
1525811866,9201.00000,9204.30000
1525811869,9201.00000,9201.20000
1525811871,9201.00000,9204.30000
1525811873,9201.00000,9204.30000
1525811874,9201.10000,9204.30000
1525811875,9200.00000,9204.30000
1525811877,9200.00000,9204.20000
1525811879,9200.00000,9204.20000
1525861434,9092.20000,9093.30000
1525811882,9201.20000,9204.20000
1525811883,9201.20000,9204.10000
1525811885,9201.20000,9204.00000
1525877422,9279.20000,9287.30000
1525811888,9201.20000,9204.10000
1525811889,9198.20000,9204.00000
1525811890,9202.20000,9203.90000
1525877427,9283.10000,9287.20000
1525811893,9201.20000,9203.90000
1525811894,9201.20000,9203.90000
1525877431,9283.20000,9287.20000
1525877432,9285.90000,9287.20000
1525811897,9201.20000,9204.20000
1525811898,9201.20000,9204.20000
1525811899,9198.30000,9204.20000
1525811900,9198.40000,9204.20000
1525811901,9202.40000,9204.20000
1525877439,9286.00000,9287.30000
1525811905,9202.40000,9204.30000
1525877442,9285.90000,9287.30000
1525811909,9198.50000,9207.80000
1525811910,9198.60000,9207.80000
1525811911,9198.60000,9207.70000
1525811912,9202.90000,9207.70000
1525811913,9198.60000,9207.70000
1525811914,9198.50000,9207.70000
1525811915,9203.10000,9207.70000
1525811916,9203.30000,9207.80000
1525877453,9286.30000,9287.30000
1525877454,9286.30000,9286.80000
1525811921,9203.30000,9210.00000
1525811922,9203.30000,9207.30000
1525811923,9203.30000,9210.00000
1525811924,9203.30000,9206.80000
1525877461,9286.40000,9286.80000
1525811927,9203.40000,9206.80000
1525841622,9064.40000,9069.60000
1525873061,9298.10000,9300.00000
1525811932,9203.40000,9206.80000
1525811933,9203.40000,9206.80000
1525811934,9205.20000,9209.80000
1525811935,9205.20000,9210.00000
1525811936,9205.20000,9209.70000
1525811937,9205.30000,9209.70000
1525877474,9286.80000,9287.20000
1525877475,9286.50000,9287.20000
1525811940,9206.30000,9209.60000
1525877477,9286.90000,9287.20000
1525811942,9206.30000,9210.00000
1525811943,9209.50000,9209.90000
1525811946,9209.50000,9210.00000
1525765927,9350.20000,9360.50000
1525877484,9287.20000,9288.00000
1525811949,9209.50000,9209.80000
1525811950,9209.50000,9210.00000
1525877487,9287.20000,9295.00000
1525877488,9287.10000,9296.80000
1525811953,9209.50000,9209.90000
1525877490,9287.30000,9289.70000
1525877491,9287.30000,9297.00000
1525877492,9287.40000,9297.00000
1525877493,9287.40000,9297.00000
1525811959,9206.40000,9210.00000
1525811960,9209.80000,9210.00000
1525877498,9288.00000,9291.40000
1525877500,9288.00000,9297.00000
1525877501,9288.10000,9296.90000
1525877502,9288.10000,9291.10000
1525811967,9209.90000,9210.00000
1525877504,9288.40000,9296.90000
1525877506,9288.40000,9296.90000
1525877507,9288.40000,9297.00000
1525877508,9288.50000,9292.30000
1525877509,9288.50000,9292.20000
1525877510,9288.50000,9297.00000
1525877511,9288.50000,9297.00000
1525877512,9288.50000,9294.20000
1525877516,9288.80000,9294.20000
1525877523,9287.40000,9294.20000
1525811988,9209.90000,9215.00000
1525811989,9210.00000,9215.00000
1525811990,9209.90000,9215.00000
1525811991,9211.00000,9215.00000
1525877528,9289.00000,9289.20000
1525877533,9289.00000,9289.10000
1525877537,9289.00000,9289.20000
1525877540,9289.10000,9289.20000
1525864241,9201.70000,9212.70000
1525877549,9289.00000,9289.10000
1525877561,9290.00000,9294.20000
1525858212,9115.00000,9116.10000
1525877565,9290.00000,9294.20000
1525877566,9290.10000,9294.20000
1525765941,9352.10000,9362.00000
1525875169,9259.80000,9260.70000
1525877579,9290.00000,9294.20000
1525870749,9278.70000,9279.70000
1525877585,9290.10000,9294.20000
1525877591,9290.10000,9294.10000
1525877593,9290.10000,9293.00000
1525853327,9035.00000,9045.90000
1525877598,9290.10000,9290.20000
1525897494,9277.50000,9282.70000
1525831483,9163.80000,9164.80000
1525776870,9311.70000,9319.30000
1525877609,9290.00000,9290.20000
1525877610,9290.00000,9290.10000
1525809639,9230.70000,9236.50000
1525842409,9043.20000,9043.40000
1525765951,9352.20000,9361.90000
1525853333,9035.10000,9049.40000
1525842411,9034.00000,9043.30000
1525868124,9298.10000,9303.00000
1525776876,9311.70000,9319.30000
1525768742,9379.40000,9379.50000
1525884402,9297.70000,9305.40000
1525875182,9260.00000,9260.30000
1525853337,9035.20000,9048.90000
1525853338,9037.30000,9048.90000
1525871309,9271.00000,9272.10000
1525765958,9352.20000,9360.30000
1525787804,9119.40000,9119.80000
1525853341,9035.40000,9040.40000
1525871310,9271.00000,9272.10000
1525848222,9064.60000,9071.50000
1525884404,9297.80000,9305.00000
1525831501,9163.70000,9164.90000
1525842426,9043.10000,9043.40000
1525871311,9270.90000,9272.10000
1525859657,9111.60000,9114.00000
1525842431,9031.20000,9043.20000
1525853887,9070.60000,9070.90000
1525812223,9214.80000,9214.90000
1525842432,9031.20000,9043.30000
1525836347,9045.00000,9053.00000
1525877771,9294.10000,9297.00000
1525812237,9211.10000,9214.90000
1525812238,9211.10000,9214.80000
1525877776,9294.20000,9297.00000
1525877778,9295.90000,9297.00000
1525877780,9296.80000,9297.00000
1525877781,9296.90000,9297.00000
1525812246,9211.10000,9214.90000
1525812250,9211.10000,9214.80000
1525897050,9290.20000,9297.70000
1525812257,9211.10000,9214.70000
1525812263,9211.10000,9214.60000
1525877800,9296.90000,9297.00000
1525877801,9296.80000,9297.00000
1525877802,9296.90000,9297.00000
1525812269,9210.00000,9211.20000
1525877806,9296.90000,9297.00000
1525875208,9259.90000,9260.00000
1525812274,9210.00000,9211.10000
1525877811,9296.80000,9297.00000
1525877812,9296.90000,9297.00000
1525877813,9296.80000,9297.00000
1525812278,9210.00000,9211.20000
1525770930,9335.40000,9337.50000
1525877816,9296.80000,9299.90000
1525831519,9161.10000,9164.90000
1525877820,9296.80000,9298.60000
1525877821,9296.80000,9299.80000
1525877822,9296.90000,9298.50000
1525812287,9200.40000,9203.60000
1525877825,9294.20000,9299.80000
1525877826,9298.30000,9299.80000
1525812291,9200.50000,9203.60000
1525877829,9299.00000,9299.80000
1525812295,9200.50000,9200.60000
1525812296,9195.50000,9200.60000
1525814542,9171.90000,9178.10000
1525812298,9195.50000,9200.50000
1525812299,9164.80000,9200.50000
1525812300,9196.00000,9200.50000
1525812301,9196.00000,9200.40000
1525812302,9185.80000,9195.10000
1525842445,9042.30000,9043.10000
1525812305,9185.80000,9195.00000
1525877842,9299.00000,9299.10000
1525812307,9187.70000,9195.00000
1525877844,9299.00000,9299.20000
1525877845,9299.00000,9300.00000
1525812310,9185.80000,9186.20000
1525812312,9185.90000,9186.20000
1525877854,9299.00000,9300.00000
1525877855,9299.80000,9300.00000
1525812321,9186.00000,9186.10000
1525812323,9186.00000,9186.20000
1525812324,9186.00000,9186.10000
1525765990,9357.00000,9360.90000
1525812331,9182.90000,9186.10000
1525812334,9184.00000,9186.10000
1525812339,9184.00000,9186.00000
1525812340,9184.40000,9185.60000
1525812341,9183.00000,9185.50000
1525812342,9184.10000,9185.50000
1525812343,9184.40000,9186.00000
1525776916,9311.50000,9313.30000
1525812346,9184.40000,9190.80000
1525812347,9184.10000,9186.00000
1525877885,9299.90000,9300.00000
1525812352,9179.20000,9186.00000
1525812355,9179.30000,9185.90000
1525812356,9181.90000,9185.90000
1525812357,9184.10000,9185.90000
1525812358,9179.30000,9185.90000
1525812360,9184.10000,9185.90000
1525864300,9204.80000,9208.10000
1525812363,9179.30000,9185.80000
1525812366,9179.30000,9184.00000
1525812369,9179.30000,9183.90000
1525864302,9203.10000,9208.10000
1525812377,9179.30000,9183.90000
1525812381,9179.30000,9183.80000
1525812383,9174.00000,9183.80000
1525812384,9174.00000,9174.10000
1525864304,9204.90000,9208.10000
1525846032,9068.20000,9074.00000
1525812389,9169.40000,9174.10000
1525812390,9174.00000,9174.10000
1525864305,9204.90000,9208.10000
1525812397,9173.20000,9174.10000
1525812398,9174.00000,9174.10000
1525812399,9173.20000,9174.10000
1525871318,9272.20000,9272.50000
1525812401,9174.00000,9174.10000
1525812403,9173.20000,9174.10000
1525812409,9173.20000,9174.00000
1525812411,9173.20000,9173.30000
1525812412,9173.20000,9174.00000
1525812413,9173.20000,9173.30000
1525812415,9170.00000,9173.40000
1525812416,9161.40000,9172.80000
1525812417,9160.50000,9173.20000
1525812418,9170.20000,9172.40000
1525812419,9170.20000,9173.20000
1525812420,9170.20000,9172.60000
1525812421,9170.90000,9172.60000
1525812422,9164.00000,9172.60000
1525812423,9170.90000,9172.50000
1525812425,9164.00000,9171.10000
1525812427,9159.40000,9171.10000
1525812428,9164.10000,9171.10000
1525812429,9171.00000,9173.90000
1525812432,9171.00000,9173.80000
1525864312,9201.90000,9208.00000
1525812435,9171.10000,9173.80000
1525873166,9295.00000,9297.00000
1525812439,9171.20000,9173.80000
1525812441,9173.70000,9173.80000
1525842470,9035.10000,9044.60000
1525868880,9292.30000,9292.90000
1525812458,9176.20000,9176.50000
1525842471,9035.10000,9044.50000
1525812460,9173.70000,9176.50000
1525812464,9173.80000,9176.50000
1525878003,9300.00000,9311.00000
1525860409,9101.00000,9101.60000
1525878006,9300.10000,9311.00000
1525878007,9302.00000,9306.90000
1525812472,9173.90000,9176.50000
1525812474,9176.40000,9176.50000
1525878011,9304.60000,9306.90000
1525878012,9304.70000,9311.00000
1525878013,9302.10000,9311.00000
1525878014,9304.90000,9311.00000
1525812479,9174.00000,9176.50000
1525812480,9176.40000,9176.50000
1525878022,9305.10000,9311.00000
1525864321,9201.20000,9207.80000
1525878024,9305.20000,9310.90000
1525878025,9305.30000,9310.90000
1525878026,9305.30000,9311.00000
1525878027,9305.40000,9311.00000
1525864322,9201.20000,9208.00000
1525878030,9305.40000,9311.00000
1525878033,9306.00000,9311.00000
1525864323,9202.00000,9208.00000
1525878040,9306.10000,9311.00000
1525878041,9310.90000,9311.00000
1525878044,9306.20000,9311.00000
1525878047,9306.30000,9311.00000
1525842480,9042.00000,9044.60000
1525878050,9310.80000,9311.00000
1525878054,9310.80000,9310.90000
1525842481,9035.10000,9042.00000
1525878060,9310.80000,9311.00000
1525878061,9310.80000,9311.00000
1525878063,9310.80000,9310.90000
1525878064,9310.80000,9311.00000
1525878065,9305.10000,9311.00000
1525878066,9310.70000,9311.00000
1525878067,9310.70000,9310.90000
1525878077,9310.70000,9310.80000
1525878080,9305.70000,9310.80000
1525798795,9128.50000,9137.00000
1525787873,9119.90000,9121.70000
1525878092,9302.30000,9310.80000
1525878095,9302.40000,9310.80000
1525878098,9302.50000,9310.80000
1525878099,9302.60000,9310.80000
1525806790,9224.70000,9229.20000
1525878106,9302.40000,9310.80000
1525878107,9302.90000,9310.80000
1525812572,9176.40000,9176.50000
1525878111,9303.00000,9311.00000
1525897511,9277.40000,9280.70000
1525878114,9303.00000,9310.90000
1525842491,9035.10000,9041.00000
1525878116,9303.20000,9310.90000
1525864337,9204.40000,9208.10000
1525878120,9303.30000,9311.00000
1525842492,9036.00000,9041.00000
1525878122,9303.20000,9311.00000
1525864338,9204.40000,9208.20000
1525878126,9310.00000,9311.00000
1525884418,9303.50000,9310.10000
1525812598,9176.30000,9176.50000
1525853417,9038.00000,9040.40000
1525812602,9176.30000,9176.40000
1525800113,9156.00000,9156.10000
1525812605,9173.80000,9176.40000
1525812606,9176.30000,9176.40000
1525864341,9208.00000,9212.60000
1525812608,9176.30000,9176.50000
1525812610,9176.40000,9176.50000
1525812611,9176.30000,9176.40000
1525878149,9310.00000,9313.00000
1525812614,9176.30000,9182.50000
1525812615,9176.30000,9176.40000
1525878152,9302.00000,9310.70000
1525869143,9301.60000,9302.90000
1525864343,9208.00000,9212.50000
1525878157,9302.10000,9310.70000
1525893148,9267.60000,9270.50000
1525812627,9176.30000,9176.60000
1525878166,9302.50000,9310.70000
1525878169,9302.80000,9310.70000
1525878174,9306.10000,9310.70000
1525878176,9302.90000,9310.70000
1525878178,9306.30000,9312.70000
1525864347,9208.00000,9212.80000
1525878180,9310.70000,9312.70000
1525878181,9306.40000,9312.70000
1525878182,9306.40000,9309.90000
1525878183,9306.40000,9309.80000
1525878184,9306.50000,9309.70000
1525812649,9176.40000,9176.60000
1525878186,9306.60000,9309.60000
1525812651,9176.40000,9176.50000
1525878191,9306.70000,9309.60000
1525878194,9306.70000,9310.60000
1525878195,9306.60000,9310.60000
1525878196,9306.60000,9309.20000
1525766046,9354.30000,9360.70000
1525878198,9306.60000,9310.60000
1525878199,9308.00000,9309.10000
1525855118,9115.10000,9115.20000
1525812665,9176.30000,9176.50000
1525812666,9168.00000,9176.30000
1525878203,9308.00000,9308.30000
1525878204,9308.00000,9310.60000
1525878205,9308.00000,9312.90000
1525878206,9308.00000,9308.20000
1525812671,9176.40000,9176.50000
1525812672,9164.30000,9175.70000
1525812673,9164.30000,9175.70000
1525812675,9168.30000,9175.70000
1525878212,9308.00000,9308.10000
1525878213,9308.00000,9312.90000
1525812678,9164.30000,9175.70000
1525812679,9164.60000,9175.70000
1525878216,9308.00000,9313.00000
1525878218,9308.00000,9308.40000
1525878219,9308.00000,9308.30000
1525812684,9164.30000,9175.60000
1525878223,9308.00000,9313.00000
1525878224,9308.10000,9313.00000
1525878226,9308.10000,9312.90000
1525878227,9308.10000,9312.90000
1525878228,9308.10000,9311.00000
1525842510,9035.00000,9035.50000
1525878230,9308.20000,9311.00000
1525878231,9310.80000,9311.00000
1525878232,9310.90000,9311.00000
1525864356,9204.60000,9208.30000
1525878235,9310.80000,9311.00000
1525812701,9164.30000,9175.40000
1525812704,9164.30000,9175.00000
1525848310,9069.30000,9073.60000
1525812707,9164.30000,9175.00000
1525812708,9164.30000,9167.00000
1525864358,9204.50000,9208.30000
1525812710,9164.30000,9174.90000
1525812711,9164.30000,9166.80000
1525878248,9311.00000,9311.10000
1525812715,9164.30000,9166.70000
1525812716,9164.40000,9166.70000
1525878257,9310.90000,9311.10000
1525812723,9164.40000,9166.60000
1525897129,9284.20000,9284.40000
1525812728,9164.40000,9166.50000
1525812730,9164.80000,9166.50000
1525878267,9311.10000,9313.00000
1525878268,9311.20000,9313.00000
1525812733,9165.80000,9166.50000
1525812734,9164.40000,9166.50000
1525812735,9164.40000,9166.40000
1525812737,9164.80000,9166.50000
1525878275,9312.80000,9313.00000
1525812742,9166.40000,9166.50000
1525812743,9164.40000,9166.50000
1525812744,9164.40000,9166.40000
1525812746,9164.40000,9164.70000
1525812748,9164.40000,9164.60000
1525812749,9164.30000,9164.60000
1525878286,9310.80000,9313.00000
1525812751,9164.90000,9166.40000
1525878289,9312.80000,9313.00000
1525812754,9164.40000,9172.40000
1525812755,9164.40000,9166.40000
1525842521,9028.70000,9033.20000
1525893171,9270.50000,9272.20000
1525878304,9310.80000,9313.00000
1525766064,9353.60000,9360.70000
1525801498,9140.00000,9144.50000
1525842523,9028.70000,9030.10000
1525878309,9310.90000,9313.00000
1525878311,9311.70000,9313.00000
1525878312,9310.90000,9313.00000
1525773129,9289.10000,9295.00000
1525878321,9312.80000,9312.90000
1525812786,9164.40000,9166.30000
1525878323,9312.80000,9313.00000
1525812789,9164.40000,9166.30000
1525878326,9312.80000,9312.90000
1525878327,9312.80000,9313.00000
1525812792,9164.40000,9171.30000
1525864372,9204.70000,9216.90000
1525812794,9164.40000,9171.10000
1525812795,9164.40000,9169.00000
1525812797,9164.40000,9167.10000
1525869149,9301.70000,9302.90000
1525812799,9164.40000,9166.30000
1525812800,9164.40000,9167.10000
1525842528,9022.20000,9030.00000
1525812802,9164.40000,9166.30000
1525812803,9164.80000,9166.30000
1525812804,9164.80000,9168.90000
1525812805,9164.80000,9166.60000
1525812806,9164.80000,9168.80000
1525812807,9164.80000,9165.00000
1525878344,9310.80000,9316.90000
1525878345,9310.80000,9312.90000
1525878346,9310.90000,9312.90000
1525878347,9311.50000,9312.90000
1525878348,9310.90000,9312.90000
1525812815,9164.90000,9165.00000
1525878354,9312.70000,9316.80000
1525842531,9026.30000,9029.70000
1525763546,9342.50000,9351.90000
1525878359,9312.80000,9316.80000
1525812826,9164.30000,9165.00000
1525812827,9164.30000,9164.90000
1525864378,9205.00000,9213.50000
1525878366,9316.60000,9316.80000
1525812832,9164.90000,9165.00000
1525878371,9316.60000,9316.90000
1525812839,9164.30000,9166.30000
1525812840,9164.60000,9166.30000
1525812841,9164.60000,9165.00000
1525812843,9164.30000,9165.00000
1525878380,9316.70000,9316.90000
1525812845,9164.80000,9165.00000
1525897520,9277.40000,9280.60000
1525842536,9026.50000,9029.60000
1525812850,9164.30000,9164.80000
1525812853,9164.30000,9165.00000
1525812855,9164.90000,9165.00000
1525812857,9164.30000,9165.00000
1525842538,9026.50000,9030.10000
1525812862,9164.30000,9166.10000
1525859396,9128.20000,9133.60000
1525812866,9165.00000,9166.10000
1525812867,9164.50000,9166.10000
1525812868,9164.50000,9166.00000
1525812869,9164.30000,9166.00000
1525897153,9284.20000,9285.00000
1525812874,9166.10000,9166.30000
1525812877,9166.10000,9166.30000
1525812878,9166.10000,9166.20000
1525878426,9316.70000,9316.80000
1525812896,9166.10000,9166.30000
1525853467,9039.20000,9040.80000
1525812900,9166.20000,9166.30000
1525812901,9166.10000,9166.30000
1525812902,9166.10000,9166.20000
1525812903,9166.10000,9166.30000
1525812906,9166.20000,9166.30000
1525878443,9316.70000,9316.80000
1525820701,9203.40000,9206.20000
1525842547,9026.60000,9030.00000
1525886238,9362.00000,9368.80000
1525867858,9316.00000,9316.80000
1525878457,9316.60000,9316.80000
1525878461,9313.00000,9315.00000
1525878465,9313.00000,9314.90000
1525878471,9314.70000,9314.90000
1525897164,9284.20000,9284.80000
1525878475,9302.30000,9314.90000
1525878476,9302.40000,9314.90000
1525878477,9302.40000,9314.80000
1525878478,9302.40000,9305.20000
1525842552,9026.60000,9030.00000
1525878485,9302.50000,9305.20000
1525878486,9303.00000,9305.20000
1525878489,9303.00000,9314.20000
1525878490,9303.00000,9304.60000
1525878492,9302.50000,9304.60000
1525878493,9303.10000,9304.60000
1525853477,9039.20000,9040.80000
1525864400,9209.90000,9216.70000
1525878501,9304.40000,9304.60000
1525878504,9304.50000,9304.60000
1525806319,9220.00000,9225.00000
1525880066,9305.80000,9306.40000
1525812980,9164.30000,9166.30000
1525812981,9164.30000,9166.20000
1525812985,9164.40000,9166.20000
1525878522,9304.50000,9313.30000
1525878523,9304.50000,9313.30000
1525878524,9304.50000,9313.20000
1525878526,9304.50000,9305.70000
1525878527,9304.50000,9313.20000
1525878528,9304.50000,9305.60000
1525878529,9304.50000,9313.30000
1525878530,9305.00000,9313.30000
1525878531,9303.10000,9313.20000
1525812996,9164.40000,9166.30000
1525878534,9305.10000,9306.80000
1525878535,9303.10000,9306.80000
1525878536,9303.10000,9306.70000
1525878537,9305.40000,9306.70000
1525813002,9164.40000,9166.30000
1525878539,9303.10000,9306.70000
1525878540,9305.50000,9306.70000
1525878543,9299.40000,9306.70000
1525813008,9164.40000,9164.60000
1525878545,9305.60000,9306.70000
1525878547,9305.60000,9313.10000
1525813012,9164.40000,9166.30000
1525878550,9305.60000,9306.00000
1525878551,9305.70000,9313.10000
1525878553,9305.80000,9306.00000
1525878554,9305.80000,9313.10000
1525878555,9306.10000,9313.00000
1525878556,9306.20000,9313.00000
1525878557,9306.20000,9306.80000
1525813023,9154.40000,9166.30000
1525813024,9154.40000,9166.20000
1525813025,9155.40000,9166.20000
1525878562,9300.60000,9306.30000
1525878563,9301.80000,9306.30000
1525813028,9155.50000,9160.00000
1525813030,9153.90000,9160.00000
1525878568,9303.10000,9306.30000
1525813034,9157.20000,9160.00000
1525813035,9157.80000,9162.00000
1525813036,9151.00000,9159.90000
1525813037,9154.20000,9159.90000
1525878574,9303.20000,9306.30000
1525813039,9154.20000,9159.90000
1525813040,9151.10000,9159.90000
1525813041,9154.40000,9159.90000
1525813042,9154.40000,9157.40000
1525813043,9154.40000,9157.30000
1525813044,9154.40000,9159.90000
1525813045,9154.40000,9157.20000
1525813046,9151.00000,9159.80000
1525813047,9151.00000,9159.80000
1525813048,9157.10000,9159.80000
1525878585,9303.20000,9306.10000
1525813051,9155.60000,9159.80000
1525813052,9155.70000,9159.00000
1525878589,9298.40000,9300.00000
1525878590,9298.50000,9300.00000
1525813055,9155.70000,9158.80000
1525813056,9155.70000,9159.00000
1525878593,9299.90000,9300.00000
1525878594,9298.60000,9300.00000
1525842571,9028.80000,9029.50000
1525813060,9155.70000,9161.90000
1525813061,9155.70000,9158.90000
1525813062,9155.70000,9158.70000
1525813063,9155.70000,9159.00000
1525813064,9155.70000,9158.50000
1525813065,9155.70000,9159.00000
1525776038,9273.60000,9286.00000
1525813067,9155.70000,9158.30000
1525813068,9155.70000,9158.20000
1525813069,9151.10000,9158.20000
1525813072,9151.20000,9158.20000
1525813073,9151.20000,9158.20000
1525813074,9154.30000,9158.90000
1525813075,9154.30000,9159.00000
1525813076,9154.30000,9161.90000
1525813077,9159.00000,9161.90000
1525878614,9300.20000,9308.90000
1525813079,9159.00000,9160.00000
1525813080,9151.40000,9160.00000
1525897188,9284.20000,9285.00000
1525813083,9151.50000,9160.00000
1525878620,9304.30000,9309.00000
1525813085,9151.50000,9160.00000
1525813086,9151.00000,9160.40000
1525878623,9304.40000,9309.00000
1525813089,9151.00000,9160.00000
1525813090,9151.80000,9160.00000
1525813092,9155.10000,9160.00000
1525878630,9304.40000,9309.00000
1525878631,9304.30000,9309.00000
1525813096,9155.10000,9160.40000
1525878633,9304.60000,9309.00000
1525878634,9304.60000,9308.80000
1525813099,9155.20000,9160.40000
1525813101,9155.20000,9161.90000
1525878639,9307.20000,9308.80000
1525813104,9155.40000,9161.90000
1525813105,9155.40000,9161.00000
1525813106,9155.20000,9161.00000
1525813108,9155.50000,9160.10000
1525897193,9284.20000,9284.80000
1525878648,9307.20000,9309.00000
1525878650,9307.20000,9308.80000
1525813115,9155.50000,9160.00000
1525813118,9151.30000,9160.00000
1525878655,9307.20000,9308.90000
1525813120,9151.30000,9159.90000
1525813121,9151.00000,9159.90000
1525813123,9155.60000,9159.00000
1525768776,9379.60000,9385.90000
1525813129,9155.60000,9157.80000
1525813130,9155.60000,9157.70000
1525813131,9155.60000,9158.30000
1525813132,9156.10000,9158.90000
1525813134,9156.10000,9157.60000
1525813135,9155.60000,9157.60000
1525813136,9155.60000,9157.00000
1525813139,9155.90000,9157.00000
1525813142,9156.20000,9158.00000
1525842585,9027.00000,9028.20000
1525813144,9156.20000,9157.90000
1525813145,9155.90000,9157.90000
1525813147,9155.90000,9157.00000
1525813148,9155.90000,9157.00000
1525842586,9027.10000,9028.20000
1525878687,9307.20000,9307.90000
1525813152,9156.00000,9157.00000
1525878689,9307.20000,9307.80000
1525813154,9156.00000,9157.90000
1525813155,9156.10000,9157.90000
1525813157,9156.10000,9157.90000
1525813159,9156.10000,9156.20000
1525813163,9156.20000,9157.00000
1525796221,9160.40000,9162.80000
1525813166,9156.20000,9158.90000
1525813167,9156.10000,9158.90000
1525813168,9156.30000,9158.90000
1525813169,9156.30000,9157.00000
1525813170,9156.30000,9158.90000
1525813172,9157.50000,9158.90000
1525813173,9156.30000,9158.90000
1525813174,9156.30000,9156.50000
1525813175,9156.40000,9156.50000
1525813177,9158.90000,9159.80000
1525813178,9157.70000,9159.80000
1525878715,9307.20000,9307.50000
1525813180,9159.00000,9159.80000
1525813181,9156.40000,9161.30000
1525813182,9159.00000,9161.30000
1525813183,9159.00000,9163.10000
1525813184,9159.00000,9161.00000
1525878723,9302.30000,9306.90000
1525813188,9155.90000,9161.00000
1525878725,9293.60000,9305.40000
1525813190,9155.90000,9156.50000
1525878727,9293.60000,9305.30000
1525813192,9156.00000,9156.50000
1525813194,9157.20000,9161.40000
1525813195,9155.90000,9156.00000
1525878732,9293.60000,9301.90000
1525878735,9293.80000,9301.90000
1525897208,9284.20000,9285.60000
1525878738,9293.80000,9301.70000
1525878739,9293.60000,9301.70000
1525878742,9283.20000,9301.70000
1525878743,9283.20000,9301.60000
1525878744,9283.30000,9301.60000
1525868016,9306.00000,9311.20000
1525878746,9292.00000,9301.50000
1525878749,9292.40000,9301.50000
1525878750,9292.00000,9301.50000
1525813215,9155.90000,9160.90000
1525878754,9287.00000,9299.80000
1525813219,9156.00000,9160.90000
1525813221,9156.00000,9160.60000
1525878758,9287.10000,9298.40000
1525878759,9288.00000,9297.70000
1525813225,9156.00000,9161.30000
1525813227,9156.00000,9160.30000
1525878764,9288.10000,9297.60000
1525878765,9283.60000,9297.60000
1525878766,9287.10000,9297.50000
1525813231,9156.00000,9161.40000
1525878769,9288.30000,9297.50000
1525813234,9156.00000,9161.30000
1525813235,9156.00000,9161.00000
1525804575,9236.90000,9245.00000
1525878773,9288.40000,9297.40000
1525813238,9156.30000,9161.00000
1525813239,9156.30000,9160.90000
1525878777,9288.60000,9297.20000
1525813243,9156.30000,9159.00000
1525878780,9288.70000,9297.10000
1525842602,9024.30000,9024.40000
1525878782,9288.90000,9297.10000
1525813247,9156.30000,9158.90000
1525768780,9379.60000,9386.00000
1525813249,9156.00000,9158.90000
1525878787,9288.70000,9297.10000
1525878788,9289.20000,9297.00000
1525878790,9289.20000,9294.80000
1525897217,9279.90000,9284.90000
1525878792,9289.00000,9297.00000
1525842604,9020.90000,9024.30000
1525878795,9289.00000,9294.70000
1525878796,9289.00000,9294.50000
1525878797,9289.50000,9294.50000
1525878799,9289.50000,9294.40000
1525813266,9156.10000,9158.90000
1525813268,9156.20000,9158.90000
1525878806,9289.50000,9294.30000
1525878808,9289.50000,9293.50000
1525878809,9289.00000,9293.50000
1525842607,9020.90000,9024.40000
1525878814,9289.00000,9293.30000
1525813280,9156.10000,9158.90000
1525813284,9157.40000,9158.90000
1525878821,9289.00000,9293.20000
1525878824,9289.00000,9293.10000
1525878825,9289.00000,9293.00000
1525813290,9157.50000,9158.90000
1525878830,9289.00000,9292.90000
1525878831,9289.00000,9292.80000
1525813297,9157.60000,9157.70000
1525878834,9289.00000,9292.70000
1525878835,9289.00000,9292.60000
1525878837,9289.00000,9292.70000
1525878838,9289.00000,9292.60000
1525878839,9289.00000,9292.50000
1525813304,9157.70000,9164.00000
1525813305,9157.70000,9170.90000
1525813306,9157.80000,9170.80000
1525878843,9278.40000,9292.50000
1525813308,9157.80000,9170.70000
1525813309,9160.90000,9170.70000
1525813310,9163.80000,9170.60000
1525813311,9163.80000,9170.50000
1525813313,9167.90000,9170.50000
1525864459,9219.80000,9220.00000
1525878854,9290.00000,9292.20000
1525813319,9167.90000,9170.60000
1525878856,9290.00000,9292.10000
1525897228,9280.20000,9284.90000
1525813322,9168.00000,9170.60000
1525875383,9260.40000,9263.00000
1525813324,9168.00000,9171.20000
1525813325,9168.00000,9168.10000
1525878863,9290.00000,9292.10000
1525766158,9357.00000,9362.00000
1525878872,9285.00000,9291.30000
1525878874,9285.00000,9291.20000
1525813339,9168.00000,9171.20000
1525813340,9170.60000,9171.20000
1525878878,9285.30000,9291.10000
1525897232,9279.90000,9287.90000
1525878883,9285.30000,9291.20000
1525878886,9285.40000,9291.00000
1525864465,9219.30000,9219.80000
1525813352,9170.70000,9171.20000
1525878889,9285.70000,9291.00000
1525813354,9171.20000,9174.50000
1525813355,9171.20000,9185.30000
1525813356,9174.20000,9174.50000
1525813357,9175.30000,9189.10000
1525813358,9181.30000,9189.10000
1525813359,9181.30000,9189.00000
1525813360,9182.10000,9189.00000
1525878897,9285.70000,9290.80000
1525878898,9279.30000,9290.80000
1525813363,9182.10000,9188.90000
1525878901,9285.00000,9290.80000
1525813366,9182.10000,9188.80000
1525813367,9182.10000,9193.20000
1525878904,9285.00000,9290.60000
1525897236,9280.00000,9285.00000
1525813370,9182.20000,9193.20000
1525813371,9182.40000,9193.40000
1525878908,9285.00000,9290.50000
1525813373,9182.40000,9193.50000
1525813375,9182.40000,9193.10000
1525813376,9182.20000,9193.10000
1525813379,9182.20000,9193.00000
1525878920,9285.20000,9290.60000
1525813385,9182.20000,9193.40000
1525813388,9182.50000,9193.40000
1525813389,9182.50000,9192.70000
1525878926,9285.20000,9290.50000
1525766168,9360.90000,9362.00000
1525813394,9182.20000,9192.70000
1525842627,9020.90000,9022.00000
1525878932,9285.30000,9290.20000
1525813397,9182.20000,9192.60000
1525813398,9182.30000,9192.60000
1525878935,9285.30000,9290.10000
1525878936,9280.00000,9290.10000
1525813401,9182.60000,9192.60000
1525813403,9182.60000,9193.50000
1525878940,9283.00000,9290.00000
1525813405,9182.40000,9193.40000
1525878943,9283.00000,9289.80000
1525813409,9182.40000,9192.30000
1525878946,9283.10000,9289.70000
1525878949,9283.20000,9289.70000
1525813414,9182.60000,9192.20000
1525878951,9283.20000,9290.00000
1525878952,9283.20000,9289.70000
1525766172,9360.90000,9361.20000
1525813418,9182.60000,9193.40000
1525878955,9283.20000,9289.40000
1525878957,9283.20000,9285.00000
1525813422,9182.70000,9193.40000
1525766173,9360.90000,9361.10000
1525842632,9020.90000,9022.20000
1525813427,9182.80000,9193.40000
1525813430,9192.30000,9193.30000
1525813433,9182.90000,9191.50000
1525897247,9280.30000,9287.60000
1525813436,9182.90000,9191.40000
1525842634,9020.90000,9021.10000
1525878974,9283.70000,9285.00000
1525878975,9283.70000,9284.90000
1525813440,9182.90000,9191.30000
1525878978,9283.80000,9284.90000
1525813444,9183.00000,9191.30000
1525878984,9283.90000,9284.90000
1525878986,9284.00000,9284.90000
1525813451,9183.00000,9191.50000
1525878988,9284.00000,9284.90000
1525878989,9284.10000,9284.90000
1525813454,9183.00000,9191.40000
1525813455,9183.00000,9191.30000
1525878992,9284.20000,9284.90000
1525878994,9284.00000,9284.90000
1525878995,9284.30000,9284.90000
1525813460,9182.30000,9191.30000
1525813462,9182.30000,9191.00000
1525878999,9284.30000,9284.90000
1525864484,9215.30000,9220.00000
1525813466,9182.30000,9191.30000
1525879003,9284.40000,9284.90000
1525813470,9182.30000,9190.70000
1525879011,9284.30000,9284.90000
1525813476,9182.30000,9191.30000
1525813478,9182.30000,9190.40000
1525879015,9284.40000,9284.90000
1525879016,9284.50000,9284.90000
1525813481,9182.30000,9191.50000
1525879018,9284.50000,9284.90000
1525879019,9284.40000,9284.90000
1525879020,9284.50000,9284.90000
1525813485,9182.30000,9190.60000
1525879022,9284.80000,9284.90000
1525820797,9209.10000,9209.20000
1525813491,9182.10000,9188.00000
1525879028,9284.80000,9285.00000
1525864489,9216.90000,9219.30000
1525813496,9182.10000,9187.80000
1525813499,9182.10000,9187.00000
1525813504,9182.10000,9186.80000
1525813508,9182.10000,9187.50000
1525813509,9182.10000,9186.50000
1525813510,9182.10000,9186.00000
1525879047,9284.80000,9285.00000
1525813512,9182.10000,9184.60000
1525879049,9284.80000,9285.00000
1525879050,9284.80000,9285.00000
1525809879,9232.60000,9233.90000
1525879052,9284.80000,9285.00000
1525813519,9182.10000,9184.50000
1525813520,9182.10000,9184.00000
1525842648,9020.90000,9021.10000
1525813523,9182.20000,9184.00000
1525813527,9182.20000,9184.50000
1525813529,9182.20000,9184.00000
1525879066,9285.00000,9294.00000
1525813531,9182.20000,9183.70000
1525813533,9182.20000,9184.00000
1525879071,9285.10000,9293.70000
1525813536,9182.20000,9184.40000
1525879073,9285.20000,9293.70000
1525813538,9182.20000,9183.40000
1525813540,9182.20000,9184.00000
1525864497,9219.80000,9219.90000
1525779263,9230.70000,9230.80000
1525813545,9182.20000,9183.10000
1525879082,9285.50000,9293.60000
1525897266,9280.00000,9284.80000
1525813551,9182.20000,9184.00000
1525879088,9290.90000,9293.60000
1525879089,9285.60000,9293.60000
1525813554,9182.20000,9184.30000
1525813555,9182.20000,9183.70000
1525879092,9285.50000,9293.50000
1525879093,9285.30000,9293.50000
1525879094,9285.60000,9293.40000
1525879095,9285.60000,9293.40000
1525813561,9182.20000,9184.00000
1525879098,9285.70000,9293.40000
1525879099,9289.00000,9293.40000
1525879100,9290.00000,9293.40000
1525813565,9182.20000,9183.40000
1525897269,9279.90000,9283.20000
1525879104,9285.80000,9293.40000
1525879105,9290.00000,9293.40000
1525813571,9182.20000,9184.30000
1525813572,9182.20000,9183.00000
1525879109,9285.80000,9293.30000
1525879110,9285.90000,9293.30000
1525809889,9233.80000,9239.50000
1525879112,9285.90000,9293.20000
1525879113,9289.10000,9293.20000
1525879114,9285.90000,9293.20000
1525813579,9182.20000,9184.30000
1525813581,9182.20000,9183.00000
1525879118,9289.10000,9293.10000
1525879119,9286.00000,9293.00000
1525879120,9289.10000,9293.00000
1525879121,9286.10000,9293.10000
1525813586,9182.00000,9182.70000
1525879124,9286.10000,9292.80000
1525813590,9182.00000,9182.90000
1525813591,9182.10000,9182.40000
1525879128,9286.20000,9291.10000
1525813595,9182.00000,9182.40000
1525813596,9182.30000,9182.40000
1525813597,9182.00000,9182.40000
1525879134,9286.30000,9290.80000
1525813599,9182.00000,9182.90000
1525864507,9219.80000,9219.90000
1525879141,9286.30000,9290.50000
1525768792,9379.80000,9393.00000
1525879146,9286.00000,9290.70000
1525813611,9182.10000,9182.90000
1525879148,9286.40000,9290.40000
1525879149,9286.40000,9289.80000
1525859397,9131.20000,9133.60000
1525897277,9279.90000,9285.00000
1525879154,9286.40000,9289.70000
1525886355,9359.80000,9359.90000
1525860579,9099.30000,9100.10000
1525879157,9286.40000,9289.60000
1525879159,9286.20000,9289.60000
1525879161,9286.20000,9289.50000
1525897279,9279.90000,9284.10000
1525879164,9286.20000,9289.40000
1525879166,9285.30000,9289.30000
1525813631,9182.10000,9182.80000
1525813635,9182.10000,9182.50000
1525879173,9285.00000,9289.30000
1525842668,9020.90000,9021.00000
1525813642,9182.10000,9182.40000
1525879179,9285.00000,9289.20000
1525879181,9285.00000,9289.00000
1525879183,9285.00000,9289.10000
1525879184,9285.00000,9288.90000
1525879185,9285.00000,9288.70000
1525831747,9163.70000,9164.70000
1525813652,9182.10000,9182.20000
1525879189,9285.00000,9288.80000
1525879191,9285.00000,9288.40000
1525766212,9355.60000,9361.10000
1525864349,9208.10000,9212.20000
1525875439,9267.00000,9269.20000
1525879198,9285.00000,9288.30000
1525879199,9285.00000,9288.10000
1525875440,9267.00000,9268.70000
1525879206,9285.00000,9288.30000
1525879207,9288.10000,9288.30000
1525813672,9169.00000,9182.20000
1525893183,9270.50000,9271.10000
1525813676,9169.10000,9182.20000
1525813681,9169.10000,9181.30000
1525842675,9021.00000,9023.10000
1525813685,9169.40000,9181.30000
1525813687,9169.40000,9181.20000
1525884362,9301.60000,9309.90000
1525813691,9169.20000,9181.20000
1525813693,9169.20000,9181.10000
1525879230,9288.10000,9288.80000
1525842677,9021.00000,9023.00000
1525813696,9169.50000,9181.00000
1525864523,9219.90000,9220.00000
1525879236,9288.10000,9288.80000
1525813702,9169.60000,9181.00000
1525879239,9288.10000,9288.20000
1525879241,9288.10000,9288.80000
1525813706,9169.60000,9180.70000
1525842679,9023.10000,9023.60000
1525813709,9169.90000,9180.70000
1525879248,9288.30000,9288.80000
1525879249,9288.30000,9289.30000
1525813714,9169.60000,9180.40000
1525813716,9169.90000,9180.40000
1525813718,9170.00000,9180.40000
1525842681,9020.90000,9023.60000
1525813721,9170.00000,9181.10000
1525831759,9163.70000,9164.60000
1525813725,9169.60000,9181.10000
1525813726,9169.60000,9180.10000
1525813727,9170.30000,9180.10000
1525842683,9020.90000,9023.60000
1525813738,9170.40000,9181.00000
1525813742,9170.50000,9181.00000
1525842685,9023.80000,9026.10000
1525813744,9170.50000,9179.80000
1525813747,9170.40000,9179.80000
1525813748,9170.60000,9179.80000
1525813749,9170.60000,9180.70000
1525813755,9170.60000,9179.50000
1525813756,9170.80000,9179.50000
1525886639,9360.30000,9360.40000
1525879295,9288.30000,9288.60000
1525813761,9170.70000,9180.70000
1525813763,9170.90000,9180.70000
1525813767,9171.00000,9180.70000
1525813771,9171.20000,9180.70000
1525813773,9171.10000,9180.70000
1525813775,9171.30000,9180.70000
1525861317,9094.00000,9099.20000
1525813782,9171.30000,9181.00000
1525813784,9171.60000,9181.00000
1525813787,9171.10000,9181.00000
1525813788,9171.40000,9181.00000
1525897306,9279.90000,9283.70000
1525813790,9171.90000,9180.90000
1525813795,9172.00000,9180.90000
1525813801,9172.30000,9180.90000
1525842695,9024.00000,9029.00000
1525813804,9172.30000,9181.00000
1525813805,9172.40000,9181.00000
1525854334,9085.00000,9092.00000
1525813808,9172.60000,9181.00000
1525842696,9024.00000,9028.00000
1525813812,9172.40000,9181.00000
1525813816,9172.90000,9181.00000
1525897311,9279.90000,9285.00000
1525813822,9173.00000,9181.00000
1525813823,9173.10000,9181.00000
1525864544,9219.80000,9220.00000
1525842699,9024.10000,9028.00000
1525879364,9288.30000,9288.40000
1525879365,9288.30000,9289.30000
1525813830,9173.00000,9180.60000
1525813831,9172.50000,9181.00000
1525813832,9173.20000,9181.00000
1525813834,9173.40000,9181.00000
1525802252,9124.00000,9130.00000
1525842701,9024.10000,9027.90000
1525813844,9173.50000,9181.00000
1525813845,9173.60000,9181.00000
1525872241,9274.60000,9275.30000
1525813849,9173.80000,9181.00000
1525875471,9267.10000,9268.50000
1525813854,9173.90000,9181.00000
1525813855,9173.90000,9183.80000
1525865682,9218.90000,9223.30000
1525813857,9173.90000,9182.00000
1525813860,9173.70000,9182.00000
1525813861,9174.00000,9182.00000
1525813864,9174.00000,9183.80000
1525813866,9174.20000,9182.40000
1525813867,9174.50000,9182.40000
1525879405,9289.30000,9291.50000
1525813870,9174.60000,9182.40000
1525879407,9289.30000,9291.50000
1525879409,9289.30000,9291.40000
1525813874,9174.90000,9182.40000
1525813875,9174.90000,9182.10000
1525813876,9174.90000,9182.00000
1525836451,9025.30000,9028.60000
1525879414,9289.30000,9291.20000
1525813879,9174.60000,9181.90000
1525813880,9175.00000,9181.90000
1525842708,9027.90000,9028.00000
1525879421,9288.60000,9291.20000
1525813888,9175.10000,9181.90000
1525813890,9175.30000,9181.90000
1525879427,9288.60000,9291.10000
1525813892,9175.40000,9181.90000
1525879430,9288.60000,9290.60000
1525879433,9289.30000,9290.60000
1525813898,9175.50000,9182.90000
1525813900,9175.60000,9182.90000
1525879437,9289.30000,9290.30000
1525813902,9175.70000,9182.90000
1525813903,9175.80000,9182.00000
1525813905,9175.80000,9181.60000
1525879442,9289.30000,9290.40000
1525834258,9084.00000,9099.10000
1525813908,9175.60000,9181.60000
1525813909,9175.90000,9181.60000
1525842713,9028.00000,9036.40000
1525813912,9175.90000,9181.90000
1525813917,9176.00000,9181.90000
1525813920,9176.20000,9181.90000
1525897328,9280.00000,9284.90000
1525813925,9176.00000,9181.90000
1525813927,9176.10000,9181.90000
1525813929,9176.30000,9181.90000
1525813931,9176.00000,9181.90000
1525871369,9271.00000,9272.30000
1525813934,9174.50000,9181.90000
1525813935,9176.20000,9181.90000
1525813937,9176.40000,9181.90000
1525879475,9290.00000,9292.00000
1525879476,9290.50000,9292.00000
1525813941,9176.40000,9188.00000
1525813942,9176.40000,9188.00000
1525813944,9176.30000,9188.00000
1525813945,9176.30000,9187.90000
1525813947,9176.70000,9182.00000
1525853642,9060.30000,9060.40000
1525813950,9176.60000,9180.00000
1525875488,9268.00000,9269.10000
1525879490,9290.50000,9292.00000
1525813956,9175.00000,9180.00000
1525813957,9176.70000,9180.00000
1525879494,9291.20000,9291.40000
1525893179,9270.50000,9274.90000
1525879497,9291.20000,9291.30000
1525813964,9174.50000,9180.00000
1525813969,9174.60000,9180.00000
1525808502,9211.40000,9219.00000
1525813974,9176.80000,9180.00000
1525897337,9280.00000,9285.00000
1525813976,9174.90000,9180.00000
1525813979,9174.60000,9180.00000
1525813981,9175.00000,9180.00000
1525875493,9265.10000,9268.70000
1525879523,9290.50000,9291.20000
1525842726,9035.80000,9036.20000
1525813990,9175.10000,9180.00000
1525766268,9355.60000,9359.30000
1525879533,9290.50000,9291.20000
1525813998,9175.20000,9180.00000
1525879535,9290.50000,9291.00000
1525879540,9290.50000,9291.20000
1525879541,9290.50000,9291.10000
1525814007,9175.30000,9180.00000
1525879544,9290.50000,9290.60000
1525897343,9280.00000,9287.10000
1525842730,9035.80000,9038.00000
1525814014,9175.20000,9180.00000
1525805904,9214.40000,9219.60000
1525897344,9280.10000,9287.10000
1525814019,9175.40000,9180.00000
1525897345,9280.10000,9284.80000
1525814025,9175.20000,9180.00000
1525814031,9175.30000,9180.00000
1525814034,9175.40000,9180.00000
1525897347,9280.10000,9284.40000
1525814039,9175.30000,9180.00000
1525814041,9175.50000,9180.00000
1525773171,9289.00000,9289.60000
1525897349,9279.90000,9284.90000
1525864583,9215.50000,9219.70000
1525814061,9174.50000,9180.00000
1525814067,9174.60000,9180.00000
1525814069,9174.70000,9180.00000
1525814075,9174.80000,9180.00000
1525814077,9174.90000,9180.00000
1525814081,9174.80000,9180.00000
1525814083,9175.00000,9180.00000
1525768808,9378.90000,9389.90000
1525814095,9175.10000,9180.00000
1525814097,9175.20000,9180.00000
1525879635,9291.00000,9293.20000
1525879637,9291.00000,9293.10000
1525879638,9291.00000,9292.90000
1525814103,9175.10000,9180.00000
1525879640,9291.10000,9292.90000
1525879641,9292.30000,9292.90000
1525864591,9215.30000,9218.90000
1525814108,9174.50000,9180.00000
1525879646,9292.30000,9293.20000
1525886437,9361.10000,9361.20000
1525814113,9174.50000,9179.90000
1525814114,9174.60000,9179.90000
1525814117,9174.70000,9179.90000
1525814118,9174.90000,9179.90000
1525879655,9292.80000,9293.20000
1525879656,9291.00000,9293.20000
1525842748,9035.80000,9037.90000
1525879658,9291.00000,9293.20000
1525879659,9293.10000,9293.20000
1525879660,9291.00000,9293.20000
1525879662,9291.00000,9293.20000
1525879663,9291.00000,9293.20000
1525814129,9175.00000,9180.00000
1525814133,9175.00000,9178.50000
1525879670,9291.00000,9293.10000
1525879672,9291.80000,9292.90000
1525879673,9291.00000,9293.10000
1525879674,9293.10000,9293.20000
1525879675,9291.60000,9293.20000
1525814140,9174.50000,9180.00000
1525879678,9291.80000,9293.20000
1525879679,9291.80000,9295.40000
1525814145,9174.70000,9180.00000
1525814146,9174.50000,9180.00000
1525879683,9291.80000,9295.30000
1525879685,9291.90000,9295.30000
1525879689,9291.90000,9293.20000
1525879690,9291.90000,9293.10000
1525814155,9174.80000,9180.00000
1525895799,9279.80000,9280.10000
1525879693,9291.90000,9292.60000
1525814159,9174.60000,9180.00000
1525879696,9291.80000,9292.60000
1525814161,9175.00000,9180.00000
1525842755,9034.80000,9035.90000
1525879702,9291.90000,9292.50000
1525879706,9291.90000,9292.60000
1525879707,9291.90000,9293.10000
1525879708,9292.50000,9293.10000
1525831834,9161.10000,9163.70000
1525814175,9175.10000,9180.00000
1525814177,9175.20000,9180.00000
1525879714,9288.70000,9290.00000
1525831835,9161.10000,9163.60000
1525879718,9289.90000,9290.00000
1525814183,9175.00000,9180.00000
1525834279,9084.70000,9085.20000
1525897373,9279.90000,9283.40000
1525897374,9279.90000,9284.90000
1525814199,9167.90000,9180.00000
1525814200,9167.90000,9179.70000
1525814202,9165.40000,9179.70000
1525814205,9168.00000,9179.70000
1525845606,9061.00000,9061.60000
1525897376,9279.90000,9283.30000
1525814210,9168.00000,9180.00000
1525814211,9165.60000,9180.00000
1525814212,9168.10000,9180.00000
1525814216,9168.20000,9180.00000
1525864610,9205.10000,9215.40000
1525814222,9168.20000,9179.70000
1525875533,9267.10000,9268.70000
1525814225,9168.20000,9180.00000
1525814231,9165.70000,9180.00000
1525814233,9165.80000,9180.00000
1525814235,9168.00000,9180.00000
1525814237,9168.10000,9180.00000
1525875536,9268.70000,9269.20000
1525814242,9168.20000,9180.00000
1525834281,9082.90000,9085.20000
1525814251,9168.10000,9180.00000
1525814252,9166.00000,9180.00000
1525797183,9154.90000,9155.90000
1525814259,9166.10000,9180.00000
1525879797,9290.00000,9293.20000
1525879798,9289.90000,9293.20000
1525814264,9166.10000,9179.70000
1525814265,9166.20000,9179.70000
1525836464,9026.80000,9027.50000
1525814268,9166.20000,9180.00000
1525897386,9279.90000,9282.40000
1525814270,9166.30000,9179.40000
1525879807,9290.10000,9293.20000
1525884474,9300.20000,9309.90000
1525814276,9179.40000,9180.00000
1525814277,9166.30000,9180.00000
1525814281,9166.30000,9179.70000
1525814283,9166.40000,9179.70000
1525814285,9166.40000,9180.00000
1525879822,9290.30000,9292.00000
1525814287,9179.70000,9180.00000
1525879824,9290.40000,9292.00000
1525814289,9166.50000,9179.70000
1525879826,9291.90000,9292.00000
1525842777,9034.80000,9035.90000
1525814298,9166.60000,9179.70000
1525814300,9166.70000,9179.70000
1525814302,9166.70000,9180.00000
1525814304,9179.70000,9180.00000
1525814305,9166.80000,9180.00000
1525814306,9166.80000,9179.40000
1525814307,9166.90000,9179.40000
1525864625,9210.60000,9215.20000
1525814314,9166.90000,9180.00000
1525860620,9098.50000,9103.90000
1525864626,9210.50000,9215.20000
1525814318,9179.40000,9180.00000
1525814319,9166.90000,9180.00000
1525814321,9167.20000,9180.00000
1525814325,9167.30000,9179.70000
1525845195,9065.00000,9066.80000
1525814328,9167.10000,9179.70000
1525897396,9279.90000,9284.50000
1525869200,9300.00000,9305.50000
1525814331,9167.50000,9179.90000
1525814335,9167.60000,9179.90000
1525814336,9167.60000,9179.40000
1525814339,9167.70000,9179.40000
1525873012,9296.90000,9300.00000
1525831862,9163.30000,9164.50000
1525814345,9167.80000,9179.40000
1525872232,9274.60000,9278.90000
1525814348,9167.80000,9179.90000
1525842786,9034.90000,9035.90000
1525879887,9292.10000,9298.60000
1525897400,9280.00000,9286.20000
1525814354,9168.00000,9179.10000
1525879892,9292.20000,9298.60000
1525814357,9168.00000,9179.90000
1525766329,9356.20000,9356.40000
1525814360,9168.10000,9178.80000
1525814364,9168.10000,9179.90000
1525879902,9298.50000,9300.20000
1525879903,9298.60000,9300.20000
1525814368,9168.10000,9178.50000
1525897403,9279.90000,9286.10000
1525879908,9298.60000,9305.30000
1525886635,9360.30000,9360.50000
1525814374,9167.70000,9178.50000
1525814375,9168.20000,9179.90000
1525831868,9163.20000,9164.90000
1525814380,9168.20000,9179.60000
1525879918,9299.00000,9306.50000
1525861493,9090.00000,9091.10000
1525853715,9064.80000,9072.60000
1525879924,9298.70000,9306.50000
1525879925,9306.30000,9306.50000
1525814398,9168.30000,9179.90000
1525814399,9168.50000,9179.90000
1525897408,9280.00000,9284.90000
1525814402,9168.50000,9179.60000
1525879939,9300.10000,9306.40000
1525814404,9168.50000,9179.90000
1525879941,9300.10000,9306.30000
1525879942,9300.00000,9305.10000
1525879943,9300.20000,9305.10000
1525814409,9168.60000,9179.60000
1525879946,9300.30000,9305.10000
1525879948,9300.00000,9305.10000
1525879949,9300.00000,9305.00000
1525879951,9300.00000,9304.60000
1525788184,9116.50000,9117.00000
1525879955,9300.10000,9304.50000
1525879961,9300.10000,9304.50000
1525814426,9168.60000,9179.60000
1525814427,9168.90000,9179.60000
1525853722,9070.60000,9072.30000
1525814431,9168.90000,9179.90000
1525879968,9300.20000,9304.60000
1525842800,9034.80000,9035.90000
1525879970,9300.00000,9304.60000
1525814435,9168.90000,9179.30000
1525879974,9300.00000,9306.40000
1525820956,9223.00000,9226.70000
1525879978,9300.00000,9308.00000
1525879979,9300.10000,9304.40000
1525879980,9300.10000,9304.30000
1525879981,9304.50000,9305.60000
1525879982,9304.50000,9308.00000
1525814447,9169.00000,9179.30000
1525879984,9304.50000,9308.00000
1525879986,9304.50000,9305.70000
1525879987,9304.50000,9308.00000
1525879988,9304.50000,9307.90000
1525879989,9304.50000,9307.90000
1525879990,9304.50000,9306.10000
1525879991,9304.50000,9305.80000
1525879992,9304.50000,9305.60000
1525853727,9070.70000,9072.30000
1525814460,9168.70000,9179.30000
1525879998,9304.50000,9307.90000
1525879999,9304.50000,9305.60000
1525814464,9169.50000,9179.30000
1525880001,9304.50000,9307.90000
1525880003,9304.50000,9307.90000
1525880004,9304.50000,9305.60000
1525880005,9304.50000,9307.90000
1525880007,9304.50000,9305.80000
1525880008,9304.50000,9305.70000
1525880009,9304.50000,9305.50000
1525880011,9304.50000,9307.90000
1525814477,9169.70000,9179.30000
1525814478,9169.90000,9179.30000
1525814481,9170.00000,9179.30000
1525814482,9170.00000,9179.90000
1525814483,9170.00000,9179.00000
1525858703,9109.70000,9112.30000
1525814486,9170.20000,9179.00000
1525880024,9304.50000,9307.80000
1525880025,9304.50000,9307.80000
1525814490,9170.10000,9178.70000
1525880027,9304.50000,9307.30000
1525814492,9170.20000,9178.70000
1525880029,9305.80000,9307.80000
1525814494,9170.20000,9179.90000
1525814495,9170.40000,9179.90000
1525814497,9170.20000,9178.40000
1525880034,9304.60000,9307.80000
1525814499,9170.50000,9179.90000
1525814502,9170.60000,9179.90000
1525814504,9170.60000,9179.60000
1525814506,9170.70000,9179.60000
1525886503,9360.40000,9360.50000
1525880044,9304.70000,9307.30000
1525864658,9210.70000,9214.40000
1525814511,9170.70000,9179.90000
1525814515,9171.00000,9179.30000
1525880052,9304.70000,9307.20000
1525814517,9171.00000,9179.90000
1525814519,9171.10000,9179.00000
1525880058,9304.70000,9306.50000
1525856521,9110.60000,9112.10000
1525880061,9304.80000,9306.40000
1525814527,9171.10000,9178.70000
1525814529,9171.10000,9179.90000
1525814530,9171.40000,9179.90000
1525880068,9305.80000,9307.30000
1525766358,9356.20000,9361.30000
1525814534,9171.50000,9178.40000
1525814537,9171.50000,9179.90000
1525831929,9161.20000,9164.60000
1525814540,9171.60000,9179.90000
1525814541,9171.60000,9178.10000
1525880078,9304.60000,9307.20000
1525880079,9304.60000,9306.70000
1525880080,9304.60000,9306.60000
1525814545,9171.90000,9179.90000
1525814547,9171.70000,9179.90000
1525814548,9172.00000,9179.90000
1525880085,9305.70000,9305.80000
1525897433,9280.00000,9284.90000
1525814553,9172.10000,9179.90000
1525814555,9172.30000,9179.90000
1525880092,9305.70000,9307.20000
1525814558,9170.10000,9179.90000
1525880095,9305.70000,9307.30000
1525814560,9172.40000,9179.90000
1525814562,9170.20000,9179.90000
1525814564,9170.20000,9179.60000
1525814568,9170.40000,9179.90000
1525814569,9170.20000,9179.90000
1525814570,9170.20000,9179.30000
1525814572,9170.50000,9179.30000
1525880110,9307.00000,9308.00000
1525814578,9170.50000,9180.00000
1525814579,9170.60000,9179.90000
1525897438,9280.00000,9283.20000
1525814584,9170.30000,9179.90000
1525814585,9170.40000,9179.90000
1525897439,9280.00000,9283.10000
1525814589,9170.70000,9179.60000
1525880127,9307.00000,9308.00000
1525814592,9170.80000,9179.60000
1525880129,9307.00000,9308.00000
1525814595,9170.80000,9179.90000
1525886518,9360.30000,9360.60000
1525814599,9171.10000,9179.90000
1525814600,9171.10000,9179.30000
1525814601,9170.80000,9179.30000
1525880138,9307.20000,9308.00000
1525814605,9170.80000,9179.90000
1525814608,9170.80000,9179.00000
1525814610,9171.10000,9179.00000
1525814611,9171.10000,9179.90000
1525880148,9307.90000,9308.00000
1525842830,9035.30000,9035.90000
1525814614,9171.10000,9179.60000
1525880151,9308.00000,9312.00000
1525814616,9171.40000,9179.60000
1525814621,9170.80000,9179.60000
1525880158,9307.90000,9311.30000
1525880159,9308.00000,9311.30000
1525814625,9171.70000,9179.60000
1525814629,9172.00000,9179.60000
1525814633,9170.80000,9179.60000
1525880170,9308.00000,9311.20000
1525864679,9214.30000,9218.60000
1525814636,9171.10000,9179.60000
1525853757,9077.30000,9084.70000
1525864680,9214.30000,9219.80000
1525814644,9170.80000,9179.60000
1525853758,9077.40000,9082.90000
1525814647,9171.40000,9179.90000
1525880184,9308.00000,9315.00000
1525880186,9308.10000,9315.00000
1525880187,9308.10000,9311.10000
1525880188,9308.10000,9313.60000
1525771934,9300.00000,9300.80000
1525814654,9170.80000,9179.90000
1525814655,9171.70000,9179.60000
1525880192,9308.00000,9313.50000
1525880193,9308.00000,9313.50000
1525814659,9171.70000,9179.50000
1525880196,9308.00000,9313.30000
1525814661,9170.80000,9179.50000
1525880198,9308.00000,9313.40000
1525880199,9308.10000,9313.40000
