time,price,volume,buy_or_sell,market_or_limit,misc
1525809153.5123,9273.30000,1.00000000,b,l,
1525888668.9727,9299.10000,1.00000000,s,l,
1525845969.8982,9069.70000,0.07060000,b,m,
1525841922.157,9077.00000,0.33209027,b,l,
1525874702.2861,9263.00000,0.16880000,s,l,
1525878333.2204,9310.80000,0.03375317,s,m,
1525841923.7824,9077.00000,0.35586050,b,l,
1525754542.1956,9415.00000,0.05000000,s,l,
1525778361.9107,9185.50000,1.00000000,s,l,
1525809178.4031,9257.30000,1.00000000,b,l,
1525809182.7805,9255.40000,0.11334237,s,l,
1525874723.6203,9263.00000,0.26610000,s,l,
1525874725.709,9263.00000,0.28280000,s,l,
1525874729.3255,9263.00000,0.07620222,s,l,
1525839464.1959,8999.00000,0.21060000,b,l,
1525888755.2524,9300.00000,0.12350000,b,l,
1525809199.7382,9255.40000,1.00000000,s,l,
1525841928.7228,9076.90000,0.02500000,b,m,
1525809203.7427,9255.40000,0.00200000,s,l,
1525809204.0429,9255.40000,0.01300000,s,l,
1525809205.0441,9255.90000,0.50000000,b,m,
1525874743.2837,9261.00000,0.20000000,s,l,
1525874745.7411,9256.10000,0.14630000,s,l,
1525809210.1887,9255.40000,0.14200000,s,l,
1525874747.1726,9259.80000,0.24620000,s,l,
1525874748.4689,9257.00000,0.14330000,s,l,
1525809213.6583,9255.30000,0.00238303,s,l,
1525809214.8086,9253.90000,0.45774997,s,l,
1525820085.4448,9212.50000,0.11859090,b,l,
1525874755.6295,9260.00000,0.10000000,s,l,
1525809222.181,9250.10000,0.00540532,b,m,
1525809224.8696,9250.00000,0.00500000,s,l,
1525809231.0282,9250.00000,0.01900000,s,l,
1525874768.4177,9257.20000,0.28960000,s,l,
1525874769.2706,9257.40000,0.01417358,b,l,
1525874770.8123,9257.60000,0.20902179,s,l,
1525874771.0738,9257.20000,0.40506726,s,m,
1525809236.0447,9250.10000,0.97227207,b,m,
1525874775.8375,9256.00000,0.27700000,s,l,
1525809241.948,9250.00000,2.19100000,s,l,
1525809244.7571,9250.00000,0.02200000,s,l,
1525874783.1418,9257.40000,0.23297082,s,l,
1525874784.1816,9257.90000,0.28950000,s,l,
1525786105.6295,9130.00000,0.97981900,b,l,
1525809253.5944,9250.00000,0.05260000,s,l,
1525862630.7519,9148.80000,2.53900000,b,m,
1525810110.8579,9239.60000,0.00700000,b,l,
1525809256.8603,9250.00000,0.00800000,s,l,
1525765658.5602,9361.90000,0.00640896,s,l,
1525874794.3767,9260.70000,0.00550000,s,l,
1525809260.8537,9250.10000,0.00000010,b,m,
1525869143.791,9301.70000,0.00000485,b,m,
1525809262.0695,9250.00000,0.02500000,s,l,
1525809266.9884,9250.00000,1.00000000,s,l,
1525809273.6558,9250.00000,0.25000000,s,l,
1525841123.2444,9052.10000,0.01440000,b,m,
1525819283.7319,9227.70000,0.40390000,b,m,
1525874818.6328,9260.80000,0.00938465,s,l,
1525874820.9857,9257.30000,0.28250000,s,l,
1525874821.1636,9257.40000,2.00000000,b,l,
1525874823.1997,9257.30000,0.18947319,s,l,
1525874824.8477,9257.30000,0.18947319,s,l,
1525874825.9301,9257.30000,0.18947319,s,l,
1525874826.464,9257.30000,0.06400000,s,l,
1525809291.5671,9250.00000,0.18758607,s,l,
1525809292.6025,9250.00000,0.00200000,s,l,
1525809293.4475,9250.00000,0.20510000,s,l,
1525874830.1427,9257.30000,0.20275535,s,l,
1525874831.0484,9257.30000,0.18947319,s,l,
1525874832.8082,9257.30000,0.01190000,s,l,
1525809297.7284,9250.00000,1.00000000,s,l,
1525874834.2335,9257.30000,0.18947319,s,l,
1525809301.1619,9250.00000,1.00000000,s,l,
1525874838.6403,9257.30000,0.05000000,s,l,
1525874839.4642,9257.30000,0.01414802,s,l,
1525809304.423,9250.10000,0.01199368,b,l,
1525874841.2493,9257.30000,0.03210000,s,l,
1525874843.1443,9257.30000,0.26580000,s,l,
1525809308.2855,9250.10000,0.00300000,s,l,
1525874845.3202,9257.30000,0.24923560,s,l,
1525837719.7962,9034.50000,0.12305398,b,l,
1525809319.6351,9250.30000,0.01800000,s,l,
1525809322.9823,9250.30000,0.00300000,s,l,
1525877436.5663,9287.20000,0.24584150,b,l,
1525867507.0918,9331.00000,0.00200000,s,l,
1525809337.6595,9250.50000,0.00000514,b,m,
1525809338.6531,9250.40000,0.00500000,b,l,
1525809339.6082,9250.40000,0.01300000,s,l,
1525839465.3204,8999.00000,0.00756664,b,l,
1525809351.655,9250.80000,0.23300000,b,l,
1525809353.0734,9255.60000,0.01153333,b,m,
1525809355.2552,9255.00000,0.00400000,s,l,
1525871044.7502,9271.00000,2.60000000,b,m,
1525866811.0547,9214.30000,0.00555676,s,l,
1525888675.332,9299.00000,0.03798223,s,l,
1525893849.2615,9238.40000,0.00069804,s,m,
1525841956.7469,9078.30000,0.15279000,b,m,
1525809370.4967,9255.20000,0.01370000,s,l,
1525874907.7014,9257.40000,0.01780000,b,l,
1525809372.1214,9255.80000,0.01479227,b,l,
1525863802.4829,9206.30000,2.00000000,b,l,
1525874910.0975,9257.40000,0.01296260,b,l,
1525770198.4255,9393.20000,0.36050000,b,m,
1525858669.5767,9111.70000,0.42000000,b,l,
1525874918.6233,9257.40000,0.02000000,b,l,
1525874921.3047,9257.40000,0.00380000,b,l,
1525809386.373,9255.60000,0.00840158,b,m,
1525809390.039,9255.60000,0.00200000,b,l,
1525871218.3879,9274.60000,0.00200274,s,l,
1525874729.9223,9263.00000,0.12020000,s,l,
1525885652.324,9346.00000,0.20000000,b,m,
1525867465.9849,9333.40000,0.00383767,b,m,
1525809408.9893,9255.10000,0.01854019,s,l,
1525776427.7493,9303.00000,0.01711691,s,l,
1525809412.5784,9255.20000,0.01500000,b,l,
1525809418.0942,9255.10000,0.00927009,s,l,
1525886364.4607,9360.20000,0.00900000,b,m,
1525809423.3174,9255.10000,0.00463505,s,l,
1525809787.5347,9233.80000,1.00000000,b,m,
1525868295.5052,9275.50000,1.14732589,s,m,
1525809199.5154,9255.40000,0.04580000,s,l,
1525874972.7973,9257.30000,0.02000000,s,m,
1525867466.2418,9400.00000,0.01500000,b,m,
1525874976.5859,9257.30000,0.14247760,s,l,
1525874979.9616,9257.40000,0.08082800,b,m,
1525874980.2984,9257.30000,0.10960000,s,l,
1525863572.5077,9207.90000,0.06000000,b,m,
1525874983.1479,9257.30000,0.10950000,s,l,
1525867596.562,9339.20000,1.50000000,b,l,
1525756098.5637,9368.00000,0.02750000,s,l,
1525758571.0069,9335.50000,0.21890000,s,l,
1525809456.9018,9255.20000,0.02330000,b,l,
1525812299.6673,9168.40000,0.21369356,s,m,
1525761688.1029,9333.60000,0.04680000,s,m,
1525841876.0314,9074.30000,1.00000000,b,m,
1525867506.9421,9331.00000,0.00500000,s,l,
1525809467.2188,9255.10000,0.00453484,s,l,
1525809468.732,9258.10000,0.08233806,b,l,
1525875005.7188,9257.10000,0.02000000,s,m,
1525791020.2185,9135.00000,0.00966548,s,l,
1525809476.1774,9255.20000,0.00144528,b,m,
1525776438.5884,9315.00000,0.80000000,b,m,
1525809478.0846,9255.20000,0.03720000,b,l,
1525863820.0485,9200.00000,0.02960000,s,m,
1525809485.0671,9255.20000,0.54096300,b,m,
1525871221.415,9270.70000,0.34037241,s,l,
1525875031.8319,9258.00000,0.00200000,s,l,
1525809500.8529,9255.10000,1.00000000,s,l,
1525809501.2378,9258.20000,1.03117053,b,l,
1525885669.6492,9346.90000,0.00900000,s,m,
1525874747.6315,9259.80000,0.08280000,s,l,
1525809509.3961,9255.10000,0.00144528,s,m,
1525809512.7875,9255.10000,1.00000000,s,l,
1525809513.8387,9255.20000,1.00000000,b,l,
1525809213.6612,9255.30000,1.79018707,s,l,
1525852904.6896,9025.90000,0.01011894,s,l,
1525875058.2326,9257.00000,0.00500000,s,l,
1525841212.3061,9054.70000,0.05000000,b,m,
1525875062.8495,9257.10000,0.02902000,b,l,
1525841983.8874,9080.00000,0.49385714,b,l,
1525863829.5885,9205.70000,0.00666295,s,l,
1525809536.187,9255.10000,2.19100000,s,l,
1525875080.9485,9260.50000,0.10008055,s,l,
1525885676.0463,9347.00000,0.05567629,b,m,
1525871223.4787,9271.90000,0.08095489,s,l,
1525809549.9887,9255.10000,0.29941083,s,l,
1525809550.0166,9255.10000,0.00058917,s,l,
1525874755.6367,9257.50000,0.24000000,s,l,
1525768888.2112,9400.80000,1.79000000,b,m,
1525809568.7476,9255.20000,0.81324000,b,m,
1525809569.3775,9255.10000,0.90368994,s,l,
1525875107.9668,9261.80000,0.01500000,b,m,
1525809222.1502,9250.10000,0.01182052,b,m,
1525809575.1683,9255.10000,0.00770000,b,l,
1525758287.7243,9342.30000,0.00647506,s,l,
1525777897.234,9278.80000,0.19000000,b,l,
1525885683.928,9348.00000,0.10000000,b,m,
1525867362.8497,9328.90000,0.00000510,b,m,
1525875127.3347,9260.70000,0.03730000,s,l,
1525841994.0655,9082.20000,0.53873373,b,l,
1525865288.4557,9235.00000,0.00195000,s,m,
1525809601.0682,9255.00000,1.19943727,s,l,
1525809602.7437,9250.00000,0.98153240,s,l,
1525841995.678,9085.10000,0.21790000,b,m,
1525809604.2886,9238.80000,0.10000000,s,l,
1525893150.7472,9274.90000,0.05955710,b,l,
1525809606.4884,9234.00000,0.80000000,s,l,
1525863841.8623,9205.70000,1.77533705,s,l,
1525875147.9433,9260.60000,0.23610000,s,l,
1525809615.5717,9244.00000,0.00242976,b,m,
1525867313.4978,9335.00000,0.13677141,b,m,
1525857847.3063,9115.40000,1.00000000,b,m,
1525816669.0949,9176.00000,0.10000000,b,l,
1525809626.9045,9233.40000,0.00800000,s,m,
1525896613.5875,9279.50000,0.49754304,s,l,
1525842000.7065,9080.10000,0.39840326,s,m,
1525809635.9615,9236.60000,0.01732797,b,l,
1525874769.2833,9257.20000,0.30533274,s,l,
1525809643.2236,9233.60000,0.01590000,s,l,
1525836467.6585,9010.70000,3.00000000,s,m,
1525875182.2315,9260.00000,0.00719000,s,l,
1525809648.5976,9233.60000,1.04000000,s,l,
1525759183.1113,9330.70000,0.21800000,b,l,
1525874771.0849,9253.90000,0.01330637,s,m,
1525809657.8604,9233.60000,0.00521303,s,l,
1525875194.4543,9260.60000,0.00100000,b,m,
1525820159.4063,9212.20000,0.18100000,s,l,
1525771523.8951,9288.30000,0.00580210,s,m,
1525842005.4124,9082.00000,0.01400000,s,l,
1525809664.9811,9233.60000,0.10820000,s,l,
1525809665.1762,9233.60000,0.09910000,s,l,
1525809666.2852,9233.60000,0.10820000,s,l,
1525875204.9048,9259.90000,0.26610000,s,l,
1525842006.81,9082.10000,0.14386803,b,l,
1525809671.017,9236.10000,0.10497394,b,l,
1525809675.1262,9233.60000,0.13540000,s,l,
1525809676.9519,9236.10000,0.00144678,b,m,
1525875213.6921,9259.90000,0.01576289,s,m,
1525809678.5525,9236.10000,0.01799197,b,l,
1525780980.835,9110.00000,0.09231879,s,l,
1525875223.2406,9260.00000,0.92636918,b,l,
1525803242.0938,9105.00000,0.47870794,s,l,
1525809699.2722,9233.70000,0.00684503,s,l,
1525778736.9957,9220.10000,1.00000000,b,l,
1525839031.8258,8980.80000,0.05342691,b,l,
1525875593.0704,9273.30000,0.01000000,s,m,
1525864986.7243,9219.80000,0.01216533,b,l,
1525846752.3928,9059.10000,0.00354747,b,m,
1525835103.1099,9060.10000,0.09148191,s,m,
1525778215.6047,9196.50000,0.83956967,s,m,
1525874493.6055,9272.00000,0.03000000,s,l,
1525875268.3753,9259.90000,0.02000000,s,m,
1525809733.4451,9233.70000,0.01712128,s,l,
1525765559.1018,9360.00000,0.08154434,b,l,
1525858015.0626,9091.40000,3.20000000,s,m,
1525809742.3915,9233.70000,0.10000000,s,l,
1525870892.62,9275.00000,0.08025890,s,l,
1525875285.2884,9260.00000,0.00719000,b,m,
1525765561.0529,9360.00000,0.00208169,b,l,
1525875291.183,9260.00000,0.33558300,b,m,
1525875293.3048,9260.00000,0.02000000,b,m,
1525836314.1792,9053.20000,0.03083265,s,l,
1525835330.5901,9014.10000,0.19720000,s,m,
1525885928.4289,9372.00000,0.00500000,b,m,
1525885714.4861,9362.00000,0.23568433,b,m,
1525809779.4723,9233.70000,0.05000000,s,m,
1525809781.5098,9233.70000,0.00701284,s,l,
1525838497.0803,9026.30000,0.01687000,s,l,
1525770847.4434,9335.10000,0.00200000,s,l,
1525809787.5235,9233.80000,1.00000000,b,m,
1525809788.6435,9233.70000,0.03000589,s,l,
1525809796.8648,9233.80000,1.62410000,b,m,
1525896344.4281,9277.80000,0.17605068,s,m,
1525848197.365,9059.10000,0.06523338,s,l,
1525870906.0337,9275.00000,0.50000000,s,m,
1525874796.2474,9260.70000,0.01223094,s,l,
1525839228.9303,9010.90000,0.11870000,b,l,
1525773030.2574,9282.10000,1.06080000,b,m,
1525809262.5142,9250.10000,0.30975344,b,l,
1525838498.1656,9026.10000,1.00000000,b,l,
1525780984.699,9105.00000,0.20000000,s,l,
1525809825.1499,9229.30000,0.00234241,b,m,
1525809829.4589,9229.20000,0.00997805,s,m,
1525781054.2077,9079.80000,0.04988739,b,l,
1525839049.792,8983.00000,0.01764220,b,l,
1525776499.6161,9312.90000,0.05590000,b,l,
1525875381.0395,9260.00000,0.02100000,b,l,
1525894461.5679,9269.80000,0.97900622,b,l,
1525809855.9822,9233.70000,0.00830938,b,m,
1525809856.0365,9233.90000,0.02669062,b,m,
1525768364.7322,9385.60000,0.01950000,b,l,
1525798347.4422,9144.60000,0.20750000,s,l,
1525875396.8109,9263.00000,0.00500000,b,l,
1525825406.0482,9134.10000,0.20620000,s,l,
1525842039.2775,9080.20000,0.50536025,s,m,
1525835384.478,9010.00000,0.05000000,s,l,
1525897421.3503,9284.70000,0.01500000,b,l,
1525875411.7554,9265.00000,0.00712000,b,m,
1525875412.7217,9268.70000,0.00773750,b,m,
1525765582.2001,9360.00000,0.03854582,b,l,
1525768728.1473,9377.50000,0.10260000,s,m,
1525875425.3896,9266.20000,0.28260000,s,l,
1525855959.3602,9116.60000,0.00880000,s,l,
1525842045.9624,9087.40000,0.20720000,b,m,
1525783892.0196,9149.00000,0.10600000,b,m,
1525867466.4127,9450.00000,0.00200000,b,m,
1525768764.3998,9392.40000,1.00000000,b,m,
1525875446.2813,9267.00000,0.01010000,s,l,
1525809913.75,9239.50000,0.00570769,b,m,
1525809916.2226,9239.00000,0.00700000,s,l,
1525776512.5052,9312.80000,0.02980000,s,l,
1525825408.3335,9133.70000,0.01682425,s,m,
1525798359.0643,9147.60000,0.02690000,b,l,
1525809933.9125,9239.20000,0.00390000,s,l,
1525875475.2704,9269.10000,0.08000000,b,l,
1525772015.4508,9282.70000,0.12350000,s,m,
1525779239.8095,9223.00000,0.07399785,s,l,
1525832558.5216,9122.80000,0.01100000,s,m,
1525798813.8882,9128.10000,0.96655692,s,l,
1525809949.4666,9239.90000,0.00642647,b,l,
1525809951.0846,9239.80000,0.00932084,s,l,
1525809955.0797,9239.90000,0.00234241,s,m,
1525852999.669,9033.20000,1.00000000,b,m,
1525787441.0419,9125.60000,0.03178226,b,l,
1525874823.29,9257.30000,0.28250000,s,l,
1525875500.5591,9266.00000,0.80000000,s,l,
1525809967.8724,9247.00000,0.19410000,s,l,
1525875507.1363,9265.10000,0.00000009,s,m,
1525885748.6991,9380.20000,1.53090000,b,m,
1525852981.1337,9032.20000,1.00000000,b,l,
1525809986.895,9248.90000,0.69194990,b,m,
1525809990.7976,9247.20000,0.10410000,s,l,
1525875527.9092,9265.20000,0.00100000,b,m,
1525875528.5868,9265.10000,0.98600000,s,m,
1525842060.9123,9080.20000,0.49333000,s,l,
1525809995.2486,9247.20000,0.01250000,b,l,
1525874829.1703,9257.30000,0.09430000,s,l,
1525810002.811,9248.90000,0.00144384,b,m,
1525765603.5634,9360.00000,0.01023753,b,l,
1525839033.3123,8980.80000,0.02205444,b,l,
1525765605.9172,9360.00000,0.01025540,b,l,
1525759972.9231,9356.90000,0.00200000,b,m,
1525809296.2858,9250.00000,0.18503278,s,l,
1525810019.6828,9248.80000,0.11797805,b,l,
1525896679.7175,9280.20000,0.01179816,b,l,
1525810028.1238,9248.80000,1.00000000,s,l,
1525810030.316,9248.80000,0.00032847,s,l,
1525810031.0318,9248.80000,0.00369877,s,l,
1525854171.068,9100.00000,0.06355352,b,m,
1525810033.99,9248.80000,1.00000000,s,l,
1525835978.4269,9023.30000,0.96620000,b,l,
1525875572.3157,9269.90000,0.04390000,s,l,
1525875573.0235,9273.10000,0.00600000,s,l,
1525810041.5734,9248.80000,1.00000000,s,l,
1525831146.7214,9163.00000,0.00500000,s,l,
1525809301.4906,9250.10000,0.00000632,b,m,
1525776621.4818,9314.90000,0.00995578,b,m,
1525875586.274,9273.60000,0.10000000,b,m,
1525781087.1605,9052.10000,0.23051818,s,m,
1525810053.2341,9248.80000,1.73155671,s,l,
1525875593.0603,9273.30000,0.40044676,s,m,
1525874839.7217,9257.30000,0.02957277,s,l,
1525867505.5596,9331.00000,0.00500000,s,l,
1525875600.4745,9274.70000,0.03360000,b,m,
1525874840.2184,9257.30000,0.02877127,s,l,
1525810069.6632,9248.70000,1.00000000,s,l,
1525810071.2909,9248.80000,0.45944329,b,m,
1525778367.2491,9189.60000,0.01312292,b,m,
1525765616.5073,9362.00000,0.01024392,b,l,
1525874843.7066,9257.40000,0.00718797,b,l,
1525787462.9826,9125.50000,0.03000589,b,l,
1525875623.679,9273.70000,0.03000000,s,m,
1525875625.8527,9274.70000,0.10570000,b,m,
1525852999.6797,9043.70000,0.01012363,b,m,
1525875631.2514,9279.30000,0.53975200,b,m,
1525842078.8942,9079.50000,0.00200000,s,l,
1525754697.219,9413.70000,0.01226678,b,l,
1525776543.655,9312.40000,0.01303120,s,l,
1525810109.9224,9234.70000,0.00144384,s,m,
1525810110.8665,9239.70000,0.50000000,b,l,
1525867506.7819,9331.00000,0.00500000,s,l,
1525835171.4695,9030.10000,0.11621562,s,m,
1525781412.7034,9088.20000,0.00500000,s,m,
1525836326.3609,9053.20000,0.00047770,s,m,
1525820238.761,9199.50000,0.04740000,b,l,
1525810134.3882,9232.90000,0.00066000,b,l,
1525875672.8515,9278.40000,0.33788416,b,l,
1525842084.4587,9079.50000,0.24026745,s,l,
1525853007.5239,9033.20000,0.04400000,s,l,
1525875676.3903,9278.40000,0.16022700,b,l,
1525765627.5146,9362.00000,0.01019642,b,l,
1525810151.1506,9230.90000,0.11000000,s,m,
1525875690.3468,9278.40000,0.11419126,b,l,
1525776551.4149,9312.10000,0.01099959,s,l,
1525875698.0562,9278.40000,0.00500000,b,m,
1525778215.304,9200.00000,2.00000000,s,m,
1525875701.8653,9278.40000,0.31800363,b,l,
1525810167.9159,9231.10000,0.13863785,s,l,
1525790389.5595,9133.70000,0.13687629,s,l,
1525867507.0331,9331.00000,0.00307843,s,l,
1525810172.4216,9231.30000,0.00642690,s,m,
1525875709.3407,9278.40000,0.00045598,b,l,
1525863936.4022,9194.80000,0.90200000,b,l,
1525875716.8512,9277.50000,0.00808329,b,l,
1525863937.3834,9198.20000,0.13677800,b,l,
1525875725.7566,9277.50000,0.01694084,b,l,
1525875727.6694,9277.40000,0.00500000,s,l,
1525810193.1369,9231.60000,0.08860000,s,l,
1525875732.9472,9277.50000,0.23192016,b,l,
1525765636.5531,9362.00000,0.01389833,b,l,
1525810202.2431,9232.80000,0.00144286,b,m,
1525811538.7379,9211.00000,0.01123223,b,l,
1525820251.0697,9199.50000,0.02716170,b,l,
1525810213.9964,9236.10000,0.00289062,b,m,
1525820252.1403,9199.40000,0.10689668,b,l,
1525875761.0936,9277.50000,0.07423726,b,l,
1525776563.8474,9310.10000,0.00870000,s,l,
1525780991.8674,9100.00000,0.62526367,s,m,
1525810234.7979,9229.00000,0.00144286,s,l,
1525875774.8953,9279.30000,0.13560976,b,m,
1525779224.7565,9217.00000,0.31250689,s,m,
1525867505.5926,9331.00000,0.00500000,s,l,
1525780980.8749,9110.00000,0.01019804,s,l,
1525875797.2565,9278.70000,0.06371522,b,l,
1525809337.6398,9250.50000,0.00642176,b,m,
1525875803.0226,9279.30000,0.08352028,b,l,
1525835807.1124,9023.20000,1.88500000,s,m,
1525809338.6476,9250.40000,0.02110000,b,l,
1525875808.4613,9275.80000,3.00000000,s,m,
1525810280.6526,9233.10000,0.03937400,b,l,
1525875817.6905,9276.30000,0.19610000,s,l,
1525810282.9684,9233.00000,0.05060000,s,l,
1525853031.6046,9033.20000,1.00000000,b,l,
1525875829.0607,9279.10000,0.63867765,b,l,
1525810299.318,9232.80000,0.00216619,s,l,
1525853034.18,9033.10000,0.00000001,s,l,
1525875840.3265,9279.00000,0.04210000,s,l,
1525810305.0198,9229.00000,0.00855714,s,l,
1525875847.3063,9282.00000,0.07014033,b,l,
1525842114.3464,9084.20000,0.95920000,s,l,
1525853038.7128,9047.60000,0.25000000,b,m,
1525875865.8404,9281.80000,0.20000000,b,l,
1525857366.0662,9087.90000,0.00346450,b,m,
1525765658.5847,9351.10000,0.25000000,s,l,
1525827604.514,9126.50000,0.00224476,b,l,
1525839049.9021,8980.80000,0.01532166,s,l,
1525809351.6639,9254.20000,0.06100000,b,l,
1525875888.8775,9280.10000,0.20590000,s,l,
1525780939.5514,9131.00000,0.01500000,s,l,
1525810355.3111,9227.80000,0.00280000,s,l,
1525885812.0702,9360.80000,0.03618566,b,l,
1525886526.4622,9361.10000,0.00461688,b,l,
1525835388.919,9009.60000,0.36525218,s,m,
1525810374.8254,9227.90000,0.07281000,s,l,
1525820279.2715,9183.90000,0.21220000,s,m,
1525810381.6775,9228.00000,0.00211398,b,l,
1525754744.7326,9426.40000,0.02874552,b,m,
1525768728.166,9369.90000,0.21110000,s,m,
1525836341.3992,9044.20000,0.10000000,s,m,
1525875945.3137,9280.10000,0.02250000,s,l,
1525810410.572,9228.50000,0.01662852,s,l,
1525875948.6296,9280.00000,0.12906130,s,l,
1525875949.3257,9280.00000,0.00450000,s,l,
1525838518.7778,9021.00000,0.10000000,s,l,
1525794711.7581,9163.40000,0.00000073,s,l,
1525811103.3845,9217.00000,0.01000000,s,m,
1525877799.0201,9297.00000,0.25000000,b,l,
1525871044.7604,9273.30000,1.00000000,b,m,
1525863979.4558,9199.00000,0.00260853,b,l,
1525810436.4052,9235.40000,0.00216619,s,l,
1525810439.1975,9235.50000,0.06100000,s,l,
1525880935.1825,9302.30000,0.10000000,s,m,
1525889664.5668,9305.30000,0.01148300,s,l,
1525836463.5437,9000.00000,1.00000000,s,m,
1525875997.818,9278.40000,1.00000000,b,m,
1525867466.018,9340.60000,0.10600000,b,m,
1525780900.5886,9145.10000,0.20730000,s,l,
1525876002.7746,9283.30000,0.50000000,b,m,
1525874907.7134,9257.40000,0.01296260,b,l,
1525809372.1255,9255.80000,0.02820773,b,l,
1525848703.8075,9086.00000,0.67500000,b,l,
1525765684.7296,9362.00000,1.00000000,b,l,
1525810490.0295,9237.80000,0.00642697,b,m,
1525867191.2953,9341.00000,0.04475795,b,m,
1525810499.3828,9237.80000,0.00144002,b,m,
1525805787.8666,9227.50000,0.00643509,b,m,
1525876041.564,9282.60000,0.13550000,b,m,
1525831225.7486,9162.80000,0.04362776,s,m,
1525810532.8067,9233.80000,0.00144002,s,m,
1525810534.361,9238.60000,0.00642697,b,m,
1525804557.1717,9235.90000,0.01000000,s,m,
1525876074.5236,9281.60000,0.05000000,b,m,
1525810551.5831,9238.30000,0.03935900,b,l,
1525876089.5302,9280.20000,0.01832200,b,m,
1525762658.1288,9328.30000,0.00734296,b,l,
1525810557.8452,9238.10000,0.00643211,s,m,
1525876095.8309,9279.00000,0.03955892,s,m,
1525803607.0495,9145.00000,0.00770000,b,l,
1525836341.343,9053.20000,0.02300000,s,l,
1525776621.4897,9314.90000,0.42859508,b,m,
1525810580.3808,9239.60000,1.00000000,b,m,
1525810585.0501,9238.10000,0.99710938,s,m,
1525810589.7069,9238.10000,1.00000000,s,m,
1525810591.5699,9238.10000,1.00000000,s,m,
1525810600.4626,9238.10000,1.00000000,s,l,
1525810605.9943,9238.00000,0.02669079,s,l,
1525853086.9163,9047.20000,0.00000001,b,l,
1525890899.142,9305.00000,0.10000000,s,l,
1525781127.8095,9089.90000,0.20798766,b,l,
1525831243.5066,9162.80000,0.00200000,s,l,
1525780887.4285,9150.00000,0.01630000,s,m,
1525864012.1924,9201.70000,0.23209678,b,m,
1525876172.6584,9280.50000,0.05857248,b,l,
1525885859.1017,9357.00000,0.14570000,s,l,
1525848703.8206,9089.60000,2.93171074,b,l,
1525873442.5032,9289.90000,0.00062189,s,l,
1525838526.997,9013.90000,0.08170008,s,m,
1525876197.029,9280.40000,0.06190000,s,l,
1525876199.5935,9280.50000,0.00226286,b,l,
1525876205.3992,9280.50000,1.00000000,b,m,
1525778215.8292,9180.00000,0.35000000,s,m,
1525876213.7807,9280.50000,0.00220898,b,l,
1525876214.7592,9280.50000,0.01077500,b,m,
1525853097.2836,9037.50000,0.09991225,s,m,
1525867507.5807,9339.40000,0.22089463,b,m,
1525876219.4365,9280.40000,0.28300000,s,l,
1525810685.5954,9227.10000,0.00598605,s,l,
1525876222.5458,9280.40000,0.00950000,s,l,
1525876225.1455,9280.40000,0.02610000,s,l,
1525876228.4982,9280.50000,0.08349600,b,l,
1525876231.3273,9280.40000,0.28300000,s,l,
1525876232.1891,9280.40000,0.29130000,s,m,
1525848203.032,9064.50000,0.23325354,b,l,
1525876236.7467,9280.40000,0.28300000,s,l,
1525756653.8754,9387.20000,0.08557426,b,l,
1525876242.8298,9280.50000,0.00237061,b,l,
1525853102.6641,9044.20000,0.00732241,b,m,
1525876246.3829,9280.40000,0.28310000,s,l,
1525876248.7122,9280.40000,0.08030000,s,l,
1525876249.5679,9276.30000,0.20280000,s,l,
1525876251.2302,9280.50000,0.09875493,b,l,
1525876252.5292,9279.30000,0.04358000,s,m,
1525765161.9345,9337.50000,0.14719199,s,l,
1525787569.9002,9120.00000,0.00264843,s,l,
1525876267.4312,9276.40000,0.50000000,s,m,
1525876268.339,9279.90000,0.13640000,b,m,
1525810734.8424,9227.30000,1.29823487,s,m,
1525810739.4137,9227.30000,0.65200000,s,m,
1525810748.9135,9227.00000,2.00000000,b,l,
1525864032.0378,9209.70000,0.01750000,b,m,
1525759972.9581,9356.90000,0.03477100,b,m,
1525885879.3185,9361.60000,0.00299726,b,m,
1525876302.9981,9276.40000,0.00525493,b,l,
1525876307.0573,9273.30000,0.00500000,b,m,
1525853113.0959,9036.60000,0.19180000,s,m,
1525838530.5418,9009.10000,0.02772507,s,l,
1525810778.3822,9226.90000,0.00430000,s,l,
1525876316.9125,9275.60000,0.12240800,b,m,
1525794885.2122,9170.00000,0.00800000,b,l,
1525876320.3977,9273.20000,0.19500000,b,m,
1525810788.3806,9227.30000,0.01218396,s,l,
1525810789.8734,9227.30000,0.20776600,s,l,
1525876326.9806,9273.10000,0.01078400,b,m,
1525876328.3445,9273.10000,0.01000000,b,l,
1525876329.3203,9271.10000,0.26000000,s,m,
1525876335.2123,9273.10000,0.02130378,b,l,
1525807805.9446,9229.00000,0.80000000,b,m,
1525836349.9827,9035.50000,0.40000000,s,m,
1525795588.3032,9146.20000,1.79000000,s,l,
1525810818.273,9227.90000,0.00500000,s,l,
1525812415.1113,9170.00000,0.00238834,s,l,
1525876358.1329,9271.10000,0.51620000,s,l,
1525810830.0257,9228.00000,1.95842000,s,l,
1525781523.5629,9129.10000,0.00230557,b,m,
1525876373.9044,9271.00000,1.00000000,s,l,
1525876374.8859,9270.00000,0.19737143,b,l,
1525876375.107,9270.00000,0.01500000,b,l,
1525876376.0909,9270.00000,0.25915580,b,l,
1525876379.0351,9269.70000,0.00550007,b,l,
1525876386.4873,9269.70000,0.43959107,b,l,
1525867191.2099,9295.20000,1.70980000,b,m,
1525810855.4837,9232.50000,0.00000514,b,m,
1525876392.6017,9270.00000,0.76181669,b,l,
1525876393.0682,9270.00000,0.00382818,b,l,
1525876397.9272,9270.00000,0.32040000,b,l,
1525780991.9132,9100.00000,0.08548726,s,m,
1525862607.9589,9139.00000,0.00300000,b,l,
1525759972.9048,9356.90000,0.04287704,b,m,
1525874976.5896,9257.30000,0.07112240,s,l,
1525777063.5456,9306.70000,0.00121972,s,m,
1525816711.2285,9185.00000,0.03100000,s,l,
1525863496.7095,9207.00000,0.05000000,s,m,
1525768227.9771,9378.80000,0.00004314,b,m,
1525842211.2664,9080.30000,0.09940694,b,l,
1525853810.6961,9070.60000,0.00001354,s,l,
1525768728.1511,9376.30000,0.10000000,s,m,
1525896825.3024,9284.80000,0.00640115,s,m,
1525876442.4194,9269.80000,0.46720000,s,l,
1525810907.6068,9232.90000,0.00450000,s,l,
1525798522.269,9146.60000,0.00823165,b,l,
1525876446.3257,9269.80000,0.28920000,s,l,
1525876449.7819,9270.00000,0.01078700,b,m,
1525867051.7868,9241.50000,0.01686651,b,m,
1525876458.0238,9270.00000,0.10000000,b,l,
1525876463.9595,9270.00000,0.00493931,b,l,
1525885696.0681,9349.00000,0.20000000,b,m,
1525876470.276,9269.90000,0.28920000,s,l,
1525877816.6566,9299.90000,0.10000000,b,l,
1525810939.046,9234.00000,0.01125268,b,l,
1525810940.863,9234.00000,0.00460000,s,l,
1525753249.6452,9408.50000,0.01000000,s,m,
1525810948.9193,9234.00000,0.14130000,s,l,
1525876486.3889,9270.00000,0.02720000,b,l,
1525810954.148,9234.00000,0.21310000,s,l,
1525810964.6735,9234.00000,0.10000000,s,m,
1525836463.6939,8999.90000,1.00000000,s,m,
1525897960.8566,9265.20000,0.50000000,b,m,
1525810969.6363,9234.00000,0.01420000,s,l,
1525776687.7825,9311.00000,0.00243215,s,l,
1525810972.8964,9234.00000,0.02380000,s,l,
1525803413.1798,9140.00000,0.00476700,b,m,
1525836349.9921,9035.50000,0.62600000,s,m,
1525810983.6574,9233.90000,1.44000000,b,l,
1525820380.108,9198.10000,0.15000000,b,m,
1525810987.1327,9234.10000,0.01094000,b,l,
1525810988.4652,9234.00000,0.22740000,s,l,
1525876525.9789,9270.00000,0.01341000,b,m,
1525810995.711,9233.90000,0.14010366,s,l,
1525811001.5088,9234.10000,0.15000000,s,m,
1525876538.5583,9270.00000,1.00000000,b,l,
1525753932.3298,9405.90000,0.00000413,s,l,
1525811005.1277,9235.90000,0.00143825,b,m,
1525811010.447,9234.00000,0.06504398,s,l,
1525876552.4971,9270.00000,0.00500000,b,l,
1525778214.6864,9203.30000,0.00759288,s,m,
1525862608.0409,9145.40000,0.08000000,b,m,
1525835127.613,9056.70000,0.32000000,s,l,
1525876564.3085,9274.10000,0.05000000,s,m,
1525811030.1947,9234.10000,2.50900000,b,l,
1525876569.7694,9274.20000,0.01078300,b,m,
1525811035.6301,9234.10000,3.00000000,s,l,
1525811038.0234,9234.10000,0.00143825,s,m,
1525811039.767,9234.10000,0.10000000,s,l,
1525769208.7211,9402.70000,1.03241913,b,m,
1525896849.953,9285.00000,0.57440805,b,l,
1525809468.7116,9255.20000,0.11572332,b,l,
1525885928.4181,9371.90000,0.15300000,b,m,
1525798547.5397,9146.00000,0.04210000,s,l,
1525882700.7629,9294.30000,4.76829069,b,m,
1525876604.2234,9274.20000,0.00500000,b,m,
1525811074.9666,9234.00000,0.00500000,s,l,
1525811076.1168,9234.20000,0.01039655,b,l,
1525876624.6175,9274.20000,0.02485001,b,l,
1525811093.1414,9226.00000,0.05570000,s,l,
1525867507.0986,9331.00000,0.00100000,s,l,
1525781059.741,9070.30000,1.01483322,s,l,
1525811100.5298,9226.00000,0.10000000,s,m,
1525831322.359,9164.30000,0.00831787,b,m,
1525785125.1453,9160.30000,0.00305000,s,l,
1525811103.377,9220.00000,0.15100000,s,m,
1525888733.5062,9299.70000,0.02237784,b,l,
1525779620.5588,9231.10000,0.00643069,b,m,
1525772049.3864,9292.30000,0.00552200,b,m,
1525811114.8081,9223.30000,0.15000000,s,m,
1525795183.5532,9191.10000,0.01000000,s,l,
1525810172.4388,9231.30000,0.01153333,s,m,
1525876656.7406,9273.00000,0.77700000,b,l,
1525858182.6573,9115.00000,5.40000000,s,l,
1525885940.7749,9373.90000,0.21182246,b,m,
1525765791.7695,9356.80000,0.52918732,s,l,
1525770892.2539,9331.60000,0.26544294,s,l,
1525876678.5652,9277.10000,0.00323266,b,l,
1525876683.9838,9277.10000,0.44717886,b,l,
1525848206.7101,9068.40000,0.04870000,b,l,
1525835549.7429,9060.40000,2.00000000,b,m,
1525785983.9416,9126.60000,0.00558000,s,m,
1525798563.9595,9144.50000,0.00477811,s,l,
1525835171.4174,9030.10000,0.02000000,s,m,
1525811160.3791,9222.60000,0.17095000,b,m,
1525876698.4307,9273.30000,0.02260000,s,l,
1525876699.8718,9274.30000,0.01078200,b,m,
1525876701.8373,9273.10000,0.00001294,s,m,
1525772926.9863,9248.40000,0.79208470,s,m,
1525885947.545,9379.90000,0.28980000,b,m,
1525811174.8403,9220.00000,0.05692113,s,l,
1525780996.0767,9100.00000,3.00000000,s,l,
1525852236.6553,9050.00000,0.04121219,s,m,
1525778215.9281,9177.00000,0.01984839,s,m,
1525876724.7921,9273.50000,0.00377386,b,l,
1525885950.6629,9367.30000,0.00000005,s,m,
1525836873.0306,9054.70000,0.06000000,b,m,
1525814539.1882,9179.90000,0.02070817,b,l,
1525876729.5021,9269.70000,1.90000000,s,l,
1525754879.4494,9417.70000,0.05275860,b,l,
1525788352.8503,9125.40000,0.00000019,s,l,
1525876734.1353,9268.90000,0.97900622,b,l,
1525811200.5116,9219.10000,0.55000000,s,m,
1525876740.853,9269.00000,0.00699815,b,l,
1525876743.5766,9268.90000,0.08755904,s,l,
1525876745.8865,9268.90000,0.00456177,b,l,
1525876749.8065,9268.90000,0.03000000,b,l,
1525876750.9063,9268.90000,0.03333333,b,l,
1525869156.5654,9302.80000,0.00516946,s,l,
1525876756.3141,9268.90000,0.49367338,b,l,
1525876761.9028,9268.90000,0.04095000,b,l,
1525788353.6267,9125.40000,0.01322935,s,l,
1525876766.3483,9269.00000,2.33527803,b,l,
1525811231.7754,9217.90000,0.10000000,s,l,
1525798576.8148,9144.50000,0.00050178,s,m,
1525876771.7697,9269.00000,0.06000000,b,l,
1525876772.0385,9269.00000,0.01367113,b,m,
1525876774.8366,9269.00000,0.03000000,b,l,
1525876775.4369,9269.00000,0.03000000,b,l,
1525876779.0465,9269.00000,0.04095000,b,l,
1525870902.4225,9275.00000,0.18947319,s,l,
1525896882.6694,9297.60000,0.02210000,s,l,
1525809501.232,9255.20000,0.42039172,b,l,
1525876784.9986,9269.00000,0.15085274,b,l,
1525811249.8558,9218.20000,0.00314463,b,m,
1525772926.875,9252.80000,1.79000000,s,m,
1525876787.4025,9268.90000,0.00100000,s,l,
1525811252.4067,9218.10000,0.03580000,s,l,
1525811255.2997,9218.10000,0.01456485,s,l,
1525765812.6399,9350.40000,0.00534736,s,l,
1525850389.1877,9085.00000,0.07300000,s,l,
1525776737.6032,9310.40000,0.00402149,b,m,
1525896887.9601,9297.90000,0.74920000,b,l,
1525811276.8498,9220.90000,0.01510000,b,l,
1525811282.1767,9218.20000,0.30000000,s,l,
1525811283.9168,9218.20000,0.00506186,s,l,
1525811284.2652,9220.90000,0.20000000,b,m,
1525876821.1471,9268.80000,0.04147801,s,l,
1525876822.3176,9268.90000,0.00500000,b,l,
1525888739.2835,9300.00000,0.38355632,b,l,
1525811292.5136,9219.00000,0.09050000,s,l,
1525811305.7261,9219.10000,0.06240000,b,l,
1525858188.2871,9115.00000,2.44812023,s,l,
1525827379.4837,9126.40000,0.01620000,b,l,
1525764926.0719,9344.00000,0.19357959,s,l,
1525842684.6621,9023.60000,0.07987377,b,l,
1525842282.7588,9063.60000,0.00932266,s,l,
1525811327.8934,9218.30000,0.02462686,b,l,
1525876867.0737,9269.00000,0.01888095,b,l,
1525867051.7836,9239.40000,20.00000000,b,m,
1525766534.2555,9356.50000,0.27529430,b,m,
1525864129.785,9215.20000,0.09524152,s,m,
1525842284.2634,9073.10000,1.00000000,b,m,
1525876878.4448,9269.00000,0.07628208,b,l,
1525811345.5723,9218.10000,0.00500000,s,l,
1525765827.7061,9354.60000,0.02000000,b,m,
1525770899.8219,9333.00000,0.00768234,s,l,
1525876885.2556,9269.00000,0.05000000,b,l,
1525786668.5847,9122.10000,0.19051316,s,l,
1525811354.8039,9218.30000,0.02000000,b,m,
1525876897.758,9269.00000,0.44397700,b,l,
1525884377.5725,9301.10000,0.00004138,s,m,
1525811365.8884,9218.20000,0.08985255,b,l,
1525858190.7494,9115.00000,0.04432600,s,l,
1525766155.3857,9361.00000,0.11482963,b,l,
1525798599.5775,9135.00000,0.00203187,s,m,
1525875058.2518,9257.00000,0.09500000,s,l,
1525838550.4659,9013.10000,0.15066025,b,l,
1525876914.0572,9269.00000,0.01908119,b,l,
1525842292.5257,9049.00000,0.00300000,s,m,
1525876922.3041,9269.00000,0.12919356,b,l,
1525831370.2616,9163.70000,0.00032994,s,l,
1525834186.7453,9104.20000,0.10405218,b,l,
1525876929.7482,9269.00000,0.01078900,b,m,
1525870903.0319,9275.00000,0.21880000,s,l,
1525776758.9166,9310.00000,0.07344382,s,l,
1525885985.7644,9371.10000,0.00766364,s,l,
1525798599.7261,9135.00000,1.90360796,s,l,
1525888743.7782,9300.00000,0.34707861,b,l,
1525895290.8158,9281.40000,0.13856851,s,l,
1525876956.478,9269.00000,0.01641035,b,l,
1525870888.0951,9275.00000,0.24420000,s,l,
1525876960.3093,9269.00000,5.00000000,b,l,
1525896912.0421,9297.60000,0.02720000,s,l,
1525768818.66,9393.40000,1.79000000,b,m,
1525830453.0737,9172.70000,0.02563589,b,m,
1525876967.474,9269.00000,1.32000000,b,l,
1525876970.2291,9269.00000,6.00000000,b,l,
1525876971.3013,9269.00000,1.37000000,b,l,
1525876972.1801,9268.90000,1.00000000,s,l,
1525876973.7019,9269.00000,0.17838352,b,l,
1525876974.0712,9269.00000,2.04000000,b,l,
1525876975.5183,9269.00000,0.77000000,b,l,
1525811441.4923,9210.10000,0.01055900,s,l,
1525769378.0396,9395.20000,0.00743547,b,m,
1525811446.1212,9210.00000,0.00270000,s,l,
1525876983.1656,9269.00000,0.00210396,b,l,
1525811449.7476,9210.00000,0.04907220,s,l,
1525876992.4839,9268.90000,0.01000000,s,l,
1525787691.8315,9119.90000,0.09368271,s,m,
1525811460.1986,9209.90000,0.00500000,s,l,
1525877003.0641,9268.90000,0.04987272,s,l,
1525842306.8894,9055.00000,0.04000000,s,m,
1525877006.2312,9268.90000,0.13000000,s,m,
1525877008.0459,9269.00000,0.00230300,b,l,
1525811473.4314,9209.70000,0.98195097,b,l,
1525865068.4832,9230.20000,0.01090000,s,l,
1525785328.1933,9159.00000,0.00027250,s,l,
1525780995.0411,9100.00000,0.22790716,s,l,
1525798617.893,9118.30000,0.10000000,s,m,
1525811480.0737,9209.60000,0.18030000,s,l,
1525842308.26,9055.00000,0.34590000,s,l,
1525885999.1472,9371.00000,0.00600000,s,m,
1525811485.1149,9209.60000,0.03835693,s,l,
1525877022.3286,9269.00000,0.50000000,b,m,
1525867466.352,9435.00000,0.00019504,b,m,
1525877028.2361,9269.00000,0.47817067,b,l,
1525776774.775,9310.80000,0.00309981,b,m,
1525811497.1437,9209.60000,1.00000000,s,l,
1525816784.7191,9171.30000,0.09325070,s,l,
1525877038.4014,9269.00000,0.12000000,b,l,
1525811508.946,9209.60000,0.06475956,s,l,
1525811509.495,9209.60000,0.01030000,s,l,
1525811510.8568,9209.60000,5.22507696,s,l,
1525787700.1523,9115.10000,0.00200000,s,m,
1525896928.3951,9297.60000,0.02360000,s,l,
1525877064.9975,9268.90000,0.18200000,s,m,
1525877065.008,9267.90000,2.15600000,s,m,
1525877070.0485,9269.00000,0.01078900,b,m,
1525811538.7351,9210.00000,2.00000000,b,l,
1525811539.1587,9211.10000,0.01970022,s,l,
1525875086.881,9263.00000,0.00500000,b,m,
1525870904.5795,9275.00000,0.07890641,s,l,
1525877085.4078,9269.00000,1.42000000,b,m,
1525877086.6889,9269.00000,0.00574201,b,m,
1525877091.5634,9269.00000,0.03452786,b,l,
1525811558.8238,9214.80000,0.09160000,s,l,
1525877100.8847,9269.00000,0.14922538,b,l,
1525756118.7653,9358.00000,0.12940928,s,l,
1525896936.0722,9297.60000,0.00000915,s,m,
1525809060.1384,9239.00000,0.00599571,b,l,
1525886014.1047,9369.30000,1.94208962,b,m,
1525866926.2934,9215.60000,0.06440000,b,l,
1525877117.6999,9269.80000,0.09369849,b,l,
1525811591.2376,9214.90000,0.20580000,s,l,
1525811594.4346,9214.90000,0.01446382,s,l,
1525867505.4235,9331.00000,0.00500000,s,l,
1525801459.7393,9144.20000,0.04003939,s,m,
1525877139.07,9269.80000,2.37225361,b,l,
1525864174.7055,9218.80000,0.01321117,b,m,
1525858198.2026,9115.00000,0.00217404,s,l,
1525877145.3854,9270.00000,0.00055500,b,l,
1525811613.9751,9214.90000,0.00627570,s,l,
1525811614.6832,9215.00000,0.09510000,b,l,
1525811616.4783,9215.00000,0.22540000,b,l,
1525831409.1013,9164.70000,0.00200000,s,l,
1525780996.0908,9100.00000,0.00200000,s,l,
1525813023.1808,9154.60000,1.00000000,s,m,
1525811632.5729,9215.00000,0.02930000,b,l,
1525867413.1763,9317.70000,0.11300000,b,m,
1525803255.6069,9100.00000,0.10000000,s,l,
1525867830.8912,9312.90000,0.98926200,b,m,
1525776799.1984,9311.10000,0.00491708,s,m,
1525811645.059,9214.90000,0.00234173,s,l,
1525809568.7408,9255.20000,0.00000752,b,m,
1525811650.2897,9214.90000,0.01000000,s,l,
1525776038.3383,9276.70000,2.00000000,s,m,
1525811385.3063,9218.00000,0.00500000,s,l,
1525886591.5668,9361.10000,0.06938312,b,l,
1525853927.7178,9070.40000,0.21118862,b,l,
1525877198.2061,9280.70000,0.30000000,b,m,
1525863572.4695,9206.40000,0.18271055,b,m,
1525811673.9635,9214.80000,0.00307843,s,l,
1525788368.5838,9125.50000,0.00256825,b,l,
1525877213.6105,9287.20000,0.08200000,b,m,
1525811678.233,9214.90000,1.00000000,b,l,
1525871294.3717,9271.00000,0.02460000,s,l,
1525811683.4796,9215.00000,0.10400000,b,l,
1525877841.7731,9299.80000,0.25000000,b,l,
1525780967.5515,9116.00000,0.10000000,s,l,
1525809575.2086,9255.00000,0.01672319,s,l,
1525811693.6396,9215.00000,0.10560000,b,l,
1525870905.6232,9275.00000,8.78545887,s,l,
1525811698.5703,9215.00000,0.01130000,b,l,
1525836862.3099,9042.40000,0.00739238,b,l,
1525815476.8486,9210.00000,0.00997407,s,m,
1525811706.5526,9215.00000,0.01081239,b,m,
1525760047.1225,9361.60000,0.04891308,b,l,
1525804169.1906,9200.00000,0.99880579,b,m,
1525798656.4342,9116.30000,0.43430842,s,m,
1525842347.8138,9044.40000,0.11133333,s,l,
1525811725.2776,9215.00000,0.05115900,b,l,
1525836350.0549,9019.30000,2.70542236,s,m,
1525868723.522,9280.10000,0.52310347,b,l,
1525798599.7392,9135.00000,0.20523237,s,l,
1525811734.1984,9214.90000,0.01501928,s,l,
1525836463.6673,9000.00000,0.01000000,s,m,
1525770912.8921,9333.50000,0.46419656,s,m,
1525786188.8973,9128.00000,0.01000000,s,m,
1525842353.147,9036.40000,0.00415600,s,m,
1525871044.7784,9274.90000,1.00000000,b,m,
1525825408.366,9128.90000,3.30000000,s,m,
1525864200.9699,9213.30000,0.01860000,b,l,
1525877299.8003,9281.50000,0.01077400,b,m,
1525778215.9415,9177.00000,0.22143000,s,m,
1525867466.3158,9420.30000,0.07375141,b,m,
1525863130.6454,9160.90000,0.29000000,b,m,
1525782440.1847,9111.10000,0.07229503,s,m,
1525811779.5188,9214.90000,0.05420810,s,l,
1525811781.942,9214.90000,0.20580000,s,l,
1525799283.7445,9129.90000,0.04000000,s,m,
1525811788.1226,9214.90000,0.02750000,s,l,
1525863486.1796,9214.80000,0.05688579,b,m,
1525811794.5347,9214.90000,0.00641347,s,l,
1525836463.2775,9014.70000,3.40000000,s,m,
1525811803.6431,9214.90000,0.09880000,s,l,
1525803413.1925,9144.90000,1.64000000,b,m,
1525811805.6128,9214.90000,0.10823457,s,l,
1525877342.823,9279.70000,0.10000000,b,m,
1525877344.6223,9279.70000,0.12920600,b,l,
1525877345.9059,9279.70000,0.12978502,b,l,
1525781125.9757,9069.50000,0.16100000,b,l,
1525877348.4734,9279.20000,0.23748973,b,l,
1525877349.1206,9279.20000,1.50000000,b,l,
1525877350.9797,9279.20000,0.11728251,b,l,
1525896977.5302,9297.60000,0.08530000,s,m,
1525756099.8617,9368.00000,0.23795000,s,l,
1525768744.2568,9395.50000,1.62024365,b,m,
1525811823.5493,9214.80000,0.00192157,s,l,
1525877360.0205,9279.20000,0.05151190,b,l,
1525877361.8671,9279.20000,0.25817932,b,l,
1525811828.2064,9214.90000,0.02037553,b,m,
1525877365.7682,9279.10000,0.03840000,s,l,
1525827261.7674,9140.00000,0.74806016,s,m,
1525869117.7174,9303.50000,0.22520000,b,m,
1525877377.7663,9279.20000,0.24139754,b,l,
1525877378.3066,9279.20000,0.01886408,b,l,
1525870906.0278,9275.00000,0.02500000,s,m,
1525816822.7303,9172.10000,0.05088600,s,m,
1525877385.4224,9279.20000,0.18613030,b,l,
1525877386.9691,9279.20000,0.00757058,b,l,
1525809602.7489,9243.20000,1.79000000,s,l,
1525811856.3886,9207.70000,0.00392247,s,l,
1525888393.4483,9296.40000,0.00116234,s,m,
1525811859.5519,9207.60000,0.00500000,b,l,
1525768777.2972,9385.90000,0.02195171,b,m,
1525877400.8822,9279.20000,0.76500000,b,l,
1525877401.8012,9279.20000,0.09935991,b,l,
1525811866.8095,9201.00000,0.02500000,s,l,
1525811867.1435,9201.00000,0.08970000,s,l,
1525877406.0892,9279.20000,1.26369331,b,l,
1525811871.0883,9204.30000,0.00084513,b,m,
1525877411.1265,9279.20000,0.00280000,b,l,
1525809606.3484,9235.00000,1.00000000,b,l,
1525877415.5023,9279.20000,0.01077700,b,m,
1525811881.9343,9200.00000,0.00200000,s,l,
1525811882.7656,9199.10000,0.08582820,b,l,
1525877421.3904,9279.20000,0.00100000,b,m,
1525811887.2117,9201.20000,0.08985255,s,l,
1525877426.2646,9287.30000,0.09300000,b,l,
1525877436.5953,9287.20000,0.09570800,b,l,
1525811901.935,9200.00000,0.01500000,b,l,
1525811905.9518,9204.20000,0.00230000,b,m,
1525811909.7928,9204.30000,0.00425277,b,m,
1525877446.8909,9286.10000,0.20000000,s,m,
1525878475.0482,9302.30000,0.03219629,s,m,
1525811913.146,9207.70000,0.01000000,b,m,
1525877450.9482,9287.30000,0.70470000,b,l,
1525877451.1891,9287.30000,0.10758293,b,l,
1525877453.1386,9287.30000,0.18376320,b,l,
1525886072.5347,9354.50000,0.01282805,s,m,
1525877459.6665,9286.80000,0.00935482,b,l,
1525776153.0151,9287.10000,0.00067669,b,m,
1525877463.4969,9286.80000,0.00460057,b,l,
1525811928.5418,9203.40000,0.02100000,s,l,
1525809615.5831,9244.00000,0.00242976,b,m,
1525877470.5888,9286.80000,0.08460000,b,l,
1525811936.7783,9205.20000,0.01000000,s,l,
1525877473.1465,9286.80000,0.19012500,b,l,
1525825408.3315,9133.70000,0.01308605,s,m,
1525867051.7971,9246.30000,3.00000000,b,m,
1525811941.5283,9206.30000,0.20610000,s,l,
1525842385.0874,9045.50000,0.02655544,b,l,
1525877480.3748,9287.20000,0.19001250,b,l,
1525811945.4449,9209.50000,0.05036817,s,l,
1525811947.394,9209.50000,0.22467203,s,l,
1525877487.8891,9295.00000,0.08373965,b,l,
1525877488.3195,9295.00000,0.01626035,b,l,
1525877489.4093,9296.80000,0.15391879,b,l,
1525877490.8769,9289.70000,0.17085900,b,l,
1525811955.815,9209.50000,0.20600000,s,l,
1525811956.6708,9209.50000,0.20600000,s,l,
1525811959.0324,9206.40000,0.11221296,s,l,
1525863417.3753,9213.40000,1.03327230,b,m,
1525877499.2489,9291.40000,0.10605035,b,l,
1525787777.0224,9116.80000,0.00003134,s,m,
1525886082.8101,9362.30000,0.00000001,b,l,
1525811982.8489,9209.90000,0.30000000,s,l,
1525811988.0558,9210.00000,5.00000000,b,l,
1525877529.7836,9289.20000,0.01075900,b,m,
1525811994.6621,9214.90000,0.03730000,s,l,
1525877532.504,9289.20000,0.02050000,b,l,
1525809626.9119,9233.30000,0.00746072,s,m,
1525877535.3748,9289.10000,0.31910063,b,l,
1525778215.7917,9180.00000,0.00600000,s,m,
1525877541.8078,9289.20000,0.00580000,b,l,
1525877542.5872,9289.20000,0.62930000,b,l,
1525765937.4592,9362.00000,1.00000000,b,l,
1525868295.5079,9275.50000,0.00229007,s,m,
1525842396.5914,9044.90000,0.02590280,b,l,
1525820279.2771,9183.90000,0.00005644,s,m,
1525812024.2368,9215.00000,0.18000000,b,m,
1525877561.8432,9289.20000,1.00000000,b,l,
1525812026.5373,9214.90000,0.00204800,s,m,
1525799291.9801,9129.90000,0.95800000,s,m,
1525831477.477,9164.80000,0.01200000,b,m,
1525867191.3868,9240.90000,0.09000000,s,l,
1525877569.5061,9294.20000,0.05408742,b,l,
1525877572.6148,9294.20000,0.21780000,b,l,
1525886092.0807,9360.40000,1.00000000,s,l,
1525798712.8649,9118.10000,0.00296225,b,l,
1525812050.4857,9214.90000,0.01085305,s,l,
1525812051.9607,9214.90000,0.79997000,s,l,
1525858089.3576,9109.60000,0.97900622,b,l,
1525850441.299,9079.80000,0.00790000,b,m,
1525842404.0298,9044.60000,0.00572572,b,l,
1525853327.5083,9035.00000,0.00050956,s,m,
1525864760.7429,9212.20000,0.94410000,s,m,
1525877601.0732,9290.20000,0.19750000,b,l,
1525842406.7313,9043.10000,0.04169550,s,l,
1525832276.6448,9148.40000,1.79000000,s,l,
1525842408.6952,9043.40000,0.03287878,b,l,
1525812085.3747,9214.90000,0.14982895,s,l,
1525877622.2714,9290.10000,0.05462139,b,l,
1525842409.7205,9043.40000,0.03287878,b,l,
1525812089.0537,9215.00000,0.01000000,b,m,
1525877632.4215,9290.10000,0.11000000,b,m,
1525812098.614,9215.00000,0.03050971,b,l,
1525756098.5832,9368.00000,0.00418778,s,l,
1525877638.9906,9290.10000,0.36000000,b,m,
1525877642.3284,9290.10000,0.03228000,b,l,
1525867265.5534,9292.30000,1.48953056,b,m,
1525886591.5554,9360.40000,1.00000000,b,l,
1525885607.1249,9340.00000,0.10458235,b,l,
1525853336.2147,9036.80000,1.00000000,b,l,
1525877652.0998,9290.10000,0.01076400,b,m,
1525867191.222,9302.80000,7.14600000,b,m,
1525753503.8383,9405.00000,0.00764956,s,m,
1525877663.305,9290.10000,0.25700000,b,m,
1525834252.6145,9099.10000,0.04340029,s,m,
1525842418.5603,9043.30000,0.00330855,b,l,
1525877679.9777,9290.10000,0.12797920,b,l,
1525877690.8514,9290.10000,0.01149395,b,l,
1525781436.1093,9090.80000,0.00000001,b,l,
1525877696.6583,9290.10000,0.00660000,b,l,
1525867506.6822,9331.00000,0.02000000,s,l,
1525812166.9928,9215.00000,1.00000000,b,l,
1525768744.2517,9390.50000,0.06000000,b,m,
1525877705.9231,9290.10000,0.25000000,b,m,
1525877706.2401,9290.10000,0.14732511,b,l,
1525812172.888,9214.90000,0.00051148,s,l,
1525877712.9031,9290.10000,0.21900000,b,l,
1525869314.3488,9305.30000,0.70751569,b,m,
1525842425.1327,9043.30000,0.18516853,b,l,
1525877720.0561,9290.10000,0.01457099,b,l,
1525839496.9214,9029.30000,0.06000000,b,l,
1525854245.5004,9102.00000,0.00098299,s,l,
1525875194.4432,9260.00000,0.19000000,b,m,
1525812191.7564,9214.90000,0.02440000,s,l,
1525759972.8684,9341.90000,0.00000511,b,m,
1525835556.5785,9060.30000,0.01280000,b,m,
1525842429.3226,9043.20000,0.01514880,b,l,
1525771398.4362,9295.30000,0.19359718,b,m,
1525873494.453,9290.00000,0.04663982,b,l,
1525812217.1993,9214.90000,1.07306848,s,l,
1525771407.4206,9288.00000,0.00000003,s,m,
1525812391.2273,9174.10000,0.01360000,b,l,
1525812223.4591,9214.90000,0.52041439,s,l,
1525804169.2382,9211.60000,0.20000000,b,m,
1525842432.3737,9031.20000,0.02707535,s,m,
1525877763.0553,9290.10000,0.24159277,b,l,
1525877765.1102,9290.10000,0.01076400,b,m,
1525877771.513,9290.10000,5.00000000,b,l,
1525877774.7525,9294.90000,1.70000000,b,l,
1525787821.7946,9119.80000,0.13000000,b,l,
1525778904.6525,9202.60000,0.21870000,s,m,
1525812244.603,9214.80000,0.21165333,b,m,
1525780887.3104,9150.00000,0.30000000,s,m,
1525885748.71,9383.80000,0.06391315,b,m,
1525774017.6033,9303.20000,0.19888011,b,m,
1525864283.9564,9203.10000,0.00721230,s,m,
1525842976.8898,9034.70000,0.00036444,b,l,
1525877799.0477,9297.00000,0.00580000,b,l,
1525809134.0944,9252.80000,0.16857688,b,m,
1525864767.4397,9219.30000,0.00360000,b,m,
1525812276.2388,9210.00000,0.20600000,s,l,
1525836349.9739,9041.00000,0.80000000,s,m,
1525812278.3028,9211.10000,0.18340853,b,l,
1525877816.6629,9299.90000,0.30000000,b,l,
1525897073.2355,9297.40000,0.22244767,b,l,
1525798751.111,9118.10000,0.00649565,b,l,
1525812287.7563,9210.00000,0.01981000,s,l,
1525824447.9242,9145.60000,1.00000000,s,m,
1525812299.5655,9195.00000,0.50053000,s,m,
1525812302.4944,9196.00000,0.80000000,s,l,
1525875213.6954,9259.90000,0.02171199,s,m,
1525877841.79,9299.80000,0.10000000,b,l,
1525780980.8937,9110.00000,1.00000000,s,l,
1525798599.7464,9135.00000,0.25000000,s,l,
1525786207.5728,9128.10000,0.00013527,b,l,
1525812315.8363,9185.90000,0.50000000,s,m,
1525835807.1088,9023.20000,0.01500000,s,m,
1525812322.7065,9186.00000,0.20650000,s,l,
1525812323.512,9186.10000,0.01483164,b,m,
1525835171.4838,9028.70000,0.00041980,s,m,
1525877864.6676,9300.00000,0.00537700,b,m,
1525784724.1372,9140.00000,0.40000000,b,l,
1525803988.5538,9166.60000,1.80609548,s,l,
1525877870.7056,9300.00000,0.00100000,b,m,
1525812336.4554,9184.00000,0.66933751,s,l,
1525758691.532,9343.20000,0.00374411,b,m,
1525758194.8301,9350.00000,0.50000000,s,l,
1525755695.0082,9401.70000,0.01872945,s,m,
1525812345.7072,9184.40000,0.00500000,s,m,
1525782493.5331,9114.00000,0.00000040,s,l,
1525877886.8676,9300.00000,0.01075300,b,m,
1525842453.8265,9044.60000,0.01012845,b,l,
1525838892.4221,8962.40000,0.00000722,s,m,
1525855673.7164,9117.40000,1.00000000,b,m,
1525765997.297,9357.00000,0.11470000,s,l,
1525888775.5774,9300.00000,0.10000000,b,l,
1525812373.1787,9179.30000,0.01000000,s,m,
1525877912.0562,9300.00000,0.20000000,b,m,
1525781001.2445,9088.80000,0.05137542,s,m,
1525812383.0542,9179.30000,0.01666670,s,l,
1525775298.33,9329.40000,0.00888430,b,l,
1525803268.9761,9090.00000,0.02200000,s,m,
1525768227.975,9378.80000,0.03234686,b,m,
1525812390.4655,9169.40000,0.05304946,s,m,
1525897073.2414,9297.50000,0.00637725,b,l,
1525888776.4609,9300.00000,0.16575816,b,l,
1525838176.1112,9030.80000,0.00520000,b,m,
1525812403.1873,9174.10000,0.00572572,b,l,
1525776926.645,9306.70000,0.05847841,s,m,
1525872227.2321,9275.00000,0.02500000,s,m,
1525836463.7077,8999.90000,0.20000000,s,m,
1525812415.1137,9170.00000,0.00000336,s,l,
1525877952.436,9300.00000,0.08570000,b,l,
1525812428.4934,9171.10000,0.00250510,b,l,
1525812429.1915,9172.40000,0.00253705,b,l,
1525789600.1669,9175.00000,0.12500000,b,l,
1525812439.8787,9173.80000,0.00000515,b,l,
1525898457.0146,9276.30000,0.68158823,b,m,
1525849524.5325,9071.90000,0.01176944,s,m,
1525882700.7462,9293.60000,0.44856565,b,m,
1525877816.6467,9297.00000,0.06894398,b,l,
1525812458.8294,9173.80000,0.11851787,b,l,
1525878003.1233,9300.00000,0.00792400,b,l,
1525885696.1083,9353.00000,0.11666961,b,m,
1525897087.9467,9288.60000,0.01600000,b,m,
1525812478.6986,9176.40000,0.22030000,s,l,
1525812479.8916,9174.00000,0.13639378,s,l,
1525812480.6666,9176.40000,0.03980000,s,l,
1525878019.2583,9305.00000,0.00239562,s,m,
1525878032.3847,9305.40000,0.53885947,s,m,
1525812498.1796,9176.50000,0.00300000,b,l,
1525781121.1094,9066.80000,0.21690000,s,l,
1525867466.2821,9403.80000,0.10327600,b,m,
1525885596.4917,9339.00000,0.35000000,b,m,
1525878055.3658,9310.90000,0.03840000,b,m,
1525821130.4045,9226.30000,0.00336177,b,l,
1525809134.1527,9258.40000,0.50000000,b,m,
1525768876.6272,9400.90000,2.21800000,b,m,
1525895327.6628,9281.50000,0.05387000,b,l,
1525835129.7844,9052.60000,0.28826254,s,l,
1525781002.3913,9088.80000,0.25000000,s,m,
1525812530.3007,9176.50000,0.00728557,b,l,
1525878067.7667,9311.00000,0.01924700,b,m,
1525846752.4162,9061.30000,0.02135468,b,m,
1525812540.5188,9176.50000,0.09098780,b,l,
1525814584.3563,9170.50000,0.09820432,s,m,
1525838589.4941,9003.00000,0.20449801,s,m,
1525812553.3315,9176.40000,0.65385000,s,l,
1525878092.5816,9305.70000,0.01000000,s,m,
1525801491.424,9144.50000,0.18307431,b,l,
1525867506.3629,9331.00000,0.00500000,s,l,
1525867339.3836,9329.10000,0.23178692,s,l,
1525864336.1704,9208.00000,0.01901642,b,m,
1525780887.1957,9150.10000,0.01000000,s,l,
1525885408.9629,9303.00000,0.16524761,s,m,
1525878125.8962,9311.00000,0.01074000,b,m,
1525812593.1482,9176.50000,0.11033700,b,l,
1525870652.6692,9284.00000,6.58802461,b,l,
1525878136.6507,9311.00000,0.00293678,b,l,
1525842495.604,9036.00000,0.60000000,s,l,
1525878150.1969,9302.80000,0.14800000,s,m,
1525812615.796,9176.40000,0.01000000,s,l,
1525837741.1715,9029.60000,0.20386837,s,m,
1525869143.7952,9302.90000,0.01971033,b,m,
1525791020.1254,9122.80000,3.30000000,b,l,
1525812623.2562,9176.40000,1.47604445,b,l,
1525897114.0541,9288.50000,0.09900000,s,m,
1525880055.6831,9307.20000,0.10800000,b,m,
1525863696.0414,9210.00000,0.80000000,b,l,
1525779257.0896,9232.00000,0.00314624,b,m,
1525878183.0889,9309.90000,0.63522324,b,l,
1525878184.8731,9313.00000,0.02148000,b,m,
1525878189.8778,9309.60000,0.15000000,b,m,
1525798813.8826,9128.70000,0.22314993,s,l,
1525867413.1866,9317.70000,0.04500000,b,m,
1525870475.4845,9284.70000,0.10950924,s,l,
1525878203.4348,9308.00000,0.00500000,s,m,
1525878216.1482,9308.40000,0.09440465,b,l,
1525776972.2549,9313.10000,0.00432367,b,l,
1525812682.3461,9175.70000,0.04501691,b,l,
1525812683.7962,9164.60000,0.19000000,s,m,
1525878223.5379,9308.10000,0.01289200,b,l,
1525840192.3371,9000.00000,0.22019874,s,m,
1525884878.9936,9303.70000,0.11120000,b,l,
1525878227.8441,9312.90000,0.00241817,b,l,
1525878229.6953,9309.20000,0.12950000,b,l,
1525779673.8382,9231.10000,0.12037830,b,l,
1525878235.6007,9310.90000,0.00100000,s,l,
1525878237.2059,9311.00000,0.28760000,b,l,
1525878239.6264,9311.00000,0.00231070,b,l,
1525836412.7116,9034.00000,0.10000000,b,l,
1525878244.5218,9311.00000,0.23250000,b,l,
1525878245.5318,9311.00000,0.23250000,b,l,
1525878246.3712,9311.00000,0.13198930,b,l,
1525878251.3974,9311.10000,0.01074000,b,m,
1525812717.0751,9164.40000,0.00237275,s,l,
1525878254.5746,9311.10000,0.23250000,b,l,
1525812719.3051,9164.40000,0.20000000,s,l,
1525878256.5897,9311.10000,0.23250000,b,l,
1525878258.181,9311.10000,0.00413778,b,l,
1525878263.2633,9311.10000,0.23250000,b,l,
1525878266.0193,9311.10000,0.23250000,b,l,
1525878267.4024,9311.10000,0.05512222,b,l,
1525768789.4352,9387.90000,1.00000000,b,m,
1525858014.9854,9107.80000,0.06000000,s,m,
1525878275.518,9313.00000,0.15331376,b,l,
1525812746.8732,9166.40000,0.01401100,b,l,
1525867754.4098,9314.60000,1.00000000,b,m,
1525812750.9762,9164.60000,0.12023511,b,l,
1525853113.0934,9037.60000,0.15243983,s,m,
1525764861.4744,9349.10000,0.02478435,b,l,
1525768764.3841,9386.40000,0.22980000,b,m,
1525842961.8169,9034.80000,0.00200000,b,l,
1525785983.9335,9126.70000,0.02470414,s,m,
1525836463.533,9000.00000,0.00689657,s,m,
1525867754.4335,9317.90000,1.50000000,b,m,
1525812790.491,9166.30000,0.00647738,b,l,
1525864372.5992,9216.90000,0.00645170,b,m,
1525878331.4546,9313.00000,0.00600000,b,m,
1525878333.2225,9310.80000,0.00008753,s,m,
1525772979.9923,9258.90000,0.01996946,b,l,
1525753944.2059,9406.00000,0.00464635,b,l,
1525835560.1961,9068.00000,2.78590000,b,m,
1525878342.8676,9313.00000,0.00912000,b,m,
1525878344.6021,9313.00000,1.00000000,b,l,
1525829728.1439,9163.60000,0.06411002,s,l,
1525863703.7591,9209.90000,0.46781313,b,l,
1525812832.214,9164.90000,0.31324000,b,l,
1525834234.488,9099.10000,0.00229854,s,l,
1525878371.9496,9316.90000,0.01073300,b,m,
1525812838.7395,9165.00000,0.05546209,b,l,
1525780916.0883,9145.00000,0.09133618,b,l,
1525812843.0886,9164.60000,0.07900000,s,m,
1525812847.5228,9165.00000,0.00620000,b,m,
1525758691.5283,9343.20000,0.17732436,b,m,
1525812850.0682,9164.80000,0.00301786,s,l,
1525808064.202,9233.30000,0.20150000,b,m,
1525812853.0456,9165.00000,0.61755531,b,m,
1525773132.699,9292.00000,0.05610000,s,l,
1525812874.3513,9166.00000,1.00000000,b,l,
1525820695.1248,9206.10000,0.01056400,s,l,
1525812877.8995,9166.20000,0.00000518,b,l,
1525888792.0534,9300.00000,10.00000000,b,m,
1525878425.2046,9316.90000,0.41896124,b,l,
1525842543.1299,9026.60000,0.20000000,s,l,
1525867830.9314,9331.80000,3.00000000,b,m,
1525878436.8902,9316.70000,0.00200000,s,l,
1525806755.0965,9240.40000,0.21402600,s,l,
1525809779.4677,9233.70000,0.05000000,s,m,
1525777012.7231,9307.00000,0.80000000,s,l,
1525893821.6781,9250.20000,0.08440363,s,m,
1525783892.0224,9149.00000,0.01443062,b,m,
1525878461.3035,9316.60000,0.00707157,s,l,
1525842550.3908,9026.40000,0.28170000,s,m,
1525774458.7311,9319.40000,0.00637644,b,l,
1525878474.9812,9300.00000,1.23570324,s,m,
1525878475.0015,9294.40000,0.15000000,s,m,
1525812415.104,9173.20000,0.01666670,s,l,
1525862607.967,9140.00000,0.10328307,b,l,
1525878333.209,9312.80000,0.00445907,s,m,
1525836349.985,9035.50000,0.01822593,s,m,
1525809787.5413,9233.80000,0.15465164,b,m,
1525867051.7496,9228.10000,3.50000000,b,m,
1525888795.2833,9300.00000,0.24928282,b,l,
1525809788.6524,9233.70000,0.01999411,s,l,
1525862608.0013,9142.60000,0.00210000,b,m,
1525766098.4131,9354.40000,0.28520000,s,l,
1525878516.2781,9304.60000,0.11983745,b,l,
1525881875.9934,9281.20000,0.08778732,s,l,
1525848695.3591,9066.10000,0.00000904,b,l,
1525867466.3542,9435.00000,0.00000031,b,m,
1525812989.3869,9164.40000,0.00440000,s,l,
1525868295.5104,9275.50000,0.00000457,s,m,
1525878540.4754,9306.70000,0.02740000,b,l,
1525878542.6832,9306.70000,0.02740000,b,l,
1525834252.6281,9085.20000,0.36430000,s,m,
1525869156.6579,9301.50000,0.80000000,s,m,
1525813012.6955,9164.60000,0.00217404,b,l,
1525803618.3878,9158.00000,0.20000000,b,m,
1525878553.8787,9306.00000,0.10713219,b,l,
1525813023.1738,9164.30000,0.00500000,s,m,
1525878561.9468,9306.30000,0.18970000,b,l,
1525780995.062,9100.00000,0.00549000,s,l,
1525813028.8116,9166.20000,0.00527959,b,l,
1525878566.1112,9306.30000,0.06970000,b,l,
1525878573.5075,9306.30000,0.06670000,b,l,
1525778215.9074,9177.00000,0.00983761,s,m,
1525761688.1283,9318.00000,0.21150000,s,m,
1525759183.1244,9330.80000,0.20000000,b,l,
1525785370.1699,9159.20000,0.39780672,b,l,
1525878589.53,9303.20000,0.00426162,s,l,
1525784724.1444,9140.00000,0.00000070,b,l,
1525878595.378,9298.60000,0.00613248,s,m,
1525878600.9365,9300.00000,1.97422838,b,l,
1525776038.2901,9282.50000,0.08500307,s,m,
1525813069.6976,9151.10000,0.00236154,s,m,
1525768901.334,9402.60000,2.47600000,b,m,
1525878609.8092,9308.90000,0.01074200,b,m,
1525816784.6894,9175.20000,0.00490300,s,l,
1525808502.3172,9211.70000,0.19000000,s,l,
1525813085.3361,9160.00000,0.54204140,b,l,
1525834606.3379,9090.00000,0.00200000,b,l,
1525842576.6119,9029.00000,0.22490000,b,l,
1525759183.1144,9330.70000,0.03030000,b,l,
1525878638.3224,9308.80000,0.00375984,b,l,
1525878650.6826,9308.80000,0.10000000,b,m,
1525760047.1129,9355.30000,0.00000765,b,l,
1525878672.0583,9308.00000,0.11489832,b,l,
1525813137.6458,9155.60000,0.01308605,s,m,
1525863499.4946,9203.50000,0.65800622,s,m,
1525859567.8034,9126.90000,0.10000000,s,l,
1525768777.3282,9389.80000,3.00000000,b,m,
1525878695.489,9307.80000,0.26947593,b,l,
1525842588.0166,9027.20000,0.15695934,s,m,
1525813162.6017,9156.10000,0.10000000,s,l,
1525813163.4628,9156.20000,0.00995807,b,l,
1525813170.4709,9157.00000,0.80000000,b,l,
1525864435.7977,9220.00000,0.05000000,b,m,
1525813174.1156,9156.30000,0.05321122,s,m,
1525813177.2226,9158.90000,0.01370254,b,l,
1525813179.9323,9157.70000,0.01390000,s,l,
1525878716.7613,9307.20000,0.00015000,s,l,
1525813181.8803,9160.00000,0.01000000,b,l,
1525813186.8182,9161.00000,0.01230000,b,l,
1525878726.3255,9305.40000,0.01074500,b,m,
1525830453.05,9166.90000,1.00000000,b,m,
1525755212.1553,9422.80000,0.00000049,s,l,
1525813194.4958,9156.50000,0.25000000,b,l,
1525813195.6319,9156.00000,0.25000000,b,l,
1525813197.106,9156.00000,0.53310000,b,l,
1525867313.512,9345.00000,0.25000000,b,m,
1525836555.735,9032.70000,0.63301000,b,m,
1525878739.331,9301.70000,0.05000000,b,l,
1525835171.6302,9028.00000,0.04990890,s,m,
1525878742.1532,9278.70000,0.39429676,s,m,
1525831673.7243,9163.70000,0.00900000,b,m,
1525878744.2544,9283.20000,0.01042246,s,m,
1525836463.4685,9000.00000,0.00440000,s,m,
1525753503.8485,9400.50000,0.23890000,s,m,
1525878753.3361,9299.80000,0.02010000,b,l,
1525842598.5836,9024.40000,0.18366200,b,l,
1525878758.7839,9298.40000,0.01000000,b,l,
1525842976.8703,9031.40000,0.00256851,b,l,
1525878760.3679,9297.70000,0.10320000,b,l,
1525777063.5437,9306.70000,0.76754629,s,m,
1525813231.5538,9160.30000,0.04362776,b,m,
1525878768.0795,9297.50000,0.03920000,b,l,
1525778215.5719,9196.50000,0.12726047,s,m,
1525813236.5666,9156.00000,0.00242976,s,m,
1525813237.6878,9156.00000,0.00242976,s,m,
1525897216.9884,9280.00000,0.01000000,s,m,
1525758469.4058,9330.30000,1.79000000,s,l,
1525849524.5295,9071.90000,0.01082271,s,m,
1525781874.3519,9092.00000,0.15040000,b,l,
1525780851.3195,9190.00000,0.18244016,s,l,
1525842605.2147,9024.30000,0.00317229,b,l,
1525780887.1556,9156.60000,0.50000000,s,l,
1525878815.6159,9293.30000,0.09330000,b,l,
1525813292.9737,9157.50000,0.05286769,s,m,
1525867754.4186,9317.60000,0.00900000,b,m,
1525878830.8069,9289.00000,0.19010000,s,l,
1525813295.8742,9161.40000,1.70980000,b,m,
1525813304.0311,9157.70000,0.00895596,b,l,
1525878843.2542,9278.80000,0.09330000,s,m,
1525777077.4832,9306.70000,0.15958508,s,m,
1525820768.3982,9206.20000,0.00000019,b,l,
1525878850.6021,9292.30000,0.01076200,b,m,
1525766155.3706,9360.90000,0.09065075,b,l,
1525813317.2331,9167.90000,0.07806600,s,m,
1525766156.8906,9359.80000,0.15121736,b,l,
1525878859.8329,9290.00000,0.00100000,s,l,
1525813325.7656,9168.10000,0.00144650,b,m,
1525878863.5238,9292.10000,0.12824981,b,l,
1525882700.7662,9295.90000,0.21210000,b,m,
1525780980.7902,9110.00000,0.01925223,s,l,
1525878868.9978,9278.70000,0.27740000,s,m,
1525878869.038,9292.10000,0.00100000,b,m,
1525781412.6945,9088.20000,0.02620318,s,m,
1525864463.4781,9215.10000,0.00356923,s,m,
1525869314.3814,9319.50000,0.97900622,b,m,
1525813344.1996,9171.20000,0.01382364,b,l,
1525808064.1873,9223.60000,0.02735483,b,m,
1525836653.1359,9029.80000,0.10000000,s,m,
1525798599.6685,9135.00000,0.00356205,s,l,
1525813354.719,9171.20000,0.20317636,b,l,
1525813357.398,9174.50000,0.22299884,b,l,
1525813358.884,9189.10000,0.02300000,b,l,
1525813359.502,9181.30000,0.00144650,s,m,
1525813361.4707,9189.00000,0.24500000,b,l,
1525812429.1876,9171.10000,0.00942782,b,l,
1525794971.3043,9170.00000,0.00650000,b,l,
1525755241.6381,9422.90000,0.00590124,b,m,
1525878904.3154,9279.40000,0.67520000,s,m,
1525813371.0446,9193.30000,0.40260000,b,m,
1525853546.9837,9054.00000,0.22003968,s,l,
1525834252.6312,9084.10000,0.06000000,s,m,
1525842624.6399,9022.40000,0.00267045,b,l,
1525778736.9863,9220.00000,0.19670000,b,l,
1525878917.8371,9285.10000,0.00400000,s,m,
1525788012.1718,9119.90000,0.21059277,b,l,
1525813394.2929,9182.50000,0.09184000,s,l,
1525788014.7169,9117.10000,0.21610000,s,l,
1525875396.8233,9263.00000,0.01000000,b,l,
1525831707.0322,9163.70000,0.01169385,s,l,
1525813414.8399,9182.60000,0.00553807,s,l,
1525853554.5208,9054.10000,0.00240958,s,l,
1525864477.1869,9220.00000,0.28140344,b,m,
1525788019.0882,9117.10000,0.00857665,b,l,
1525768786.2009,9379.60000,0.00227097,s,m,
1525878966.1309,9285.00000,0.00400000,b,m,
1525813432.9877,9192.30000,0.04000000,s,l,
1525853556.3266,9074.00000,0.74781500,b,m,
1525878970.5043,9285.00000,0.01077000,b,m,
1525813439.5519,9191.50000,0.36478759,b,l,
1525803267.9833,9091.00000,0.29710000,s,l,
1525788024.7295,9117.10000,0.00353338,b,l,
1525755694.9961,9410.00000,0.00010000,s,m,
1525879012.8801,9284.90000,0.00500000,b,m,
1525780887.0898,9169.80000,1.49000000,s,l,
1525839198.332,9016.80000,1.00000000,b,l,
1525879020.7876,9284.60000,0.26947593,s,m,
1525845167.7136,9058.10000,0.00000019,s,l,
1525834200.5802,9101.80000,0.33260000,s,m,
1525879028.874,9285.00000,0.05520000,b,l,
1525879030.7586,9285.00000,0.04580000,b,l,
1525879038.3161,9285.00000,0.05500000,b,l,
1525879039.8434,9285.00000,0.08360000,b,l,
1525755695.0053,9402.80000,0.26840000,s,m,
1525879042.0301,9284.80000,0.00300000,s,m,
1525879048.1838,9284.90000,0.00456617,b,l,
1525795588.2978,9148.40000,0.21463396,s,l,
1525879051.7188,9285.00000,0.21870000,b,l,
1525768789.4452,9392.40000,0.01996449,b,m,
1525813521.6634,9184.00000,0.07165886,b,m,
1525879058.6989,9285.00000,0.15670144,b,l,
1525879059.6706,9285.00000,0.03008108,b,l,
1525798958.8888,9129.40000,0.00008286,s,m,
1525879065.3775,9285.00000,0.00280112,b,l,
1525813530.5589,9184.00000,0.00144291,b,m,
1525879071.9153,9293.70000,0.03567000,b,l,
1525865173.3357,9250.00000,0.00009964,b,l,
1525783191.1749,9106.80000,0.10000000,s,l,
1525845827.6776,9088.30000,0.16940651,b,l,
1525755271.9556,9422.80000,0.00700659,s,l,
1525879086.9786,9285.50000,0.00073000,s,l,
1525842654.2578,9021.00000,0.04000000,b,l,
1525771407.3335,9289.90000,0.00200739,b,m,
1525813563.3,9182.20000,0.00144291,s,m,
1525845167.7195,9058.10000,0.02024581,s,l,
1525809889.6236,9239.50000,1.40535498,b,m,
1525879113.0218,9293.20000,0.05699536,b,l,
1525813580.7449,9182.20000,0.03850000,s,l,
1525879121.3035,9293.00000,0.00366652,b,l,
1525813593.0857,9182.40000,0.01090000,b,m,
1525771291.0757,9300.00000,0.78051474,s,m,
1525813597.7367,9182.40000,0.00985100,b,l,
1525854171.0878,9100.70000,0.08038910,b,m,
1525879138.5256,9290.80000,0.00300000,b,m,
1525792797.1015,9150.50000,0.00200000,b,l,
1525864509.8284,9220.00000,0.13535745,b,m,
1525813621.1636,9182.10000,0.06710000,s,l,
1525842665.4142,9021.10000,0.19602859,b,l,
1525805891.9638,9214.30000,0.18790000,s,m,
1525776085.0182,9286.00000,2.00000000,b,m,
1525842666.7459,9021.10000,0.25574697,b,l,
1525862630.7487,9148.70000,0.20040000,b,m,
1525879170.8812,9289.30000,0.01561456,b,l,
1525885584.4508,9328.50000,0.00300000,b,m,
1525879181.7309,9289.00000,0.00360442,b,l,
1525867505.585,9331.00000,0.00500000,s,l,
1525777133.7722,9306.30000,0.11002760,s,l,
1525867817.1406,9308.00000,0.34418896,s,l,
1525864516.7107,9220.00000,0.03464255,b,l,
1525812439.8704,9173.80000,0.00644139,b,l,
1525768789.4142,9386.00000,1.00000000,b,m,
1525842672.1456,9021.10000,7.16634129,b,l,
1525879204.9539,9288.10000,0.01076600,b,m,
1525813671.7964,9182.10000,0.01660000,s,l,
1525755292.2545,9422.80000,0.06877270,s,l,
1525853597.0835,9056.90000,0.07770000,s,l,
1525856953.4958,9085.10000,0.05240000,s,m,
1525864814.5933,9213.50000,0.81960622,s,l,
1525879222.3224,9288.20000,0.00387341,b,l,
1525800650.9304,9153.00000,0.01311046,s,l,
1525888518.7049,9292.20000,0.00400000,s,m,
1525867506.4836,9331.00000,0.00500000,s,l,
1525813703.6374,9169.60000,0.00500000,s,m,
1525842679.0457,9023.00000,0.00000525,b,l,
1525879245.7827,9285.00000,0.00200000,s,m,
1525813711.0162,9180.70000,0.00144153,b,m,
1525778215.3228,9200.00000,0.08695650,s,m,
1525879249.8489,9288.80000,0.00277226,b,m,
1525835171.6442,9028.00000,0.32534854,s,m,
1525889664.569,9305.30000,0.11329400,s,l,
1525781010.4637,9090.70000,0.00532200,s,l,
1525818988.2021,9212.20000,0.02500000,s,m,
1525842683.4855,9023.60000,0.05672717,b,l,
1525842684.758,9023.60000,0.19040000,b,l,
1525825408.3552,9130.50000,1.00000000,s,m,
1525880957.4097,9295.40000,0.01083000,s,l,
1525778215.9833,9175.10000,0.08031455,s,m,
1525880092.5774,9305.80000,0.00041122,b,m,
1525771349.0363,9284.30000,0.87160141,s,m,
1525851715.3556,9070.40000,0.00500000,b,l,
1525879306.0938,9288.40000,0.10705468,b,l,
1525879307.1197,9288.40000,0.03213993,b,l,
1525813780.0424,9180.70000,0.01735647,b,l,
1525762251.2134,9334.40000,0.20000000,b,l,
1525864537.4932,9220.00000,0.08867616,b,m,
1525819283.7352,9227.70000,0.08840000,b,m,
1525835430.1577,9003.40000,0.02000000,s,m,
1525801532.1506,9140.00000,0.31780000,s,l,
1525804586.721,9252.80000,0.00500000,b,m,
1525879332.3167,9288.40000,0.01076600,b,m,
1525867505.4161,9331.00000,0.00500000,s,l,
1525772926.9237,9250.00000,0.10752000,s,m,
1525894051.9045,9254.90000,0.01074000,s,l,
1525864819.7974,9219.80000,0.00017590,b,l,
1525820856.1745,9216.80000,0.98000000,b,m,
1525886393.4004,9360.00000,0.02834971,b,l,
1525768800.898,9392.70000,2.13400000,b,m,
1525856953.5091,9079.90000,0.07925922,s,m,
1525897317.2024,9279.90000,0.08000000,s,m,
1525886395.218,9360.30000,0.28610000,b,l,
1525879403.3584,9289.30000,0.04788862,b,l,
1525879713.9943,9293.10000,0.29690313,s,l,
1525770983.0843,9337.30000,0.14704065,s,l,
1525870886.938,9275.00000,0.10000000,s,l,
1525813876.735,9174.90000,0.01080000,s,l,
1525869185.4991,9302.80000,0.00000028,s,l,
1525779713.0922,9228.00000,0.02742387,s,l,
1525879440.2056,9290.30000,0.11053381,b,l,
1525842712.3139,9028.00000,0.11023240,b,l,
1525788099.5639,9116.30000,0.00532000,s,l,
1525879444.0412,9290.40000,0.02390000,b,l,
1525879447.953,9290.40000,0.01454288,b,l,
1525842714.1182,9027.90000,0.18615479,s,l,
1525772997.8696,9254.20000,0.04800000,s,m,
1525836885.463,9044.10000,0.02000000,s,l,
1525809949.4702,9239.90000,0.00000514,b,l,
1525813941.9826,9182.90000,0.00559995,b,m,
1525778736.9798,9219.00000,0.01497951,b,l,
1525809951.0802,9239.90000,0.01037916,s,l,
1525778214.6114,9212.00000,0.00006543,s,m,
1525842720.0642,9027.90000,0.81384521,s,m,
1525867690.5566,9317.80000,0.62326800,b,l,
1525862641.9169,9141.90000,1.39598544,s,m,
1525755341.2513,9417.40000,0.25520000,s,l,
1525809955.0904,9239.90000,0.69194990,s,m,
1525808502.314,9212.10000,0.11316132,s,l,
1525879512.1253,9291.30000,0.04400000,b,l,
1525879515.9835,9291.30000,0.02103963,b,l,
1525781898.3451,9090.00000,0.07220960,b,l,
1525879519.0573,9291.30000,0.00400000,b,m,
1525864571.8842,9219.80000,0.30000000,s,m,
1525867051.9586,9300.00000,0.40000000,b,m,
1525885584.4429,9327.90000,0.00000002,b,m,
1525814967.8457,9197.70000,0.03584636,b,m,
1525867465.9573,9329.40000,0.06000000,b,m,
1525836455.135,9029.60000,0.01318112,b,l,
1525779266.3656,9236.80000,0.18130000,b,m,
1525839496.9242,9030.60000,1.31040410,b,l,
1525842353.1665,9023.30000,0.24522792,s,m,
1525814006.2362,9180.00000,0.00302283,b,l,
1525846752.363,9059.10000,0.05000000,b,m,
1525814013.4297,9180.00000,0.00144009,b,m,
1525820885.7822,9216.50000,0.35820346,s,m,
1525823602.9622,9200.30000,0.00290000,s,l,
1525853654.1924,9060.30000,0.29050870,s,l,
1525879558.3647,9290.60000,0.05381000,b,l,
1525879568.1824,9290.60000,0.00338424,b,l,
1525867466.1637,9375.00000,0.00420000,b,m,
1525786686.1781,9122.10000,0.02171000,s,l,
1525863572.5322,9213.90000,0.30000000,b,m,
1525814062.9822,9180.00000,0.01111741,b,l,
1525804148.1345,9190.00000,0.28102176,b,m,
1525875507.1301,9265.10000,0.01396369,s,m,
1525879606.1278,9290.60000,0.01035032,b,l,
1525864585.3201,9215.30000,0.08134311,s,l,
1525864827.6328,9213.10000,0.06950622,s,l,
1525895379.2782,9281.50000,1.07228183,b,l,
1525879625.1757,9290.50000,0.00400000,s,m,
1525820898.7764,9222.00000,0.05271162,b,m,
1525784084.2657,9134.30000,0.00467641,b,m,
1525879635.7491,9290.60000,1.15400000,b,l,
1525835388.9406,9005.00000,0.20770000,s,m,
1525814122.7895,9179.90000,0.03399400,b,l,
1525814123.2823,9180.00000,2.67141086,b,m,
1525783892.0034,9149.00000,0.00200000,b,m,
1525879673.3241,9293.10000,0.18494912,b,l,
1525875593.067,9273.30000,0.01000000,s,m,
1525879679.101,9293.20000,0.27934412,b,l,
1525890721.9613,9313.70000,0.05000000,s,m,
1525879690.88,9293.10000,0.50715000,b,l,
1525897367.5778,9280.30000,0.00000570,s,l,
1525879692.3008,9293.10000,0.00618670,b,l,
1525792797.1169,9152.00000,1.09912070,b,l,
1525879694.0988,9292.60000,0.07879130,b,l,
1525879698.1239,9292.60000,0.01000000,b,l,
1525879699.4592,9292.60000,0.23037007,b,l,
1525879700.1986,9292.60000,0.20296747,b,l,
1525797598.9812,9154.90000,0.20956657,b,l,
1525879702.4886,9292.60000,0.22227904,b,l,
1525879705.8647,9292.50000,0.00300000,b,m,
1525879706.6401,9292.50000,0.24393744,b,l,
1525770993.9914,9337.50000,0.00703900,b,m,
1525879711.4383,9293.10000,0.29933700,b,l,
1525879712.8993,9293.10000,0.22710320,b,l,
1525879713.9002,9293.10000,0.10562148,b,l,
1525879714.0057,9291.80000,1.00000000,s,l,
1525799067.9609,9127.90000,0.04010000,s,m,
1525879716.9622,9290.00000,0.10514095,b,l,
1525879719.0875,9290.00000,0.74271910,b,l,
1525809468.7223,9255.20000,1.00000000,b,l,
1525808092.8801,9238.30000,0.01000000,b,m,
1525781905.0371,9090.00000,0.00097740,b,l,
1525875528.5942,9265.10000,0.01400000,s,m,
1525879731.9023,9290.00000,0.00231328,b,l,
1525799070.1697,9127.90000,0.19923933,s,m,
1525814199.529,9175.00000,0.19000000,s,m,
1525879736.6339,9290.00000,0.12650000,b,l,
1525794999.3976,9170.00000,0.51366670,b,l,
1525879745.7467,9290.00000,0.20980000,b,l,
1525867506.3838,9331.00000,0.00200000,s,l,
1525879750.5883,9290.00000,0.09060000,b,l,
1525879751.2941,9290.00000,0.12790000,b,l,
1525879753.0273,9290.00000,0.02306644,b,l,
1525864610.8125,9214.00000,0.30000000,s,m,
1525753517.4127,9407.10000,0.31088813,b,l,
1525788152.1593,9116.40000,0.04640877,b,l,
1525879763.1615,9290.00000,0.01186230,b,l,
1525877816.6687,9299.90000,0.20000000,b,l,
1525777231.0313,9294.40000,2.00000000,s,l,
1525836463.3439,9001.00000,0.03500000,s,m,
1525879777.8636,9290.00000,0.05070000,b,l,
1525879779.7436,9290.00000,0.01290000,b,l,
1525879781.1428,9290.00000,0.00220569,b,l,
1525853113.1073,9036.40000,0.00286542,s,m,
1525879783.3607,9290.00000,0.02030000,b,m,
1525799365.6717,9130.40000,0.25504356,s,m,
1525831847.0156,9161.10000,0.00256122,s,l,
1525879788.1603,9289.90000,0.00400000,s,m,
1525879792.5496,9290.00000,0.17134650,b,l,
1525778215.2697,9200.00000,0.10000000,s,m,
1525879797.7477,9290.00000,0.07555654,b,l,
1525814278.6248,9180.00000,0.10690000,b,l,
1525784724.1701,9140.00000,0.01586057,b,l,
1525888839.684,9300.00000,0.11051558,b,l,
1525780887.4495,9150.00000,0.00550000,s,m,
1525758211.0829,9323.00000,0.08855381,s,m,
1525814296.8554,9179.70000,0.00601004,b,l,
1525814300.1533,9179.70000,0.01816888,b,l,
1525834283.3222,9085.20000,0.17680000,b,l,
1525803096.3745,9116.10000,0.01430689,b,l,
1525879847.9389,9292.00000,0.02000000,b,l,
1525814316.356,9180.00000,0.22490000,b,l,
1525776213.6174,9281.70000,0.00657758,s,l,
1525841356.11,9064.20000,0.24900000,b,m,
1525862630.7865,9155.00000,0.00546149,b,m,
1525788171.1704,9116.40000,0.11304219,b,l,
1525816847.6364,9186.80000,0.01440000,b,m,
1525879882.6816,9292.00000,0.10128717,b,l,
1525879885.9028,9292.00000,0.07871283,b,l,
1525836467.6813,8999.00000,0.10911651,s,m,
1525788175.7508,9116.40000,0.15714000,b,l,
1525879902.6674,9298.60000,0.42000000,b,m,
1525832538.8393,9114.90000,0.50000000,s,m,
1525831867.3195,9161.10000,0.00004941,s,m,
1525865249.3114,9231.70000,0.03483671,s,l,
1525864636.575,9212.70000,0.00350000,s,l,
1525788178.2579,9116.40000,6.00000000,b,l,
1525879920.7335,9306.50000,0.04685110,b,l,
1525788179.6912,9116.40000,0.38050345,b,l,
1525768818.6499,9389.80000,3.00000000,b,m,
1525842793.1577,9034.80000,0.00584423,s,l,
1525841095.7402,9050.00000,1.00000000,b,l,
1525879934.4358,9306.50000,0.00630000,b,l,
1525888393.3639,9307.20000,0.00400000,s,m,
1525870888.7734,9275.00000,0.00700000,s,l,
1525799106.749,9122.50000,0.05022085,s,m,
1525779266.3442,9230.80000,0.02921827,b,m,
1525810030.3091,9248.80000,0.12967153,s,l,
1525858292.4071,9115.00000,0.00841453,s,l,
1525879966.8047,9304.60000,0.42918000,b,l,
1525788187.2504,9117.10000,0.22456720,b,l,
1525788189.4081,9117.10000,0.26805547,b,l,
1525788190.165,9117.10000,0.08092550,b,l,
1525781047.5207,9083.20000,0.60670000,b,m,
1525768888.2259,9402.40000,0.19659713,b,m,
1525788191.5507,9118.30000,0.00510000,b,l,
1525875573.1553,9273.10000,0.00730000,s,l,
1525833487.4839,9083.60000,0.02170000,s,m,
1525821195.8143,9239.80000,0.03472700,s,l,
1525788194.33,9118.30000,1.16622831,b,l,
1525814479.8942,9179.30000,0.00674200,b,l,
1525814481.1268,9179.30000,0.01717016,b,l,
1525788197.6426,9120.10000,0.32552398,b,l,
1525867313.5764,9350.00000,0.20000000,b,m,
1525777275.9332,9295.00000,1.00000000,s,l,
1525834290.5786,9085.20000,0.22250000,b,l,
1525788201.348,9120.10000,0.12946007,b,l,
1525798599.7607,9135.40000,0.02500000,b,m,
1525780887.2055,9150.00000,1.00000000,s,l,
1525773187.5016,9289.00000,0.00995277,s,l,
1525788202.104,9120.10000,0.17496265,b,l,
1525880064.2283,9306.40000,0.00500000,b,l,
1525891437.9049,9276.70000,0.22212508,s,m,
1525771349.0891,9270.00000,0.19044610,s,m,
1525788204.8318,9120.10000,0.00833352,b,l,
1525880074.9306,9305.80000,0.00640000,s,l,
1525814539.1912,9179.90000,0.00100000,b,l,
1525814541.6563,9179.90000,0.01410119,b,l,
1525836463.6904,8999.90000,0.05704967,s,m,
1525814551.5388,9172.00000,0.00001148,s,m,
1525880089.28,9305.80000,0.00600000,b,l,
1525867052.291,9337.00000,0.10000000,b,m,
1525788207.7272,9120.10000,0.08739480,b,l,
1525880092.582,9307.20000,0.00958878,b,m,
1525845610.0987,9061.00000,0.30278684,s,l,
1525772015.4533,9282.20000,1.79000000,s,m,
1525880096.2316,9307.30000,0.00300000,b,m,
1525821198.4498,9243.40000,0.19000000,b,l,
1525814566.2613,9179.60000,0.05011324,b,l,
1525886513.4617,9360.50000,0.13720000,b,l,
1525867869.1653,9311.00000,0.19000000,s,m,
1525814578.4646,9180.00000,0.00820432,b,m,
1525875593.0267,9273.30000,0.03684716,s,m,
1525814584.3597,9170.30000,0.01029901,s,m,
1525880121.6283,9308.00000,0.00500000,b,l,
1525880127.4192,9308.00000,0.07760000,b,l,
1525864814.6001,9213.40000,2.17000000,s,l,
1525825268.0498,9130.00000,0.00200000,s,m,
1525788214.1044,9120.20000,0.19932219,b,l,
1525814599.3242,9179.90000,0.15733800,b,l,
1525880139.1249,9308.00000,0.10000000,b,m,
1525878344.6054,9316.90000,5.10000000,b,l,
1525814608.9211,9179.00000,0.00143913,b,m,
1525880147.9808,9307.30000,0.04870000,s,l,
1525781919.481,9105.60000,0.33143831,s,l,
1525880150.0755,9312.00000,0.60401229,b,l,
1525858089.3792,9113.50000,2.60000000,b,l,
1525788218.5888,9121.90000,0.01560000,b,l,
1525802402.2289,9130.20000,0.00003439,s,l,
1525776395.6112,9309.90000,0.22467203,b,m,
1525814643.078,9171.10000,0.00144009,s,l,
1525814644.326,9171.10000,0.00143913,s,l,
1525880181.7941,9311.20000,0.00400000,b,l,
1525804148.3245,9200.00000,0.10000000,b,m,
1525880201.2003,9308.10000,0.00200000,s,l,
1525814667.7513,9179.60000,0.09964441,b,m,
1525814668.161,9180.00000,0.03890172,b,m,
1525867505.5888,9331.00000,0.00500000,s,l,
1525858031.0481,9102.80000,0.22100000,s,m,
1525788229.0383,9123.70000,0.08977500,b,l,
1525857847.309,9116.90000,1.00000000,b,m,
1525845518.8742,9060.20000,0.02117238,b,l,
1525820998.4402,9227.50000,0.70321300,b,m,
1525831921.2508,9161.10000,0.00951117,s,l,
1525880245.5482,9312.20000,0.00200000,b,m,
1525872879.9249,9292.00000,0.00325967,s,l,
1525781147.2828,9080.00000,0.02912719,s,m,
1525842848.9161,9034.40000,0.00074849,s,l,
1525867506.3176,9331.00000,0.00500000,s,l,
1525782326.3591,9150.00000,1.40000000,b,l,
1525835498.6405,9022.10000,0.66154457,b,m,
1525880263.9118,9309.00000,0.00500000,s,l,
1525880266.2328,9311.10000,0.02243066,b,l,
1525867080.9641,9236.10000,0.61493759,b,l,
1525888739.9236,9300.00000,0.18449905,b,l,
1525756098.5702,9368.00000,0.15650000,s,l,
1525804585.901,9245.00000,0.01700000,b,m,
1525831929.7256,9161.20000,0.01000000,s,m,
1525814749.0616,9180.00000,0.04910000,b,l,
1525880287.1178,9308.30000,0.00500000,b,l,
1525788240.4926,9123.70000,0.01000000,b,l,
1525880290.2041,9308.00000,0.10430000,s,l,
1525880295.445,9308.00000,0.10430531,s,l,
1525880301.1592,9308.00000,0.03770946,s,l,
1525880302.3707,9308.00000,0.04405174,s,l,
1525880304.9089,9308.00000,0.41989768,s,l,
1525880306.2184,9304.50000,0.07000000,s,l,
1525778215.5785,9196.50000,0.00631329,s,m,
1525880308.9342,9304.50000,0.93000000,s,l,
1525880310.8085,9305.00000,0.35168562,b,l,
1525875625.8625,9274.70000,0.01000000,b,m,
1525867507.2227,9331.00000,0.00500000,s,l,
1525880316.2448,9304.90000,0.01281913,b,l,
1525880317.4653,9304.90000,0.00487431,b,l,
1525828590.4039,9164.10000,0.01880000,s,l,
1525814793.9514,9188.00000,0.02386205,b,l,
1525838664.1713,9005.00000,0.00001155,b,l,
1525791020.1093,9120.10000,1.00000000,b,l,
1525835171.2882,9040.00000,0.09183405,s,m,
1525814813.324,9183.30000,0.03490000,s,l,
1525835430.1727,9003.40000,0.14410000,s,m,
1525814815.5465,9183.40000,0.11680000,s,l,
1525799174.5742,9121.40000,0.00931079,s,l,
1525831943.2106,9161.10000,0.00300000,s,l,
1525880373.9424,9290.30000,0.13700000,s,l,
1525880385.2601,9302.00000,0.05000000,b,m,
1525888393.4223,9299.40000,1.70990000,s,m,
1525880392.2339,9291.10000,0.00000518,s,l,
1525788258.9937,9123.70000,0.30443589,b,l,
1525812479.3365,9176.40000,0.19510000,s,l,
1525814866.617,9191.80000,2.91326400,b,m,
1525755491.1197,9415.30000,0.02136150,b,l,
1525805390.8652,9210.00000,0.05000000,b,l,
1525804586.6926,9252.80000,0.30724000,b,m,
1525880428.1962,9301.80000,0.21320000,b,l,
1525810109.9025,9234.70000,0.00144678,s,m,
1525810110.863,9239.60000,0.49300000,b,l,
1525824965.5092,9145.80000,0.00757073,s,m,
1525788267.2566,9123.70000,1.17000000,b,l,
1525858089.3735,9110.40000,1.00000000,b,l,
1525880459.9771,9301.90000,0.05000000,s,l,
1525781018.6174,9091.80000,0.03022804,s,l,
1525813181.9752,9160.30000,0.00076000,s,m,
1525810299.3143,9232.90000,1.03661156,s,l,
1525788271.2497,9125.00000,0.00150000,b,m,
1525814943.2294,9193.80000,0.00680634,s,l,
1525867506.4626,9331.00000,0.00500000,s,l,
1525814955.1049,9193.60000,0.05289135,b,m,
1525853810.698,9070.60000,0.00000002,s,l,
1525867507.0433,9331.00000,0.00729435,s,l,
1525814967.8396,9197.70000,0.00330000,b,m,
1525880504.9161,9301.90000,0.01120000,s,l,
1525833487.7414,9089.10000,0.09178067,b,l,
1525772947.6997,9241.10000,0.03434557,s,m,
1525877951.8105,9300.00000,0.05000000,b,m,
1525846095.1727,9068.30000,0.00591735,b,m,
1525778215.2934,9200.00000,1.00000000,s,m,
1525897114.0593,9284.20000,0.01873030,s,m,
1525825408.3382,9133.70000,2.18700000,s,m,
1525771021.1923,9332.70000,1.82842121,s,m,
1525815014.262,9197.70000,1.00000000,b,l,
1525815021.4379,9200.00000,0.66630733,b,m,
1525848502.4179,9064.00000,0.01323919,s,m,
1525775386.3589,9319.50000,0.06290000,b,l,
1525815032.8135,9199.90000,0.00000516,b,m,
1525863417.3596,9210.80000,0.07672770,b,m,
1525886591.5632,9360.80000,2.47700000,b,l,
1525814667.7658,9180.00000,0.03890172,b,m,
1525880575.0828,9302.00000,0.69000000,b,l,
1525856953.5124,9079.20000,0.61898545,s,m,
1525868837.0845,9293.90000,0.65190000,b,l,
1525783201.9957,9113.60000,0.31249881,b,m,
1525875670.8738,9276.20000,0.01270000,s,l,
1525772982.9981,9260.10000,0.38676301,b,l,
1525855761.2846,9118.00000,0.00400000,s,l,
1525801532.1583,9139.90000,0.68220000,s,l,
1525836463.6643,9000.00000,0.11000000,s,m,
1525814668.1473,9180.00000,0.88230186,b,m,
1525867466.1274,9372.60000,0.01228000,b,m,
1525853830.5977,9070.70000,0.00000123,b,l,
1525815083.4409,9194.20000,0.69723925,s,l,
1525834309.3769,9085.20000,0.00200000,b,m,
1525815092.4583,9197.10000,0.21700000,s,l,
1525882700.7702,9296.00000,1.69401723,b,m,
1525867191.2909,9341.00000,0.00489149,b,m,
1525863652.8418,9210.30000,0.06000000,b,m,
1525804260.0643,9201.60000,0.00434707,s,l,
1525815123.9158,9194.00000,0.01100475,s,l,
1525815124.2754,9191.50000,0.19800000,s,l,
1525815125.4219,9191.40000,0.06660000,s,l,
1525815134.4992,9191.50000,0.21362988,b,l,
1525759972.9262,9356.90000,0.16492733,b,m,
1525880676.1723,9302.00000,0.00227976,b,l,
1525782584.7446,9113.30000,0.00110880,b,l,
1525824400.7426,9159.00000,0.01114960,s,m,
1525836885.4593,9044.10000,0.11000000,s,l,
1525838530.5493,9009.00000,0.22370000,s,l,
1525880699.1803,9302.00000,0.26875000,b,l,
1525755541.0277,9417.50000,0.05604000,b,m,
1525812299.6712,9168.30000,1.70000000,s,m,
1525786449.0556,9115.20000,0.24405107,b,l,
1525880707.4212,9302.00000,0.00218583,b,l,
1525784120.0518,9138.10000,1.08519196,b,m,
1525880712.6933,9305.10000,0.22780000,b,m,
1525815179.7106,9197.10000,0.00840195,s,l,
1525867505.5963,9331.00000,0.00500000,s,l,
1525797214.3779,9156.00000,0.00043364,b,l,
1525897540.0386,9277.40000,1.99697016,s,l,
1525832005.4627,9161.20000,0.62897485,b,l,
1525771513.6004,9299.80000,0.00758028,s,m,
1525792797.1189,9152.00000,0.00087860,b,l,
1525880744.3189,9302.70000,0.28780000,b,l,
1525880747.0837,9302.70000,0.03410000,b,l,
1525880752.3341,9302.70000,0.00500000,b,l,
1525880753.0179,9302.70000,0.03600000,b,l,
1525781020.6214,9090.00000,0.17500000,s,m,
1525836496.5572,9012.40000,2.21400000,s,m,
1525867506.3876,9331.00000,0.00300000,s,l,
1525810167.8984,9231.20000,0.16136215,s,l,
1525797598.9713,9154.30000,0.22970000,b,l,
1525880786.9602,9301.80000,0.00376271,s,l,
1525799247.7134,9130.00000,0.07246500,b,l,
1525830453.0667,9170.00000,0.96660995,b,m,
1525758210.9605,9330.30000,0.01000000,s,m,
1525880801.6116,9302.30000,0.09955522,b,m,
1525773626.2456,9318.80000,0.15000000,b,m,
1525866557.1842,9216.10000,0.00113820,s,l,
1525810172.5037,9231.30000,0.00840158,s,m,
1525875709.3773,9279.30000,0.03647614,b,l,
1525778215.7735,9180.00000,0.00469212,s,m,
1525778918.1718,9199.20000,1.00774930,s,l,
1525815289.1357,9200.00000,0.26866163,b,l,
1525880828.4791,9302.20000,0.50000000,b,m,
1525804169.2225,9210.00000,0.00501110,b,m,
1525815299.3143,9206.50000,0.00897871,b,m,
1525758525.5855,9338.10000,0.00500000,s,l,
1525835513.4756,9034.40000,0.00247069,b,m,
1525768854.2113,9397.50000,1.79000000,b,m,
1525835220.3123,9027.10000,0.00000084,s,m,
1525768744.2384,9388.20000,0.81850865,b,m,
1525768800.9034,9392.90000,0.04510000,b,m,
1525766489.1602,9351.50000,0.13000000,s,m,
1525786425.6348,9113.30000,0.28083706,b,l,
1525835430.1354,9003.40000,0.03663942,s,m,
1525782071.2627,9134.40000,1.64185495,b,m,
1525815328.4537,9201.70000,0.01149171,s,m,
1525867051.978,9315.00000,1.00000000,b,m,
1525781943.939,9110.90000,0.02400000,b,l,
1525880870.135,9302.30000,0.07000000,b,m,
1525864819.8029,9219.80000,0.20519464,b,l,
1525836500.4902,9023.90000,0.20701730,b,l,
1525815351.9775,9212.60000,0.00672701,b,m,
1525815352.0909,9201.30000,0.00663779,s,m,
1525867052.1798,9336.60000,0.50000000,b,m,
1525770667.0732,9339.60000,0.00360000,s,l,
1525815371.3633,9214.00000,0.01149171,b,m,
1525768364.755,9385.60000,0.00556700,b,l,
1525867053.9821,9217.60000,0.12189036,b,l,
1525755758.748,9401.20000,0.02109822,b,l,
1525842961.8211,9034.80000,0.00700000,b,l,
1525872231.2508,9279.90000,0.03105579,b,m,
1525873112.3129,9292.00000,0.00003688,s,m,
1525839069.1792,9000.00000,0.00300087,b,l,
1525788351.5468,9125.40000,0.22467203,s,l,
1525880956.3946,9301.10000,0.01083000,s,l,
1525880957.4612,9295.40000,0.01905700,s,l,
1525781946.1296,9114.40000,0.35726248,b,l,
1525880960.3763,9301.30000,0.01083000,s,l,
1525815425.155,9215.00000,2.10057658,b,m,
1525880963.2458,9295.50000,0.02031735,s,l,
1525788353.4353,9125.40000,0.00008451,s,l,
1525864986.7403,9220.00000,0.00761522,b,l,
1525815438.7328,9215.00000,0.04900000,b,m,
1525864814.597,9213.50000,0.33990000,s,l,
1525880983.7434,9302.50000,0.05000000,b,l,
1525871009.8491,9260.00000,0.25250710,s,l,
1525880996.1284,9302.60000,0.04978190,b,l,
1525768854.2237,9399.50000,1.50000000,b,m,
1525864819.7996,9219.80000,0.00000045,b,l,
1525815476.9076,9210.00000,0.00000007,s,m,
1525881014.0347,9302.50000,0.12869395,b,l,
1525840917.2401,9048.00000,0.20000000,b,l,
1525886666.1033,9360.30000,0.20010000,s,l,
1525842976.8844,9031.40000,0.00743149,b,l,
1525863397.5149,9185.20000,0.31800000,b,m,
1525880150.0605,9308.00000,0.00194168,b,l,
1525842978.5476,9034.70000,0.54288810,b,l,
1525803426.2729,9134.90000,0.00643687,b,m,
1525843052.3577,9024.70000,0.13966200,s,l,
1525776038.336,9276.90000,0.01000000,s,m,
1525788366.2031,9125.40000,0.00005396,s,l,
1525835725.0456,9026.30000,0.10000000,s,m,
1525788496.8443,9130.00000,0.01368018,b,l,
1525788368.5941,9125.50000,0.01606228,b,l,
1525864827.6187,9217.10000,0.21600000,s,l,
1525815525.1591,9213.00000,0.68106000,b,l,
1525867505.6274,9331.00000,0.00500000,s,l,
1525839198.3573,9018.50000,1.00000000,b,l,
1525753517.6739,9407.10000,0.17531084,b,l,
1525815538.6284,9210.00000,0.01280000,s,l,
1525853908.3347,9070.60000,0.34333128,s,l,
1525821231.1099,9248.00000,0.00443658,b,l,
1525867051.9191,9295.00000,0.20000000,b,m,
1525836507.7316,9019.20000,2.19100000,s,l,
1525802753.8067,9118.00000,0.02236221,b,l,
1525850419.3352,9074.20000,0.01000000,b,l,
1525881111.6403,9296.20000,0.04418894,b,l,
1525815583.8665,9205.20000,0.09000000,s,m,
1525766534.2668,9361.60000,0.13000000,b,m,
1525881126.5056,9296.20000,0.02035106,b,l,
1525881127.6835,9300.50000,0.02680000,b,l,
1525881135.1496,9296.40000,0.40000000,s,m,
1525821150.5599,9226.20000,0.00000515,b,l,
1525838589.4918,9005.00000,0.02493359,s,m,
1525765161.928,9337.50000,0.02588037,s,l,
1525867876.4784,9315.70000,0.02358663,b,l,
1525792864.7658,9156.10000,0.07662858,s,m,
1525826666.139,9158.30000,0.00100000,s,m,
1525898603.5256,9277.00000,0.19600000,b,m,
1525821159.2492,9228.60000,0.21268900,s,l,
1525835225.9268,9027.10000,1.00000000,s,m,
1525881205.0565,9298.00000,0.10000000,s,l,
1525867605.3087,9337.30000,0.07290000,b,l,
1525881216.7642,9299.60000,0.20076995,b,l,
1525815685.9991,9212.50000,0.03333330,b,m,
1525815686.0038,9214.80000,0.07976670,b,m,
1525843011.6342,9029.80000,0.00900000,b,l,
1525829965.5398,9163.50000,0.80110000,b,l,
1525776038.2994,9282.50000,0.11383524,s,m,
1525881249.3648,9299.00000,0.03997023,b,l,
1525815726.0529,9215.00000,0.06100000,b,l,
1525841123.3335,9057.80000,0.36399214,b,m,
1525867506.3381,9331.00000,0.00200000,s,l,
1525778214.7798,9202.00000,0.10000000,s,m,
1525879714.0163,9291.00000,0.00176296,s,l,
1525781010.4716,9090.60000,0.03040000,s,l,
1525881286.6581,9299.30000,0.13051000,b,m,
1525768364.725,9381.80000,0.10410000,b,l,
1525881293.321,9298.00000,0.15000000,b,m,
1525881296.5279,9299.40000,0.04294365,b,l,
1525835046.0606,9068.00000,0.02046492,s,l,
1525865161.3162,9230.00000,0.00584694,b,l,
1525850419.338,9080.60000,0.20068501,b,l,
1525867505.4823,9331.00000,0.00500000,s,l,
1525881304.8233,9297.40000,0.08657316,b,l,
1525815770.7579,9213.80000,0.03420000,s,l,
1525881308.2843,9297.40000,0.01342684,b,l,
1525878474.9841,9299.90000,1.00000000,s,m,
1525881312.5358,9296.20000,0.09690988,b,l,
1525881314.8072,9299.30000,0.19418397,b,l,
1525821179.8971,9230.60000,0.00630000,s,l,
1525805587.1953,9226.90000,0.00180271,s,m,
1525881322.976,9299.30000,0.07256364,b,l,
1525847426.4498,9042.70000,0.15000000,s,l,
1525867506.5733,9331.00000,0.00500000,s,l,
1525767824.5864,9372.10000,0.01000000,b,m,
1525835384.4746,9010.00000,0.10000000,s,l,
1525886720.7867,9360.40000,0.01000000,b,l,
1525771422.4137,9295.10000,0.98711019,s,m,
1525881348.9032,9291.70000,0.30260000,s,m,
1525843031.6813,9029.80000,0.15837393,b,l,
1525881361.3107,9299.00000,0.13311061,b,l,
1525780887.1595,9156.00000,0.00250000,s,l,
1525863328.0672,9180.60000,0.00619505,b,m,
1525835430.1653,9003.40000,0.02000000,s,m,
1525881377.1925,9298.90000,0.00200000,b,m,
1525803283.6365,9085.00000,2.00000000,b,m,
1525858198.2054,9115.00000,0.00527959,s,l,
1525881381.5525,9298.90000,0.00200000,b,m,
1525881384.753,9298.90000,0.00200000,b,m,
1525838699.4913,9003.00000,0.04216072,s,m,
1525800402.9185,9154.00000,0.35167370,b,l,
1525867266.6042,9292.30000,0.00500000,b,m,
1525778215.2744,9200.00000,0.20000000,s,m,
1525853961.8269,9060.10000,0.02000000,s,l,
1525864885.6446,9213.10000,0.79820000,s,l,
1525875808.4723,9273.20000,1.43954462,s,m,
1525821195.8106,9239.80000,0.01327300,s,l,
1525881413.9564,9291.20000,0.06457000,s,l,
1525815880.1923,9211.00000,0.05690000,s,l,
1525861331.7932,9085.90000,0.14097000,s,m,
1525804557.1638,9235.90000,0.01000000,s,m,
1525881421.4995,9295.70000,0.18629112,b,l,
1525832120.579,9162.00000,1.00000000,s,l,
1525821198.4566,9244.00000,0.10000000,b,l,
1525881431.4641,9295.00000,0.00310000,b,l,
1525819432.9368,9231.00000,0.20350000,b,m,
1525881439.9242,9291.00000,0.03840000,s,l,
1525815926.6731,9211.10000,0.00007137,s,m,
1525881465.1103,9290.90000,0.00490000,b,l,
1525841123.2541,9052.10000,0.06835303,b,m,
1525843052.387,9024.70000,0.02225670,s,l,
1525881482.9089,9290.90000,0.00358700,b,l,
1525881490.0366,9283.60000,0.00200000,s,m,
1525799365.6669,9130.50000,0.05868921,s,m,
1525821212.0819,9247.90000,0.23160000,s,l,
1525862641.911,9142.00000,0.50000000,s,m,
1525781436.1191,9092.20000,1.00000000,b,l,
1525834339.6121,9080.00000,0.17685860,s,m,
1525815990.9511,9214.90000,0.05259253,b,m,
1525799369.6347,9132.00000,0.25670000,b,l,
1525881533.8677,9289.10000,0.04056605,b,l,
1525815998.1475,9217.00000,0.01000000,b,l,
1525821216.9676,9248.00000,0.03522126,b,m,
1525816005.5293,9220.00000,0.21460000,b,l,
1525816006.3458,9220.00000,0.26911000,b,l,
1525881547.9501,9284.60000,0.55750000,b,m,
1525864909.4746,9219.80000,0.07329252,b,l,
1525781523.568,9129.10000,0.00064679,b,m,
1525821219.2067,9248.00000,0.00900000,b,m,
1525897678.0857,9277.40000,0.06365194,s,l,
1525803279.906,9056.50000,0.52200000,s,m,
1525835145.5076,9050.00000,0.00488337,s,m,
1525778215.6591,9193.20000,2.00000000,s,m,
1525810299.3056,9233.00000,4.50926763,s,l,
1525867051.955,9300.00000,0.10000000,b,m,
1525867506.6157,9331.00000,0.00500000,s,l,
1525768227.9902,9382.60000,1.00000000,b,m,
1525832147.1797,9161.90000,0.00200000,s,l,
1525841341.97,9060.00000,0.80000000,b,m,
1525862711.3335,9148.30000,0.00540000,b,m,
1525862630.7831,9154.00000,0.07983965,b,m,
1525816074.8967,9217.20000,0.00800000,s,l,
1525881611.6685,9284.40000,0.07600941,b,l,
1525881614.4566,9284.40000,0.00548481,b,l,
1525816079.3857,9222.70000,0.09437808,b,l,
1525804148.3182,9200.00000,0.10000000,b,m,
1525755694.988,9417.40000,0.51277055,s,m,
1525874065.2654,9260.20000,0.59200000,s,l,
1525881626.8631,9281.70000,0.14530268,b,m,
1525755695.0023,9406.80000,0.10000000,s,m,
1525867466.0351,9350.00000,0.10000000,b,m,
1525881636.9115,9281.10000,0.07841493,s,l,
1525881646.2965,9281.70000,0.01470000,b,l,
1525836467.6394,9024.30000,1.00000000,s,m,
1525881648.136,9281.70000,1.33999732,b,m,
1525881657.7257,9283.00000,0.17198890,b,l,
1525768876.6165,9391.90000,1.00000000,b,m,
1525857480.4413,9085.50000,0.69266791,s,m,
1525786700.1334,9124.00000,0.16565850,b,l,
1525881692.2002,9283.00000,0.00300000,b,m,
1525804148.2033,9192.40000,0.06000000,b,m,
1525816163.5272,9222.50000,0.00438400,b,l,
1525778844.8973,9211.40000,0.11234327,b,l,
1525875808.468,9275.10000,0.91045538,s,m,
1525843093.3071,9023.00000,0.13904930,b,l,
1525867080.9862,9236.10000,0.79710101,b,l,
1525881737.5989,9282.90000,0.11278921,b,l,
1525881739.0334,9282.90000,0.05790000,b,l,
1525888393.3886,9305.80000,0.43700000,s,m,
1525816207.2229,9222.00000,0.00780000,s,l,
1525891393.8767,9271.40000,2.03769870,s,m,
1525816211.5591,9217.10000,0.08120000,s,l,
1525875865.6724,9279.70000,0.02450000,s,l,
1525864944.9626,9216.00000,0.02530000,s,l,
1525881767.2315,9282.90000,0.76000000,b,m,
1525778408.7438,9196.10000,0.29526453,s,l,
1525881774.6544,9280.10000,0.00270000,s,l,
1525818287.3772,9210.40000,0.29940000,s,l,
1525766643.6774,9361.90000,0.00836611,s,l,
1525881781.348,9283.00000,0.02360000,b,l,
1525776153.9312,9286.60000,0.02800000,s,l,
1525881795.0456,9282.90000,0.06463000,b,l,
1525867506.3802,9331.00000,0.00500000,s,l,
1525864950.6047,9216.10000,0.16210000,s,l,
1525816263.106,9220.90000,0.01470000,s,l,
1525836463.6429,9000.00000,0.00200000,s,m,
1525868295.4814,9281.00000,0.95300000,s,m,
1525881811.9444,9281.10000,0.01010000,s,l,
1525816278.2871,9220.90000,0.23230000,s,l,
1525836531.2802,9025.10000,0.01243077,b,m,
1525781027.1929,9090.60000,0.00340000,b,l,
1525788496.4001,9130.00000,0.00637819,b,l,
1525881826.5249,9282.90000,0.51417277,b,l,
1525881832.986,9283.00000,0.01010000,b,l,
1525865249.3146,9231.70000,0.20780000,s,l,
1525778215.8911,9177.00000,0.10801843,s,m,
1525864958.8002,9219.60000,0.11300952,b,l,
1525778215.5457,9199.00000,0.28629217,s,m,
1525821269.092,9246.60000,0.00977000,b,l,
1525804169.2776,9217.80000,0.03128811,b,m,
1525881866.2612,9283.00000,0.03550000,b,m,
1525854039.5365,9059.30000,0.19000000,s,l,
1525881870.5481,9281.50000,0.05700000,b,l,
1525784724.1553,9140.00000,0.02142000,b,l,
1525854040.5296,9065.70000,0.00950000,b,l,
1525881875.9909,9281.20000,0.39544156,s,l,
1525758211.0168,9325.10000,0.01000000,s,m,
1525867085.9445,9242.90000,0.51125983,b,l,
1525858188.3044,9115.00000,0.18340853,s,l,
1525875888.5352,9279.70000,0.04530000,s,l,
1525881893.0429,9281.40000,0.12940792,s,l,
1525838716.371,9000.00000,0.00000009,s,m,
1525870888.5496,9275.00000,0.01341379,s,l,
1525885475.9596,9311.10000,0.00000002,s,m,
1525881907.1831,9281.50000,0.11215098,b,l,
1525762658.1484,9328.70000,0.49264823,b,l,
1525881930.916,9281.50000,0.00500000,b,l,
1525881941.0955,9281.50000,0.05940000,b,l,
1525893274.2431,9270.50000,0.00300000,s,l,
1525881946.8817,9281.50000,0.09342902,b,l,
1525881948.1104,9283.00000,0.02770000,b,l,
1525885537.3098,9308.50000,0.01000000,s,m,
1525795330.5367,9183.40000,2.52300000,b,m,
1525780969.6003,9110.00000,0.23325433,s,l,
1525799441.635,9132.00000,0.04851791,b,m,
1525835430.1689,9003.40000,0.02000000,s,m,
1525848502.4214,9064.00000,0.10000000,s,m,
1525781980.6321,9114.30000,1.00000000,b,m,
1525881986.8131,9283.00000,0.07530000,b,l,
1525881987.4322,9283.00000,0.04682611,b,l,
1525842292.5013,9060.20000,0.01545879,s,m,
1525881997.8845,9283.00000,0.23040000,b,l,
1525882001.7919,9282.30000,0.17520000,b,l,
1525882002.0381,9282.30000,0.01292783,b,l,
1525843139.7564,9026.80000,0.00351928,s,l,
1525882005.8807,9282.30000,0.02950000,b,l,
1525867089.2465,9239.30000,0.31125983,b,l,
1525882007.9484,9282.30000,0.01690000,b,l,
1525882009.6535,9282.30000,0.00781304,b,l,
1525864986.7336,9220.00000,0.85843730,b,l,
1525776038.3157,9282.50000,0.00880918,s,m,
1525768888.2138,9402.10000,1.00000000,b,m,
1525897757.2962,9277.40000,1.00000000,s,l,
1525816497.2572,9202.00000,0.50000000,s,l,
1525816500.6978,9201.20000,0.02890000,b,l,
1525816507.0852,9200.00000,0.50000000,s,l,
1525882047.1013,9283.00000,0.05850000,b,l,
1525816514.1255,9190.60000,0.00000030,s,m,
1525835807.2764,9023.00000,2.91180000,s,m,
1525816520.0773,9190.80000,0.02670000,s,l,
1525816521.5067,9190.80000,0.00400000,s,l,
1525816523.6625,9190.80000,0.00300000,s,l,
1525840459.0217,9029.70000,0.09718800,b,l,
1525882067.0972,9282.50000,0.21857500,b,l,
1525882072.7957,9282.50000,1.00000000,b,l,
1525864909.4676,9219.80000,0.02030663,b,l,
1525847451.2559,9042.70000,0.30885383,s,m,
1525864827.6356,9212.60000,0.14870378,s,l,
1525882080.3529,9282.50000,0.28142500,b,l,
1525816546.8479,9188.20000,0.00700000,s,l,
1525864998.3573,9224.90000,0.16840000,b,m,
1525882087.6223,9283.00000,0.02300000,b,l,
1525816552.9829,9188.40000,0.00700000,s,l,
1525882091.0826,9282.10000,0.02157000,s,l,
1525882094.2508,9283.00000,0.05700000,b,l,
1525824485.4459,9138.80000,0.19370000,b,l,
1525816565.5887,9186.20000,0.00300000,s,l,
1525882103.0857,9283.00000,0.01050000,b,l,
1525843156.9747,9029.60000,0.64104411,b,l,
1525863417.3084,9202.00000,0.00431355,b,l,
1525882107.459,9283.00000,0.00885670,b,l,
1525799466.7273,9132.00000,0.01000000,b,m,
1525832235.9592,9161.90000,0.05408342,s,l,
1525777620.3245,9291.20000,3.99464450,s,l,
1525886849.8259,9360.30000,0.69530182,s,l,
1525816587.7108,9181.60000,0.00400000,s,l,
1525882125.9029,9284.90000,0.01000000,b,m,
1525865005.5377,9222.30000,0.02000037,s,l,
1525843160.4449,9026.90000,0.19284117,s,l,
1525882130.6864,9284.90000,0.03870000,b,l,
1525886851.7635,9360.30000,0.17023508,s,l,
1525836463.3071,9003.30000,0.00227000,s,m,
1525867466.6564,9333.00000,0.02000000,s,m,
1525886854.9916,9360.20000,0.32289144,s,l,
1525816616.6336,9182.30000,0.03800000,s,l,
1525886855.991,9360.20000,0.14920403,s,l,
1525816620.0022,9184.20000,0.52558870,b,l,
1525882160.8695,9285.00000,0.02250000,b,m,
1525816630.8678,9183.80000,0.02670000,b,l,
1525816631.3905,9183.80000,0.00700000,b,l,
1525882176.7016,9284.30000,0.10000000,b,l,
1525816646.105,9181.20000,0.15574311,b,m,
1525825632.9897,9149.60000,0.19000000,s,m,
1525891100.674,9301.00000,0.00046590,s,m,
1525882194.5715,9285.00000,0.22710000,b,l,
1525816659.9433,9175.30000,0.01900000,s,l,
1525779805.9187,9215.00000,4.00000000,s,l,
1525816668.7251,9175.60000,0.00400000,s,l,
1525816669.1075,9184.10000,0.00951720,b,l,
1525825633.0036,9149.30000,0.07881252,s,m,
1525832252.4669,9161.90000,0.00200000,s,l,
1525816685.3829,9185.00000,0.02200000,s,l,
1525816688.1997,9185.00000,0.00900000,s,l,
1525816690.0559,9185.00000,0.00400000,s,l,
1525810409.5369,9228.50000,0.11467500,s,m,
1525882232.4827,9285.00000,0.17900000,b,l,
1525882235.5274,9285.00000,0.00500000,b,l,
1525810410.3142,9228.50000,0.00300000,s,l,
1525792900.1731,9160.00000,0.10000000,b,l,
1525781087.2038,9050.00000,1.00000000,s,m,
1525882247.0508,9284.90000,0.00500000,s,m,
1525882248.9498,9285.00000,0.04110000,b,l,
1525867505.6029,9331.00000,0.00500000,s,l,
1525816723.5101,9185.00000,0.05271287,s,l,
1525835807.3455,9021.20000,1.00000000,s,m,
1525882263.1224,9285.00000,0.03462165,b,m,
1525833101.1174,9112.90000,2.19300000,s,m,
1525781030.5677,9090.10000,0.06430000,s,l,
1525816739.2242,9185.00000,0.00300000,s,l,
1525788573.827,9137.90000,0.10994068,b,l,
1525816754.2148,9185.00000,0.00300000,s,l,
1525782237.8731,9133.00000,0.00006710,b,l,
1525816762.4291,9185.00000,0.00300000,s,l,
1525816766.6659,9185.00000,0.00400000,s,l,
1525803255.6148,9100.00000,0.06731084,s,l,
1525882308.9172,9285.00000,0.09700000,b,m,
1525832268.6567,9161.90000,0.01000000,b,m,
1525882318.4316,9285.00000,1.00000000,b,l,
1525816784.7225,9171.20000,0.77135601,s,l,
1525799502.2417,9132.00000,0.04200000,b,l,
1525882333.6821,9284.90000,0.10000000,s,m,
1525816798.294,9171.70000,0.01040000,s,l,
1525858031.0689,9096.90000,2.62524442,s,m,
1525882339.414,9284.90000,0.00500000,s,m,
1525821351.1414,9239.90000,0.00980100,s,m,
1525832968.0302,9135.10000,0.03990000,b,l,
1525816822.7523,9170.00000,1.86961904,s,m,
1525832276.6557,9140.40000,2.21911893,s,l,
1525867507.1053,9331.00000,0.10000000,s,l,
1525816830.4101,9174.30000,0.00300000,s,l,
1525799510.2579,9131.90000,0.00025866,s,m,
1525816847.641,9188.90000,0.00296157,b,m,
1525816848.2617,9186.70000,0.00200000,s,l,
1525882387.4251,9285.00000,0.01970000,b,l,
1525848244.9234,9069.80000,0.34395926,s,l,
1525882392.3963,9285.00000,0.12012363,b,l,
1525865702.2002,9223.30000,1.68552000,b,l,
1525840915.6349,9040.80000,0.19780798,b,l,
1525816865.4679,9193.10000,0.19700000,s,l,
1525882410.1237,9284.90000,0.27090000,s,l,
1525882413.2307,9284.90000,0.03910062,s,l,
1525786359.7531,9106.00000,0.26570922,b,l,
1525797598.8757,9150.10000,1.00000000,b,l,
1525768901.3169,9399.70000,3.00000000,b,m,
1525816889.3387,9193.10000,0.10500000,s,l,
1525816891.6772,9193.10000,0.00200000,s,l,
1525816899.1035,9193.10000,0.05380000,s,l,
1525882436.2915,9291.10000,0.21148541,s,l,
1525867085.473,9239.20000,0.48874017,s,l,
1525759891.881,9330.80000,0.20000000,b,m,
1525882448.0272,9289.30000,0.00500000,s,l,
1525882450.046,9291.20000,0.00686887,b,m,
1525816917.8975,9193.10000,0.00200000,s,l,
1525840917.2367,9047.90000,0.97900622,b,l,
1525816925.3081,9193.10000,0.01600000,s,l,
1525816927.1263,9193.70000,0.48690584,b,m,
