time,price,volume,buy_or_sell,market_or_limit,misc
1525759972.8637,9341.90000,0.00638867,b,m,
1525757953.3437,9377.30000,0.00200000,b,m,
1525755906.0969,9386.50000,0.01038916,b,l,
1525755908.7216,9390.00000,0.15556538,b,l,
1525753861.1285,9405.90000,0.10000000,s,l,
1525758349.0433,9338.10000,0.03940000,s,m,
1525753503.8383,9405.00000,0.00764956,s,m,
1525758469.393,9335.10000,1.70000000,s,l,
1525758525.5961,9331.40000,2.00000000,s,l,
1525758210.9408,9330.30000,0.01000000,s,m,
1525753867.0282,9405.90000,0.06940000,s,l,
1525765567.6239,9360.00000,0.01023406,b,l,
1525755918.9663,9387.00000,0.02561886,s,l,
1525753517.0946,9407.10000,0.09280109,b,l,
1525764115.5216,9346.50000,0.05027281,s,m,
1525754542.1956,9415.00000,0.05000000,s,l,
1525755926.1815,9387.00000,0.06874471,s,m,
1525755928.6403,9393.00000,0.40997796,b,l,
1525757978.2143,9373.20000,0.00074524,s,l,
1525757615.7892,9372.40000,0.03609207,s,l,
1525763418.5819,9346.30000,0.05346907,b,l,
1525762078.7437,9325.70000,0.00536153,s,l,
1525755936.4507,9387.60000,0.01934847,b,l,
1525756184.6616,9371.50000,0.10954709,s,l,
1525755940.0459,9399.60000,0.03550000,s,l,
1525763746.0377,9345.80000,0.00200000,b,m,
1525758211.031,9325.10000,0.01000000,s,m,
1525758469.3905,9335.20000,0.22370000,s,l,
1525760047.1094,9355.30000,0.00637926,b,l,
1525755955.3678,9398.20000,0.00200000,s,l,
1525756775.5521,9386.80000,0.05480760,s,l,
1525758008.2272,9367.50000,0.00200000,s,m,
1525755961.2668,9398.30000,0.01064000,b,m,
1525754744.7266,9425.70000,0.37390000,b,m,
1525758571.012,9335.10000,2.14200000,s,l,
1525760063.7497,9361.40000,0.00630000,b,l,
1525758018.249,9368.50000,0.01711613,s,l,
1525756098.5725,9368.00000,0.19860000,s,l,
1525755899.2433,9386.90000,0.15556208,b,l,
1525759972.917,9356.90000,0.14286920,b,m,
1525753932.3039,9405.90000,0.00334587,s,l,
1525752893.9277,9415.00000,0.00530000,s,l,
1525761632.286,9340.10000,1.00000000,s,l,
1525756600.6907,9376.00000,0.14967705,b,l,
1525753940.7792,9406.00000,0.00418219,b,l,
1525759972.9327,9356.90000,0.07923560,b,m,
1525758038.1453,9368.10000,0.00200000,b,m,
1525758008.2505,9365.00000,0.00100000,s,m,
1525760088.8787,9362.00000,0.01700000,b,m,
1525753946.7434,9416.80000,0.01896499,b,l,
1525764189.517,9349.90000,0.02500000,s,m,
1525758211.0422,9325.10000,0.01000000,s,m,
1525756184.6668,9371.50000,0.07053971,s,l,
1525762148.4701,9324.30000,0.00375339,b,l,
1525755758.748,9401.20000,0.02109822,b,l,
1525764198.3698,9350.00000,0.06161379,b,l,
1525759313.689,9326.50000,0.02938176,b,m,
1525756009.5518,9380.20000,0.00925245,s,l,
1525756012.4666,9383.40000,0.04500000,s,m,
1525761531.259,9333.80000,0.01886918,b,l,
1525758211.0168,9325.10000,0.01000000,s,m,
1525761338.2287,9338.40000,0.04150000,s,m,
1525756099.855,9368.00000,0.95000000,s,l,
1525764214.6736,9349.90000,0.00214759,s,l,
1525756023.7695,9387.10000,0.00732801,s,l,
1525764216.0339,9350.00000,0.03147695,b,l,
1525756607.5094,9376.50000,0.01407032,s,l,
1525755242.5001,9422.80000,0.02010049,s,m,
1525756032.6231,9387.10000,0.20995354,s,l,
1525756033.0615,9387.10000,0.25551183,s,l,
1525756267.7414,9360.60000,0.01130667,b,l,
1525758386.0492,9330.50000,0.93304475,s,m,
1525756038.4305,9387.40000,0.01120730,s,l,
1525756039.4533,9387.40000,0.17879270,s,l,
1525753992.0419,9406.60000,0.00210000,s,l,
1525753993.3856,9406.70000,0.01234348,b,l,
1525756042.3508,9387.10000,0.00045291,b,m,
1525756951.8503,9382.10000,0.22858803,s,l,
1525758093.8666,9370.00000,0.01360105,s,l,
1525757976.139,9373.30000,0.00282727,s,l,
1525758098.9477,9366.10000,0.00200000,b,m,
1525754003.3871,9406.60000,0.05000000,s,m,
1525764244.0525,9350.00000,0.15289055,b,l,
1525756057.762,9380.10000,0.08519000,b,l,
1525759306.1286,9323.00000,0.01570402,s,l,
1525757978.2201,9367.90000,0.00642749,s,l,
1525756062.2335,9380.00000,0.11900000,s,l,
1525758112.0326,9366.00000,0.00200000,b,m,
1525758196.5801,9333.20000,0.07451071,s,m,
1525758749.0665,9325.30000,0.05919000,s,m,
1525760164.7311,9359.40000,0.02018178,b,l,
1525756069.0171,9376.70000,0.01000000,s,l,
1525753249.6274,9409.20000,0.00531395,s,m,
1525763441.9767,9342.20000,0.89170078,s,l,
1525762658.1518,9328.70000,0.18235177,b,l,
1525764694.3382,9351.60000,0.00764096,b,l,
1525756077.7124,9375.00000,0.00010000,s,l,
1525757126.8846,9368.10000,0.19967992,s,l,
1525756081.9655,9374.60000,0.01066700,b,m,
1525764275.305,9356.30000,0.01730872,b,l,
1525759375.3763,9305.60000,0.01413595,b,l,
1525762078.7783,9321.60000,0.99463847,s,l,
1525764558.5887,9349.70000,0.02615987,b,l,
1525765581.7239,9360.00000,0.00288233,b,l,
1525758143.2267,9358.00000,0.00100000,s,l,
1525758145.3298,9358.00000,0.00300000,b,m,
1525756098.5499,9368.00000,1.00992339,s,l,
1525756099.8657,9368.00000,0.58588876,s,l,
1525758150.6777,9350.00000,0.10700000,s,m,
1525756103.4196,9365.00000,0.03572522,b,m,
1525754744.6811,9417.40000,1.00000000,b,m,
1525758154.3377,9350.00000,0.01355362,s,l,
1525762251.1993,9331.00000,0.80000000,b,l,
1525758159.5691,9350.10000,0.00200000,b,m,
1525756113.8498,9361.00000,0.05888804,s,l,
1525756115.0156,9361.00000,0.06803931,s,l,
1525756267.6265,9360.50000,0.00300000,b,l,
1525756118.5098,9358.00000,0.05926181,s,l,
1525756119.4733,9358.00000,0.11616870,s,l,
1525765582.2001,9360.00000,0.03854582,b,l,
1525758170.6353,9350.10000,0.01124943,b,l,
1525758171.4865,9350.10000,0.04369396,b,l,
1525764316.0661,9351.00000,1.00000000,s,l,
1525758173.2423,9350.00000,0.01632414,s,l,
1525756965.3629,9382.00000,0.28954709,s,m,
1525764320.3517,9352.10000,0.76940000,b,m,
1525756129.8713,9358.00000,0.01988212,s,l,
1525755694.9961,9410.00000,0.00010000,s,m,
1525758180.2282,9350.10000,0.00500000,b,m,
1525754085.2252,9415.50000,0.00546088,b,l,
1525756134.064,9358.20000,0.02031440,b,m,
1525758183.3836,9350.00000,0.02675479,s,l,
1525758188.8508,9350.00000,0.00674765,s,l,
1525764818.4517,9349.10000,0.02833425,b,l,
1525754095.8702,9417.10000,0.13131912,b,l,
1525756922.5639,9380.20000,0.00344360,s,l,
1525758194.8395,9347.10000,0.00323300,s,l,
1525758196.5742,9336.50000,0.01000000,s,m,
1525756969.7862,9382.20000,0.00098064,b,l,
1525758200.988,9338.30000,0.20280428,s,l,
1525754085.2151,9412.70000,0.00850115,b,l,
1525756155.5014,9358.00000,1.51895882,s,l,
1525759018.9153,9323.10000,0.08713366,b,m,
1525754110.12,9417.10000,0.01341800,b,m,
1525764821.0981,9349.10000,0.01025993,b,l,
1525758150.6598,9354.00000,0.80000000,s,m,
1525755695.0023,9406.80000,0.10000000,s,m,
1525758210.9861,9330.00000,0.01000000,s,m,
1525758211.0626,9325.10000,0.02000000,s,m,
1525763333.6329,9351.20000,0.03500000,b,l,
1525756166.6027,9360.80000,4.36403599,b,l,
1525761409.2626,9339.70000,0.01200000,s,l,
1525754120.8244,9412.80000,0.00371664,b,l,
1525756169.4091,9367.90000,0.01190000,s,l,
1525754123.5951,9409.50000,0.06458336,s,l,
1525756770.2511,9386.80000,0.54245980,s,l,
1525759719.6819,9329.00000,0.11410000,b,l,
1525756176.7071,9371.00000,0.10888106,b,l,
1525754129.8592,9417.00000,0.01094563,b,l,
1525756178.6325,9371.00000,0.00635970,b,m,
1525758227.0361,9333.60000,0.04500000,s,l,
1525758228.6708,9333.60000,0.30000000,s,m,
1525762325.8165,9324.20000,0.00894486,b,m,
1525759118.0928,9323.20000,0.00500000,s,l,
1525756184.6722,9371.50000,0.04040968,s,l,
1525754137.2011,9417.10000,0.05388173,b,l,
1525760047.1225,9361.60000,0.04891308,b,l,
1525760730.9526,9353.50000,0.12494127,s,l,
1525761688.119,9320.10000,0.01802566,s,m,
1525754146.8291,9417.00000,0.01058257,b,l,
1525756098.5593,9368.00000,0.76124081,s,l,
1525752700.0295,9431.10000,2.02000000,b,m,
1525754151.656,9410.30000,0.01207301,b,m,
1525758248.3827,9339.10000,0.00200000,b,m,
1525754153.3081,9417.00000,0.12353210,b,l,
1525756098.5614,9368.00000,0.19000000,s,l,
1525755271.9556,9422.80000,0.00700659,s,l,
1525758252.9059,9342.20000,0.00561037,s,m,
1525756205.9932,9365.10000,0.00533897,s,l,
1525756206.8067,9364.30000,0.50000000,b,l,
1525756209.4904,9358.30000,0.11844148,s,l,
1525758003.2395,9368.80000,0.00967199,s,l,
1525756212.7317,9358.30000,0.00100000,b,l,
1525756213.5745,9358.30000,0.02000000,b,m,
1525761205.9508,9354.00000,0.02061824,b,l,
1525762360.1382,9331.60000,0.00469212,b,m,
1525759925.31,9330.80000,5.25402972,b,l,
1525765791.7796,9356.60000,0.00641259,s,l,
1525762365.6593,9338.00000,0.01300000,b,l,
1525756223.192,9358.00000,0.12476901,s,l,
1525756224.8242,9358.00000,0.07391688,s,l,
1525758941.3232,9323.50000,0.03105751,b,l,
1525764558.5753,9349.70000,0.28523946,b,l,
1525764424.6115,9353.40000,0.87300000,b,l,
1525759964.18,9343.90000,2.01461887,b,l,
1525758150.6701,9350.00000,0.19647759,s,m,
1525758008.2529,9362.30000,0.09163296,s,m,
1525755751.4999,9403.20000,0.01400000,b,l,
1525758691.5419,9343.20000,0.01130359,b,m,
1525761969.9665,9329.40000,0.00280000,s,l,
1525760344.47,9356.20000,0.01360000,s,l,
1525764836.6389,9349.10000,0.13687629,b,l,
1525758299.3348,9337.90000,0.00300000,b,m,
1525765791.7828,9354.50000,0.27130000,s,l,
1525759972.9387,9356.90000,0.01504542,b,m,
1525759972.92,9356.90000,0.10000000,b,m,
1525756259.4658,9360.40000,0.77000000,s,l,
1525754215.9345,9409.70000,0.10659802,b,l,
1525756264.7481,9360.50000,0.00796095,s,l,
1525756265.3567,9360.60000,0.00300000,b,l,
1525756266.316,9360.60000,0.00300000,b,l,
1525758315.7078,9338.50000,0.00300000,b,m,
1525754220.5794,9409.70000,0.12277891,b,l,
1525756118.7471,9358.00000,0.21626769,s,l,
1525756176.2206,9371.00000,0.60007805,b,l,
1525754223.4801,9409.70000,0.00230428,b,l,
1525754744.7326,9426.40000,0.02874552,b,m,
1525756279.5404,9368.80000,0.10000000,b,m,
1525758328.8341,9338.40000,0.00200000,s,l,
1525760404.3505,9355.10000,0.00374127,s,m,
1525754235.9887,9409.70000,0.19839644,b,l,
1525757063.4528,9379.80000,0.04680000,s,l,
1525761205.9637,9354.00000,0.00548176,b,l,
1525758948.6159,9323.30000,0.00000510,b,m,
1525762432.9844,9331.00000,0.18493426,s,l,
1525753517.4127,9407.10000,0.31088813,b,l,
1525764482.3297,9352.20000,0.12800000,b,m,
1525755212.1613,9422.80000,0.00739951,s,l,
1525758341.8096,9338.50000,0.00200000,b,m,
1525758346.6785,9338.40000,0.00200000,s,l,
1525764492.7493,9352.20000,0.02340000,b,l,
1525758349.0587,9330.30000,0.15685007,s,m,
1525756653.8788,9387.20000,0.15032295,b,l,
1525765611.0454,9362.00000,0.01019810,b,l,
1525758469.3856,9337.30000,1.00000000,s,l,
1525760404.3699,9355.00000,0.01000000,s,m,
1525756654.9748,9387.20000,0.34967705,b,l,
1525765111.6175,9340.00000,0.10000000,s,m,
1525764847.5431,9349.10000,0.33151275,b,l,
1525756317.382,9369.50000,0.21731940,s,l,
1525763441.9726,9343.70000,0.10000000,s,l,
1525756319.709,9369.70000,0.00207387,b,m,
1525756656.8634,9379.70000,0.42662842,s,l,
1525753791.3463,9400.40000,0.00829181,b,l,
1525762472.1625,9326.30000,0.17274661,s,l,
1525758377.2685,9337.60000,0.00200000,b,m,
1525755491.1302,9417.50000,0.07492100,b,l,
1525756828.7503,9386.80000,0.05260667,b,m,
1525762477.5452,9327.90000,0.01750000,s,l,
1525756317.3907,9369.50000,0.22363448,s,l,
1525765566.2125,9360.00000,0.13303734,b,l,
1525763066.7395,9338.30000,0.01122000,b,m,
1525758386.04,9330.50000,1.00000000,s,m,
1525763231.3656,9342.20000,0.00000511,b,l,
1525756098.5637,9368.00000,0.02750000,s,l,
1525756344.293,9371.80000,0.00625709,b,m,
1525755292.2474,9422.80000,0.02000093,s,l,
1525756319.7157,9378.50000,0.00792613,b,m,
1525754300.1732,9411.40000,0.09487764,b,l,
1525756352.849,9378.30000,0.00500000,s,l,
1525765658.5896,9350.00000,0.47062135,s,l,
1525758404.6899,9330.00000,0.07170000,s,m,
1525756662.4792,9387.20000,0.34967705,b,l,
1525761327.9462,9342.90000,0.45003947,b,l,
1525762503.9731,9330.00000,0.00100000,b,m,
1525753932.3298,9405.90000,0.00000413,s,l,
1525756363.4193,9375.00000,0.02000000,b,m,
1525756098.5898,9368.00000,0.02955639,s,l,
1525764558.5912,9349.70000,0.00276330,b,l,
1525758415.0871,9336.90000,0.15830000,b,l,
1525756664.8184,9387.20000,0.16959025,b,l,
1525756098.5875,9368.00000,0.01430000,s,l,
1525762658.1484,9328.70000,0.49264823,b,l,
1525756166.131,9358.20000,0.02477096,b,l,
1525764857.5969,9349.10000,0.00315335,b,l,
1525754330.2716,9411.10000,0.02400000,b,l,
1525754331.7093,9411.10000,0.00064428,b,l,
1525756380.3295,9369.70000,0.33204973,s,l,
1525756382.6085,9369.70000,0.19954473,s,l,
1525756828.7409,9386.50000,0.00634679,b,m,
1525764576.0947,9351.90000,0.58629000,b,l,
1525759972.9417,9356.90000,0.29773638,b,m,
1525756388.7009,9369.60000,0.00490000,s,l,
1525756098.5526,9368.00000,0.07880000,s,l,
1525754342.8035,9417.00000,0.02948609,b,l,
1525756391.4639,9369.60000,0.26535527,s,l,
1525764861.1412,9349.10000,0.08235684,b,l,
1525756401.8687,9370.50000,0.00635906,b,l,
1525756402.6975,9375.00000,0.01630000,s,l,
1525758533.51,9330.90000,0.00387991,s,m,
1525756406.8944,9375.00000,0.77700000,s,l,
1525765161.9708,9337.50000,0.00964343,s,l,
1525756317.3738,9369.60000,0.00500000,s,l,
1525757012.3097,9379.70000,0.00100000,s,l,
1525756414.1218,9372.00000,0.00500000,b,l,
1525756416.1258,9369.10000,0.25300000,s,l,
1525758465.6584,9338.40000,0.00862373,b,l,
1525756181.2098,9372.00000,0.02504746,s,l,
1525758469.3831,9337.50000,2.14100000,s,l,
1525756267.7384,9360.50000,0.18700000,b,l,
1525758227.041,9333.60000,0.05560000,s,l,
1525759404.5929,9313.60000,0.43439689,s,l,
1525756426.7728,9369.10000,0.26500000,s,l,
1525757015.547,9375.00000,0.00100000,s,m,
1525756428.7624,9378.30000,0.00304715,b,m,
1525758478.4382,9338.10000,0.01494412,b,m,
1525760527.6285,9353.50000,0.00087541,s,m,
1525758040.316,9368.10000,0.02484688,b,l,
1525758571.004,9335.70000,0.85965489,s,l,
1525764867.7971,9349.10000,0.08825444,b,l,
1525758211.0768,9325.10000,0.00597924,s,m,
1525760129.0918,9359.70000,0.03400000,b,l,
1525758383.3812,9334.20000,0.00375134,b,l,
1525762360.7235,9331.50000,0.29105514,s,l,
1525765161.9369,9337.50000,0.03200000,s,l,
1525764869.0382,9349.10000,0.00256544,b,l,
1525764570.6427,9349.80000,0.04634993,b,m,
1525753291.3623,9407.50000,0.34810000,s,l,
1525758469.3805,9337.90000,2.00000000,s,l,
1525763752.9418,9345.60000,0.02000000,b,m,
1525758386.0514,9330.50000,0.00167647,s,m,
1525759183.0923,9327.80000,0.00005759,b,l,
1525758210.9239,9330.30000,0.01000000,s,m,
1525759411.0417,9320.90000,0.02007089,b,l,
1525754420.9291,9417.10000,0.05410000,s,l,
1525756469.8489,9361.90000,0.06690000,s,l,
1525756470.264,9369.10000,0.02900000,b,l,
1525756473.898,9362.00000,0.03150279,s,l,
1525765215.0491,9352.40000,0.27310000,b,l,
1525758525.5759,9340.00000,0.05000000,s,l,
1525758210.9491,9330.30000,0.01000000,s,m,
1525763057.5338,9336.80000,1.00000000,b,m,
1525758533.5189,9330.90000,0.00001006,s,m,
1525756489.2739,9366.80000,0.00456437,s,l,
1525758194.836,9348.70000,0.10000000,s,l,
1525756607.5074,9376.50000,0.04238013,s,l,
1525757070.9366,9368.80000,0.00000001,s,m,
1525757709.97,9373.20000,0.04700000,s,l,
1525756344.2994,9378.30000,0.00374291,b,m,
1525760047.1129,9355.30000,0.00000765,b,l,
1525753524.4323,9407.40000,0.07597274,b,l,
1525756500.1911,9366.80000,0.00790000,s,l,
1525764694.3464,9351.60000,0.00000916,b,l,
1525765561.3423,9360.00000,0.00761200,b,l,
1525760600.3246,9353.50000,0.01380000,s,l,
1525758211.0659,9325.10000,0.02000000,s,m,
1525758559.7607,9342.50000,0.02368463,s,m,
1525754464.907,9417.20000,0.00001577,s,m,
1525758210.993,9330.00000,0.00438943,s,m,
1525762658.1288,9328.30000,0.00734296,b,l,
1525758571.0069,9335.50000,0.21890000,s,l,
1525754468.2462,9417.20000,0.00541654,s,l,
1525756006.0522,9380.10000,0.14467348,s,l,
1525756099.8701,9368.00000,0.17123501,s,l,
1525758581.1526,9340.10000,0.08000000,s,m,
1525756522.3438,9366.90000,0.00483330,s,l,
1525758571.0145,9330.90000,0.99611000,s,l,
1525756098.5811,9368.00000,0.02730000,s,l,
1525756527.2601,9367.10000,0.01740000,b,l,
1525760047.1192,9361.50000,0.24470000,b,l,
1525758691.5026,9343.20000,0.01519658,b,m,
1525758211.0798,9324.90000,0.00546695,s,m,
1525765575.1492,9360.00000,0.00232993,b,l,
1525764725.4897,9351.80000,0.00730000,s,l,
1525764727.6664,9351.80000,0.01960000,s,l,
1525758643.6415,9339.80000,0.00930210,s,l,
1525761471.5905,9339.70000,0.09455097,b,l,
1525761327.9378,9342.90000,0.01279188,b,l,
1525761131.0391,9361.90000,0.21974680,s,l,
1525757140.7729,9368.20000,0.00000001,b,m,
1525758598.1321,9339.50000,0.01010000,s,l,
1525758211.0897,9323.00000,0.00500000,s,m,
1525758211.0691,9325.10000,0.02000000,s,m,
1525761688.1094,9333.60000,0.00847116,s,m,
1525758404.6821,9332.30000,0.00200000,s,m,
1525764890.2443,9349.10000,0.08002559,b,l,
1525756575.5923,9373.00000,0.55000000,b,m,
1525756118.5041,9360.60000,0.01000000,s,l,
1525762721.5978,9329.10000,0.00899999,b,l,
1525756098.5548,9368.00000,0.89633858,s,l,
1525759438.5612,9306.70000,0.09452793,s,l,
1525757755.6369,9373.30000,0.03270000,s,l,
1525756587.6912,9370.40000,0.02839039,b,l,
1525754542.1916,9417.20000,0.03998290,s,l,
1525760687.937,9353.50000,0.02500000,s,l,
1525758641.467,9339.80000,0.09690000,s,l,
1525764787.9751,9355.00000,1.00000000,b,m,
1525756596.7581,9371.10000,0.00201936,b,l,
1525758349.0557,9333.50000,0.00374993,s,m,
1525764553.3571,9349.80000,0.11520000,b,l,
1525756600.6982,9376.00000,0.35032295,b,l,
1525753732.3149,9393.40000,0.00296493,b,l,
1525764795.0934,9349.50000,1.00000000,s,l,
1525756607.5045,9376.50000,0.14331718,s,l,
1525756610.3465,9376.50000,0.08954282,s,l,
1525764803.5203,9349.10000,0.37620000,b,l,
1525762756.9511,9331.00000,0.00899999,b,l,
1525758210.9445,9330.30000,0.01000000,s,m,
1525765580.7458,9360.00000,0.01029440,b,l,
1525764215.8831,9350.00000,0.11682625,b,l,
1525758668.6615,9340.30000,0.04066268,s,l,
1525764813.1334,9349.10000,0.32003569,b,l,
1525755241.6439,9422.90000,0.00470604,b,m,
1525758671.5929,9343.80000,0.00500000,b,m,
1525764816.6043,9349.10000,0.10128272,b,l,
1525764216.0533,9350.00000,0.01925223,b,l,
1525762770.2533,9331.00000,0.00899999,b,l,
1525764819.3877,9349.10000,0.45659613,b,l,
1525756628.8896,9371.40000,0.14870000,s,l,
1525765582.7562,9360.00000,0.01525147,b,l,
1525760730.9723,9353.50000,0.87505873,s,l,
1525755901.3315,9389.70000,0.01950726,b,l,
1525764834.1797,9349.10000,0.70917576,b,l,
1525758691.523,9343.20000,0.40568347,b,m,
1525760740.0935,9353.60000,0.44597597,b,l,
1525764838.8438,9349.10000,0.43150065,b,l,
1525764839.3893,9349.10000,0.08917921,b,l,
1525764840.2056,9349.10000,0.08300000,b,l,
1525758698.1003,9340.00000,0.00300000,s,l,
1525758699.818,9340.00000,0.06440000,s,l,
1525764844.4022,9349.10000,0.34667361,b,l,
1525764845.2554,9349.10000,0.00251199,b,l,
1525764846.8005,9349.10000,0.00757073,b,l,
1525764847.3236,9349.10000,0.12370000,b,l,
1525764848.7792,9349.10000,0.21341663,b,l,
1525765627.0719,9362.00000,0.07449979,b,l,
1525756658.2881,9387.20000,0.00200000,b,m,
1525764851.5922,9349.10000,0.08241926,b,l,
1525762804.1827,9331.00000,0.00899999,b,l,
1525756662.4877,9387.20000,0.15032295,b,l,
1525756664.8273,9387.20000,0.00201936,b,l,
1525764850.4384,9349.10000,0.12360000,b,l,
1525761688.1226,9320.10000,0.23197434,s,m,
1525764861.4744,9349.10000,0.02478435,b,l,
1525758211.0385,9325.10000,0.01000000,s,m,
1525758210.9961,9330.00000,0.01000000,s,m,
1525759872.3165,9329.20000,1.00000000,s,m,
1525764867.9971,9349.10000,0.14490724,b,l,
1525758725.6418,9338.00000,0.08000000,s,l,
1525758727.8849,9339.80000,0.00200000,b,m,
1525762824.037,9330.90000,0.00899999,b,l,
1525760486.2375,9357.40000,0.06868676,b,m,
1525758749.0629,9325.60000,0.00500000,s,m,
1525760779.8323,9355.80000,0.01489320,b,l,
1525758211.0236,9325.10000,0.01000000,s,m,
1525759972.8779,9349.10000,0.05745340,b,m,
1525764883.558,9349.10000,0.19977530,b,l,
1525755694.9992,9409.80000,0.10000000,s,m,
1525756098.6053,9368.00000,0.05000000,s,m,
1525764889.1674,9349.10000,0.01212230,b,l,
1525764890.5345,9349.10000,0.00224476,b,l,
1525755695.0053,9402.80000,0.26840000,s,m,
1525758194.8301,9350.00000,0.50000000,s,l,
1525758749.0419,9338.80000,0.07490000,b,m,
1525753249.6452,9408.50000,0.01000000,s,m,
1525762850.5452,9331.90000,0.00899999,b,l,
1525756721.3292,9386.80000,0.00200000,b,m,
1525764904.2,9349.10000,0.00230199,b,l,
1525760809.5631,9360.90000,0.00780168,b,l,
1525758763.832,9327.30000,0.02000000,s,l,
1525765812.6399,9350.40000,0.00534736,s,l,
1525756721.708,9382.60000,0.61916062,s,l,
1525756382.4944,9369.70000,0.26500000,s,l,
1525765161.9611,9337.50000,0.05358102,s,l,
1525764920.2126,9349.00000,0.04130000,b,l,
1525764922.3407,9344.00000,0.99700705,s,l,
1525756653.8754,9387.20000,0.08557426,b,l,
1525756042.3455,9387.10000,0.03844709,b,m,
1525764926.0609,9346.00000,0.80000000,s,l,
1525765658.5681,9360.10000,0.00534182,s,l,
1525760832.4618,9360.80000,0.00202774,b,l,
1525756740.292,9385.90000,0.14870000,b,l,
1525759549.2075,9312.60000,0.01007513,s,l,
1525754697.219,9413.70000,0.01226678,b,l,
1525758795.9161,9335.10000,0.00200293,b,l,
1525760844.5023,9358.40000,0.05000000,b,l,
1525755851.3567,9385.40000,0.04000000,s,l,
1525758093.8622,9370.00000,0.01515312,s,l,
1525756752.3216,9386.80000,0.20654669,s,l,
1525760824.5145,9358.80000,0.00811757,b,l,
1525765603.5634,9360.00000,0.01023753,b,l,
1525756756.4773,9386.80000,0.00410155,s,l,
1525757070.9331,9368.80000,0.26305027,s,m,
1525757753.1653,9373.20000,0.04055476,s,l,
1525758808.8755,9331.00000,0.01700000,s,l,
1525758809.4188,9335.00000,0.00200000,b,m,
1525758211.0555,9325.10000,0.01000000,s,m,
1525762908.8086,9331.50000,0.01910000,b,l,
1525764922.4317,9349.10000,0.52768386,b,l,
1525762911.8785,9331.50000,0.00000429,b,l,
1525759972.9617,9356.90000,0.01952290,b,m,
1525756769.042,9386.80000,0.77310141,s,l,
1525762914.7737,9331.60000,0.20310000,b,l,
1525756771.7376,9386.80000,0.23620580,s,l,
1525762917.8762,9335.40000,0.20560000,b,l,
1525756774.9952,9386.80000,0.15695088,s,l,
1525756775.3578,9386.80000,0.19998876,s,l,
1525764694.349,9351.60000,0.00000001,b,l,
1525756777.1245,9386.80000,0.09601207,s,l,
1525764922.3302,9348.10000,0.00299295,s,l,
1525762924.883,9333.10000,0.21963847,b,l,
1525763057.5138,9336.30000,1.00000000,b,m,
1525758211.0863,9323.00000,0.00500000,s,m,
1525758972.5306,9323.00000,0.03500000,s,l,
1525761512.8727,9339.50000,0.04996053,b,m,
1525762931.3386,9332.80000,0.23040000,b,l,
1525764926.0719,9344.00000,0.19357959,s,l,
1525762934.6213,9335.30000,0.21050000,b,m,
1525754744.7183,9417.50000,0.01154597,b,m,
1525759964.1754,9342.00000,0.80000000,b,l,
1525752700.0323,9432.00000,2.00000000,b,m,
1525765610.8363,9362.00000,0.02412935,b,l,
1525759467.543,9312.20000,0.00497863,b,l,
1525757012.3058,9380.40000,0.04120000,s,l,
1525759467.5371,9312.00000,0.01674118,b,l,
1525756098.5832,9368.00000,0.00418778,s,l,
1525764241.4125,9350.00000,0.01580000,b,l,
1525758859.7879,9339.10000,0.00201383,s,l,
1525765613.0299,9362.00000,0.01020391,b,l,
1525757763.716,9373.40000,0.00312329,s,l,
1525761571.3321,9335.90000,0.00628761,b,l,
1525764787.9835,9359.20000,2.53880962,b,m,
1525753503.8563,9400.00000,0.00245044,s,m,
1525753944.2117,9406.00000,0.00000146,b,l,
1525758788.6458,9335.10000,0.00300000,b,l,
1525756098.5681,9368.00000,0.10352340,s,l,
1525756399.4467,9369.70000,0.03850731,s,l,
1525756828.744,9386.50000,0.00000508,b,m,
1525753194.2091,9421.10000,0.00371498,b,l,
1525753203.2085,9409.20000,0.00241958,s,l,
1525758194.8252,9350.00000,0.05000000,s,l,
1525756836.8988,9380.30000,0.01827364,s,l,
1525765161.9179,9338.10000,0.01153208,s,l,
1525762545.9323,9332.50000,0.00400000,b,l,
1525758889.9761,9335.00000,0.01100000,s,l,
1525765037.7386,9348.60000,0.02039041,s,l,
1525752751.5169,9413.00000,0.20186323,s,l,
1525758210.9731,9330.00000,0.01000000,s,m,
1525756062.25,9380.00000,0.03000000,s,m,
1525754697.2486,9417.30000,1.00000000,b,l,
1525758210.9339,9330.30000,0.01000000,s,m,
1525758386.0534,9330.50000,0.00000301,s,m,
1525763231.3684,9342.20000,0.00000001,b,l,
1525758910.6234,9335.00000,0.98501383,s,l,
1525758211.0454,9325.10000,0.01000000,s,m,
1525758795.9206,9337.50000,0.03939707,b,l,
1525754821.9093,9417.50000,0.01570000,s,l,
1525756870.0795,9380.30000,0.00200000,b,m,
1525756216.642,9358.20000,0.00374003,s,l,
1525758920.794,9323.70000,0.00500000,s,l,
1525756128.0007,9358.00000,0.21706668,s,l,
1525753517.0828,9407.10000,0.36717731,b,l,
1525759972.965,9356.90000,0.29614322,b,m,
1525756654.9829,9387.20000,0.15032295,b,l,
1525758931.8956,9323.40000,0.00200000,s,l,
1525756098.5789,9368.00000,0.02000000,s,l,
1525758457.4637,9337.40000,0.00856716,b,l,
1525758937.3346,9323.50000,0.00890000,b,l,
1525758939.0779,9323.40000,0.00854664,s,l,
1525758941.2966,9323.40000,0.00445336,b,l,
1525765087.2903,9345.30000,0.00296085,b,m,
1525758210.9271,9330.30000,0.01000000,s,m,
1525754151.6763,9417.00000,0.76244621,b,m,
1525765627.0627,9362.00000,0.00703094,b,l,
1525758948.6185,9323.30000,0.09362391,b,m,
1525758949.8623,9323.30000,0.01883749,b,l,
1525759972.9138,9356.90000,0.01425376,b,m,
1525763051.0264,9336.70000,0.57000000,b,l,
1525756770.1707,9386.80000,0.77809656,s,l,
1525758958.9483,9323.10000,0.10000000,b,l,
1525758960.6315,9323.10000,0.07502679,b,l,
1525757096.1398,9374.00000,0.09060056,s,l,
1525759467.5457,9317.10000,0.01478614,b,l,
1525753342.4587,9417.60000,0.10000000,s,l,
1525761205.9533,9354.00000,0.00210000,b,l,
1525765111.6245,9338.40000,0.00374796,s,m,
1525756920.227,9380.20000,0.00200000,s,l,
1525752826.8729,9424.70000,0.02044896,b,m,
1525758971.7168,9323.00000,0.00800000,s,l,
1525756924.3313,9380.30000,0.15706761,b,l,
1525756607.497,9375.90000,0.00635987,b,l,
1525754879.4494,9417.70000,0.05275860,b,l,
1525756416.1312,9369.00000,0.74700000,s,l,
1525761688.0959,9333.60000,0.19000000,s,m,
1525758211.0275,9325.10000,0.01000000,s,m,
1525756934.3219,9386.40000,0.00200000,s,l,
1525765633.8566,9362.00000,0.01023805,b,l,
1525765130.0592,9338.30000,0.04180000,b,l,
1525763902.4147,9343.40000,0.01550000,b,m,
1525756062.934,9380.00000,0.82100000,s,l,
1525756948.5386,9382.00000,0.00200000,s,l,
1525756653.872,9387.10000,0.23260000,b,l,
1525765142.4361,9338.30000,0.00374523,b,l,
1525758999.0566,9323.00000,0.02200000,s,l,
1525765636.4911,9362.00000,0.08137791,b,l,
1525753007.0748,9414.50000,0.22208103,s,l,
1525765161.9516,9337.50000,0.00052456,s,l,
1525758469.4029,9330.80000,1.70000000,s,l,
1525756963.3593,9380.60000,0.00200000,s,l,
1525765605.303,9360.00000,0.00234637,b,l,
1525756965.3729,9382.00000,0.21045291,s,m,
1525759153.9217,9323.20000,0.00200000,s,l,
1525758941.3029,9323.50000,0.73629940,b,l,
1525765161.9345,9337.50000,0.14719199,s,l,
1525759018.9224,9323.10000,0.48936840,b,m,
1525765639.1451,9362.00000,0.01025998,b,l,
1525761072.8892,9362.00000,0.20250000,b,l,
1525765640.057,9362.00000,0.01020187,b,l,
1525753695.126,9396.40000,0.00632151,b,l,
1525756980.0459,9381.10000,0.21146983,b,m,
1525752888.4256,9415.10000,0.31609984,b,l,
1525759156.3851,9324.70000,0.00600000,b,l,
1525758210.9527,9330.30000,0.01000000,s,m,
1525762911.8763,9331.50000,0.00535724,b,l,
1525752892.2166,9415.20000,0.56055900,b,l,
1525759037.9067,9323.10000,0.00300000,s,l,
1525761205.9591,9354.00000,0.00200000,b,l,
1525752896.5425,9415.00000,0.15804992,s,l,
1525753696.0798,9396.40000,0.05397193,b,l,
1525764861.5185,9349.10000,0.01781318,b,l,
1525761093.3156,9362.00000,0.01331191,b,l,
1525761095.8085,9362.00000,0.00700936,b,l,
1525752904.0685,9415.00000,0.07902496,s,l,
1525765193.7976,9337.50000,0.00273517,s,l,
1525752906.2905,9415.00000,0.00298180,s,l,
1525756770.2486,9386.80000,0.00510000,s,l,
1525759054.9328,9325.00000,0.00200000,s,l,
1525756922.5591,9380.20000,0.00214298,s,l,
1525756771.3955,9386.80000,0.03274329,s,l,
1525761108.4354,9362.00000,0.04233358,b,l,
1525758478.4463,9345.00000,0.00874051,b,m,
1525752918.061,9415.00000,0.74294332,s,l,
1525757015.5533,9371.80000,0.00100000,s,m,
1525761112.4876,9362.00000,0.00857477,b,l,
1525758315.5748,9338.10000,0.00200000,s,l,
1525765215.0358,9349.10000,0.64625824,b,l,
1525759073.4062,9323.00000,0.00200000,s,l,
1525761122.2827,9362.00000,0.04420000,b,l,
1525765161.9539,9337.50000,0.00200000,s,l,
1525757029.1062,9373.30000,0.02092178,s,l,
1525757146.3343,9368.00000,0.00200000,s,l,
1525752935.765,9415.10000,0.01026724,b,l,
1525758210.9202,9330.30000,0.00900000,s,m,
1525753610.1619,9400.50000,0.00402726,s,m,
1525758469.3881,9337.30000,1.00000000,s,l,
1525759085.2616,9323.00000,0.02579598,s,l,
1525758150.6659,9350.10000,0.00352241,s,m,
1525756184.6753,9371.50000,0.06711432,s,l,
1525756770.2308,9386.80000,0.09563965,s,l,
1525752947.8681,9406.90000,0.01899407,b,l,
1525757044.0006,9379.80000,0.04400000,s,l,
1525758194.8173,9350.00000,0.49208221,s,l,
1525759094.6836,9323.10000,0.00400000,s,l,
1525761688.0996,9333.60000,0.04400000,s,m,
1525761688.1338,9317.90000,0.12890000,s,m,
1525757053.6481,9380.90000,0.00200000,b,m,
1525759683.9847,9316.00000,0.01246735,b,l,
1525758210.9605,9330.30000,0.01000000,s,m,
1525761688.1029,9333.60000,0.04680000,s,m,
1525757569.5152,9376.40000,0.04120000,b,l,
1525756097.226,9370.00000,0.19579032,s,l,
1525761131.0324,9361.90000,0.25543958,s,l,
1525761161.5465,9353.80000,0.00200000,s,l,
1525757067.3264,9379.80000,0.01072884,s,l,
1525756098.566,9368.00000,0.04049162,s,l,
1525757070.9237,9379.80000,0.02649682,s,m,
1525756099.8617,9368.00000,0.23795000,s,l,
1525761173.4665,9353.90000,0.08948348,b,l,
1525757078.4035,9369.00000,0.01193644,b,l,
1525763225.1367,9342.20000,0.00239280,b,l,
1525752986.4877,9414.70000,0.00666670,b,l,
1525761179.5828,9353.90000,0.02037031,b,l,
1525763841.1007,9344.00000,0.05000000,b,l,
1525765658.5602,9361.90000,0.00640896,s,l,
1525757086.8674,9374.00000,0.05746300,s,l,
1525763231.3721,9342.20000,0.00671609,b,l,
1525758287.7272,9340.90000,0.24270000,s,l,
1525759139.1545,9323.20000,0.10000000,s,m,
1525758150.6836,9350.00000,0.00066000,s,m,
1525759142.6458,9323.20000,0.00500000,s,l,
1525765161.9562,9337.50000,0.14448338,s,l,
1525761192.1221,9353.90000,0.02194290,b,l,
1525761193.9137,9353.90000,0.95768679,b,l,
1525756103.2649,9365.00000,0.96427478,s,l,
1525761196.8315,9355.90000,0.02316655,b,l,
1525761199.6854,9353.90000,0.00600000,s,l,
1525763249.0324,9353.80000,0.15000000,b,m,
1525753476.9894,9407.00000,0.10000000,s,l,
1525758835.946,9335.20000,0.01100000,s,l,
1525759156.3778,9323.30000,0.02388437,b,l,
1525761205.9466,9353.90000,0.20500000,b,l,
1525755522.4926,9413.60000,0.21608786,s,l,
1525758196.5771,9334.00000,0.10000000,s,m,
1525763259.8223,9353.80000,0.12764823,b,l,
1525759972.8746,9349.10000,0.14359753,b,m,
1525764839.2401,9349.10000,0.10857448,b,l,
1525759972.9048,9356.90000,0.04287704,b,m,
1525763266.9614,9348.50000,0.05670000,s,l,
1525762251.2134,9334.40000,0.20000000,b,l,
1525762934.6256,9335.30000,0.67500000,b,m,
1525757126.6762,9368.10000,0.66671592,s,l,
1525763271.3786,9348.50000,0.00800000,s,l,
1525757128.1586,9368.10000,0.13358400,s,l,
1525765322.9733,9359.40000,0.00666893,b,l,
1525761227.5726,9354.00000,0.00374171,b,l,
1525764320.3469,9352.00000,0.21010000,b,m,
1525759183.1087,9327.80000,0.08557723,b,l,
1525754744.7239,9425.40000,0.00626659,b,m,
1525753042.7614,9424.80000,0.40000000,b,m,
1525761571.3675,9339.60000,0.00213534,b,l,
1525759188.3518,9327.80000,0.01200000,s,l,
1525757141.4022,9368.10000,0.51004800,s,l,
1525759683.9887,9316.00000,0.00006056,b,l,
1525761240.2679,9353.90000,0.00534536,s,l,
1525761241.7961,9353.80000,0.03082686,b,m,
1525757146.3463,9362.40000,0.00534051,s,l,
1525759183.1022,9327.80000,0.02500000,b,l,
1525756098.5853,9368.00000,0.19860000,s,l,
1525758691.5133,9343.20000,0.00200000,b,m,
1525752700.0349,9434.50000,0.26000000,b,m,
1525760843.1835,9358.40000,0.01914247,b,m,
1525753067.3212,9423.00000,0.02490000,b,m,
1525759212.2552,9327.70000,0.00200000,s,l,
1525761261.4663,9353.80000,0.20000000,b,l,
1525761262.6451,9353.70000,0.00534548,s,l,
1525757168.8675,9358.50000,0.05352662,b,l,
1525755121.9231,9423.00000,0.01061200,b,m,
1525758194.8272,9350.00000,0.94360966,s,l,
1525755092.3352,9423.00000,0.01650000,b,m,
1525758525.5936,9334.70000,3.00000000,s,l,
1525757184.823,9367.30000,0.03483304,s,l,
1525755137.0553,9422.90000,0.00371431,b,l,
1525759236.7058,9328.00000,0.00300000,s,l,
1525756118.7653,9358.00000,0.12940928,s,l,
1525752700.0436,9434.70000,1.30868059,b,m,
1525756119.751,9358.00000,0.12684270,s,l,
1525763231.3615,9342.20000,0.00426537,b,l,
1525763342.2645,9351.10000,0.00274805,s,l,
1525761688.1283,9318.00000,0.21150000,s,m,
1525756920.9489,9380.30000,0.00200000,b,m,
1525761298.7447,9342.60000,0.00700000,s,l,
1525759251.3612,9328.50000,0.00200000,b,l,
1525758211.6273,9333.50000,0.00500000,b,m,
1525758211.0592,9325.10000,0.01000000,s,m,
1525761338.2363,9333.90000,0.00033726,s,m,
1525764787.9662,9350.00000,0.01500000,b,m,
1525761663.9956,9334.20000,0.04150000,b,l,
1525757146.343,9365.00000,0.00100000,s,l,
1525765658.5847,9351.10000,0.25000000,s,l,
1525757220.8177,9373.80000,0.00291329,b,l,
1525759271.0207,9328.50000,0.00375194,b,l,
1525758172.556,9350.10000,0.02940861,b,l,
1525765658.5769,9355.30000,0.00341967,s,l,
1525753134.0936,9415.10000,0.06460000,s,l,
1525761327.9485,9342.90000,0.30000000,b,l,
1525757232.3755,9377.30000,0.63981499,s,l,
1525757231.9194,9377.30000,0.04049339,s,l,
1525761330.2161,9345.00000,0.05780000,b,m,
1525761688.1123,9320.30000,0.01802566,s,m,
1525761333.5399,9342.70000,0.00535177,s,l,
1525759881.9559,9330.40000,0.00389851,b,l,
1525759288.9958,9328.00000,0.02000000,s,l,
1525756770.1516,9386.80000,0.12449500,s,l,
1525761338.2161,9341.90000,0.34169725,s,m,
1525759891.881,9330.80000,0.20000000,b,m,
1525756469.0378,9368.80000,0.00500000,s,l,
1525758525.5882,9338.00000,1.00000000,s,l,
1525756128.7737,9358.00000,0.19000000,s,l,
1525758859.8305,9335.00000,0.00398617,s,l,
1525757254.5191,9376.80000,0.00200000,s,m,
1525759698.0582,9316.00000,0.02514263,b,l,
1525754744.73,9425.80000,2.00000000,b,m,
1525759306.1392,9321.60000,0.01000000,s,l,
1525755212.1553,9422.80000,0.00000049,s,l,
1525759310.3606,9315.00000,0.00230000,s,l,
1525759313.684,9319.60000,0.02061824,b,m,
1525758210.9992,9330.00000,0.00561057,s,m,
1525759317.1533,9315.20000,0.25000000,s,m,
1525759318.9174,9319.60000,0.00200000,s,l,
1525761665.2107,9334.30000,0.83720000,b,l,
1525756099.8596,9368.00000,0.15662798,s,l,
1525759324.0468,9311.90000,0.00631783,s,l,
1525759325.1259,9310.90000,0.01811365,s,l,
1525756133.2379,9358.00000,0.37276408,s,l,
1525759972.9581,9356.90000,0.03477100,b,m,
1525753697.7674,9396.40000,0.01188442,b,l,
1525761571.3649,9339.30000,0.00800000,b,l,
1525755793.9503,9400.00000,0.00531000,s,l,
1525759336.8087,9309.70000,0.00800000,b,l,
1525755241.641,9422.90000,0.00000472,b,m,
1525755242.5067,9422.80000,0.03466952,s,m,
1525758211.0829,9323.00000,0.08855381,s,m,
1525764922.6435,9348.10000,0.00203041,b,l,
1525759341.4146,9306.40000,0.05546002,s,l,
1525758525.5911,9334.80000,0.21560000,s,l,
1525753201.3051,9410.10000,0.00666670,s,l,
1525759891.8704,9330.80000,0.58870000,b,m,
1525758210.9571,9330.30000,0.01000000,s,m,
1525757161.3342,9358.50000,0.01068500,b,m,
1525763448.3825,9343.90000,0.35437000,b,l,
1525753209.8257,9407.20000,0.00531508,s,l,
1525759183.1113,9330.70000,0.21800000,b,l,
1525762658.1437,9328.30000,0.00000001,b,l,
1525756006.04,9387.00000,0.00532652,s,l,
1525758211.0061,9325.10000,0.01182676,s,m,
1525759972.9294,9356.90000,0.00303045,b,m,
1525759363.2198,9305.00000,0.10000000,s,l,
1525764558.5846,9349.70000,0.00322189,b,l,
1525763462.8928,9342.30000,0.00448811,b,m,
1525755271.94,9422.80000,0.00439248,s,l,
1525757164.4665,9358.50000,0.01600000,b,l,
1525759467.5483,9323.90000,0.02141880,b,l,
1525759371.9836,9305.00000,0.06978739,b,l,
1525765791.7855,9354.40000,0.19310009,s,l,
1525759375.3704,9305.00000,0.03391261,b,l,
1525763231.3745,9342.20000,0.00000537,b,l,
1525759972.9546,9356.90000,0.01942277,b,m,
1525761262.6541,9341.90000,0.00765452,s,l,
1525765827.4748,9349.50000,0.01144374,b,l,
1525756166.6053,9361.00000,0.00268666,b,l,
1525765161.9315,9337.50000,0.21988331,s,l,
1525765111.6271,9337.60000,0.07369256,s,m,
1525755290.1589,9422.90000,0.02000000,b,l,
1525754095.8603,9412.80000,0.02890846,b,l,
1525755292.2545,9422.80000,0.06877270,s,l,
1525758469.4085,9327.80000,0.02464229,s,l,
1525758533.5213,9330.90000,0.00000003,s,m,
1525753249.6418,9408.50000,0.05000000,s,m,
1525759399.6914,9313.60000,0.00322189,s,l,
1525759401.2804,9313.70000,0.00200000,b,l,
1525759402.5062,9313.60000,0.01550000,s,l,
1525760026.4476,9361.40000,0.00500000,b,m,
1525759404.5992,9313.50000,0.22154053,s,l,
1525758194.8332,9350.00000,1.00000000,s,l,
1525763441.9413,9346.00000,0.00829922,s,l,
1525758210.9815,9330.00000,0.01000000,s,m,
1525759411.0456,9326.60000,0.02842153,b,l,
1525765556.3528,9360.00000,0.02115194,b,l,
1525756098.557,9368.00000,0.01493803,s,l,
1525765559.1018,9360.00000,0.08154434,b,l,
1525765561.483,9360.00000,0.00321345,b,l,
1525765563.722,9360.00000,0.09231879,b,l,
1525756301.7805,9369.60000,0.02000000,b,m,
1525765565.1019,9360.00000,0.01021074,b,l,
1525765566.2262,9360.00000,0.00348488,b,l,
1525765567.4871,9360.00000,0.00970109,b,l,
1525761472.8947,9339.70000,0.13789469,b,l,
1525765570.6627,9360.00000,0.13879268,b,l,
1525752700.038,9434.60000,1.62000000,b,m,
1525761479.926,9339.70000,0.02961488,b,l,
1525761480.1354,9339.70000,0.01435811,b,l,
1525765215.0528,9352.50000,0.08064176,b,l,
1525759467.5401,9312.10000,0.00640525,b,l,
1525759964.1837,9345.20000,6.23847400,b,l,
1525755341.2573,9417.30000,0.74480000,s,l,
1525759438.554,9307.40000,0.00537207,s,l,
1525759440.8676,9312.10000,0.01070000,s,l,
1525761131.0429,9361.80000,0.01812476,s,l,
1525765586.5606,9360.00000,0.01019804,b,l,
1525757859.2294,9373.40000,0.00200000,b,m,
1525765588.3749,9359.90000,0.02590000,s,l,
1525759225.8898,9330.80000,0.11041028,b,m,
1525765592.0278,9360.00000,0.01020080,b,l,
1525756836.8816,9381.30000,0.19000000,s,l,
1525759183.118,9330.80000,0.46970000,b,l,
1525765595.1513,9360.00000,0.03110815,b,l,
1525755357.5337,9417.30000,0.24293322,s,l,
1525765161.9489,9337.50000,0.20482544,s,l,
1525758210.9375,9330.30000,0.01000000,s,m,
1525759549.2223,9312.60000,0.02615987,s,l,
1525755362.3902,9417.50000,0.01061900,b,m,
1525765603.3403,9360.00000,0.30661756,b,l,
1525765605.9172,9360.00000,0.01025540,b,l,
1525758691.5353,9343.20000,0.00555283,b,m,
1525765608.3949,9360.00000,0.00057050,b,l,
1525765609.862,9362.00000,0.01027301,b,l,
1525759466.6607,9312.00000,0.04150000,s,l,
1525765611.9495,9362.00000,0.44381542,b,l,
1525765612.3537,9362.00000,0.22115870,b,l,
1525761517.2545,9334.00000,0.00200000,s,l,
1525765614.9764,9362.00000,0.01022391,b,l,
1525765615.5152,9362.00000,0.01020024,b,l,
1525765616.5073,9362.00000,0.01024392,b,l,
1525765617.5311,9362.00000,0.01024526,b,l,
1525765619.5878,9362.00000,0.01028643,b,l,
1525761524.7608,9334.20000,0.22050000,b,l,
1525765621.7866,9362.00000,0.01020062,b,l,
1525765622.0717,9362.00000,0.08584153,b,l,
1525765623.2542,9362.00000,0.01020024,b,l,
1525765624.4864,9362.00000,0.08347622,b,l,
1525761193.9171,9354.00000,0.00414666,b,l,
1525765626.2247,9362.00000,0.01030674,b,l,
1525765627.5146,9362.00000,0.01019642,b,l,
1525765161.9657,9337.50000,0.07855429,s,l,
1525765629.833,9362.00000,0.01022175,b,l,
1525765161.9398,9337.50000,0.12747516,s,l,
1525765631.3234,9362.00000,0.02012864,b,l,
1525759972.9513,9356.90000,0.10781250,b,m,
1525758008.2473,9366.00000,0.00536704,s,m,
1525765636.5531,9362.00000,0.01389833,b,l,
1525764694.3549,9352.20000,0.77474987,b,l,
1525765638.2337,9362.00000,0.11006040,b,l,
1525755399.9303,9412.60000,0.00531203,s,l,
1525757448.6208,9382.00000,0.00950000,b,m,
1525765641.2055,9362.00000,0.52815092,b,l,
1525758210.9784,9330.00000,0.00439532,s,m,
1525756653.8642,9387.00000,0.03150279,b,l,
1525761688.1157,9320.30000,0.98197434,s,m,
1525756504.7461,9366.90000,0.00410421,s,l,
1525761554.2338,9335.80000,0.00213640,b,m,
1525758211.0488,9325.10000,0.01000000,s,m,
1525758211.0027,9327.20000,0.00256267,s,m,
1525765161.9466,9337.50000,0.01696945,s,l,
1525765658.5722,9359.90000,0.02000000,s,l,
1525761467.393,9339.60000,0.30623207,b,l,
1525765161.9633,9337.50000,0.11372353,s,l,
1525756216.6454,9358.20000,0.25452404,s,l,
1525761571.3615,9337.60000,0.00213022,b,l,
1525756166.5996,9360.40000,0.19000000,b,l,
1525753352.1815,9409.80000,0.10000000,s,l,
1525765111.606,9341.70000,0.00642281,s,m,
1525758194.8218,9350.00000,0.00639034,s,l,
1525758469.3745,9338.00000,0.42065771,s,l,
1525758287.7301,9340.80000,2.14100000,s,l,
1525765684.7296,9362.00000,1.00000000,b,l,
1525765161.928,9337.50000,0.02588037,s,l,
1525755491.1256,9415.30000,0.00001750,b,l,
1525753403.1911,9417.00000,0.10000000,s,l,
1525759549.2278,9312.50000,0.46376500,s,l,
1525764787.9809,9359.10000,0.26370000,b,m,
1525752771.157,9414.00000,0.15144825,s,l,
1525763648.6368,9342.60000,0.00800000,b,m,
1525754464.9045,9417.20000,0.00706423,s,m,
1525753099.6578,9414.80000,0.01060000,s,m,
1525759972.9262,9356.90000,0.16492733,b,m,
1525761292.3334,9344.60000,0.02230000,b,l,
1525756099.8637,9368.00000,0.82229825,s,l,
1525762658.1551,9330.90000,0.19000000,b,l,
1525765083.9311,9345.30000,0.02100000,b,l,
1525759891.8779,9330.80000,0.20000000,b,m,
1525757522.4153,9383.80000,0.04120000,b,l,
1525765731.8333,9359.90000,0.01109103,b,l,
1525755482.3765,9415.30000,0.01062100,b,m,
1525758525.5855,9338.10000,0.00500000,s,l,
1525761632.2924,9340.00000,0.23842446,s,l,
1525765561.0529,9360.00000,0.00208169,b,l,
1525757538.9699,9383.00000,0.00551789,b,l,
1525755491.1197,9415.30000,0.02136150,b,l,
1525758196.5694,9339.00000,0.01548929,s,m,
1525762908.1605,9331.50000,0.01900000,b,l,
1525758469.3954,9331.70000,1.00000000,s,l,
1525754130.7177,9417.00000,0.21198208,b,l,
1525759018.9258,9323.10000,0.67349794,b,m,
1525761525.7379,9334.20000,0.01466891,b,l,
1525758691.5283,9343.20000,0.17732436,b,m,
1525753458.5182,9407.50000,0.10000000,s,l,
1525754131.2687,9417.00000,0.22013523,b,l,
1525763243.332,9348.50000,0.00970000,s,l,
1525765161.9421,9337.50000,0.12293948,s,l,
1525756901.9567,9380.30000,0.00200000,b,m,
1525759891.7852,9330.70000,0.21130000,b,m,
1525756522.3492,9366.80000,0.20507586,s,l,
1525762325.8271,9334.40000,0.29105514,b,m,
1525755520.1633,9413.50000,0.20480000,s,l,
1525753473.6592,9407.40000,0.10000000,s,m,
1525765614.2338,9362.00000,0.01022284,b,l,
1525758571.0096,9335.40000,1.00000000,s,l,
1525763716.7432,9342.20000,0.03910000,s,l,
1525763717.1076,9342.70000,0.03910000,s,l,
1525755527.5187,9413.30000,0.19923068,s,l,
1525753452.2361,9409.30000,0.05000000,s,m,
1525759626.4224,9318.80000,1.00000000,b,l,
1525764558.5971,9349.80000,1.68540278,b,l,
1525758210.9652,9330.30000,0.00561057,s,m,
1525761327.942,9342.90000,0.03270000,b,l,
1525758211.0523,9325.10000,0.01000000,s,m,
1525757584.304,9375.00000,0.00200000,s,l,
1525756184.6816,9371.50000,0.10292311,s,l,
1525756184.6691,9371.50000,0.10946029,s,l,
1525752771.1477,9414.10000,0.05813677,s,l,
1525755541.0277,9417.50000,0.05604000,b,m,
1525762658.1417,9328.30000,0.00000880,b,l,
1525761688.1061,9333.60000,0.01072884,s,m,
1525753498.2253,9405.00000,0.10000000,s,l,
1525759040.0228,9323.10000,0.02136293,s,l,
1525758948.6128,9323.30000,0.00637099,b,m,
1525761338.2494,9333.90000,1.00000000,s,m,
1525765791.7695,9356.80000,0.52918732,s,l,
1525757601.228,9373.80000,0.00082052,s,l,
1525758691.532,9343.20000,0.00374411,b,m,
1525754139.8143,9417.10000,0.16890400,b,l,
1525765161.9444,9337.50000,0.01060000,s,l,
1525756124.3228,9358.00000,0.03337812,s,l,
1525753514.6947,9403.60000,0.07460000,s,l,
1525755563.0014,9417.40000,0.01183082,s,l,
1525753517.6739,9407.10000,0.17531084,b,l,
1525761540.566,9336.10000,0.04140000,b,l,
1525761711.1155,9334.30000,0.04150000,b,l,
1525761131.0365,9361.90000,0.02481362,s,l,
1525753524.4284,9407.10000,0.05382263,b,l,
1525753729.7897,9395.20000,0.07000000,b,l,
1525765111.6212,9338.60000,0.00535412,s,m,
1525765819.7192,9349.50000,0.00459205,b,l,
1525764215.8483,9350.00000,0.23325433,b,l,
1525759972.8713,9349.10000,0.04394907,b,m,
1525765823.2774,9349.50000,0.10368975,b,l,
1525759972.8684,9341.90000,0.00000511,b,m,
1525765826.1631,9349.50000,0.07786165,b,l,
1525765827.7061,9354.60000,0.02000000,b,m,
1525763780.6632,9345.30000,1.00000000,b,l,
1525753542.0348,9395.20000,0.06921679,s,m,
1525762465.821,9331.40000,0.03055339,s,l,
1525758404.6871,9330.10000,0.22630000,s,m,
1525758469.4001,9331.40000,1.00000000,s,l,
1525755601.7118,9417.50000,0.01061900,b,m,
1525759698.6306,9316.00000,0.05000000,b,m,
1525761747.423,9331.00000,0.04150000,b,l,
1525759702.8919,9316.00000,0.01232946,b,l,
1525758691.5388,9343.20000,0.02919506,b,m,
1525759183.1054,9327.80000,0.05036518,b,l,
1525756184.6786,9371.50000,0.00000580,s,l,
1525753567.0981,9404.30000,0.05444697,b,l,
1525759972.8946,9356.90000,0.08067301,b,m,
1525758211.0097,9325.10000,0.01000000,s,m,
1525759715.6617,9328.10000,0.00255842,b,l,
1525759972.9449,9356.90000,0.08034114,b,m,
1525755857.1428,9385.50000,0.00467263,s,l,
1525754151.6733,9416.90000,0.22548078,b,m,
1525765361.3464,9359.30000,0.10000000,b,m,
1525761776.8322,9330.60000,0.09391825,b,l,
1525765111.6292,9337.60000,0.00007255,s,m,
1525758194.3834,9350.00000,0.01040000,s,l,
1525764570.6383,9349.60000,0.00447596,b,m,
1525765566.5665,9360.00000,0.01022126,b,l,
1525758932.5067,9323.60000,0.01000000,b,l,
1525761338.2251,9340.80000,0.00593465,s,m,
1525755541.0217,9417.50000,0.02346000,b,m,
1525756202.8054,9367.20000,0.19000000,s,l,
1525753249.6383,9408.50000,0.04468605,s,m,
1525756769.0858,9386.80000,0.02208356,s,l,
1525763712.9883,9342.30000,0.14715640,b,l,
1525758170.4034,9350.10000,0.05300000,b,m,
1525755241.6381,9422.90000,0.00590124,b,m,
1525762348.9546,9333.70000,0.79690000,b,l,
1525761665.2038,9334.20000,0.16280000,b,l,
1525752791.3591,9415.00000,0.01170000,s,l,
1525758691.5177,9343.20000,0.35000000,b,m,
1525759760.1067,9329.00000,0.05890000,b,l,
1525758571.0194,9330.80000,0.80701974,s,l,
1525765567.6833,9360.00000,0.02555744,b,l,
1525758196.5645,9341.00000,0.10000000,s,m,
1525758571.017,9330.90000,1.00000000,s,l,
1525758210.976,9330.00000,0.00560468,s,m,
1525761327.9441,9342.90000,0.00446865,b,l,
1525756770.2715,9386.80000,0.73968499,s,l,
1525753249.6484,9408.50000,0.01000000,s,m,
1525753944.2059,9406.00000,0.00464635,b,l,
1525756155.5048,9358.00000,0.48104118,s,l,
1525757232.6975,9377.30000,0.12060195,s,l,
1525753634.4497,9403.30000,0.00625924,b,l,
1525757043.8598,9379.50000,0.19000000,b,l,
1525756209.5009,9358.30000,0.05857852,s,l,
1525762908.7708,9331.50000,0.22490000,b,l,
1525759964.1869,9345.70000,0.88000000,b,l,
1525755527.5079,9413.40000,0.29290000,s,l,
1525755543.645,9417.50000,0.00200000,b,m,
1525764787.9782,9356.40000,0.18249038,b,m,
1525755694.988,9417.40000,0.51277055,s,m,
1525755695.0082,9401.70000,0.01872945,s,m,
1525755696.8831,9417.50000,0.00500000,b,l,
1525758210.9169,9333.00000,0.00100000,s,m,
1525761842.7189,9329.80000,0.05010000,b,l,
1525761688.1311,9317.90000,0.97900622,s,m,
1525754130.8481,9417.00000,0.29987993,b,l,
1525755701.2294,9417.00000,0.02504746,b,l,
1525759183.1276,9330.80000,0.03000000,b,l,
1525759438.558,9306.80000,0.00300000,s,l,
1525764818.3392,9349.10000,0.08333304,b,l,
1525761338.2317,9334.00000,0.23220000,s,m,
1525756771.4743,9386.80000,0.47824167,s,l,
1525755709.7521,9413.80000,0.00200000,b,l,
1525756828.7467,9386.60000,0.01318019,b,m,
1525761333.5642,9341.90000,0.00064823,s,l,
1525753291.3821,9407.40000,0.09882737,s,l,
1525759972.9013,9356.90000,0.01347606,b,m,
1525756428.7558,9369.20000,0.01695285,b,m,
1525758749.0567,9330.90000,0.00535000,s,m,
1525758469.3978,9331.40000,1.00000000,s,l,
1525756769.0929,9386.80000,0.73062129,s,l,
1525755721.7583,9412.80000,0.01062400,b,m,
1525758287.7243,9342.30000,0.00647506,s,l,
1525759823.8235,9323.40000,0.00200000,s,l,
1525765614.7016,9362.00000,0.10969573,b,l,
1525762360.7278,9331.40000,0.69200486,s,l,
1525753571.2672,9404.30000,0.00360974,b,l,
1525758211.0203,9325.10000,0.01000000,s,m,
1525759972.9357,9356.90000,0.03576120,b,m,
1525755738.7915,9400.30000,0.01605787,s,l,
1525760932.0676,9360.10000,0.00299132,b,l,
1525762934.6292,9335.40000,0.20000000,b,m,
1525761338.2343,9333.90000,0.27833084,s,m,
1525753695.1307,9396.40000,0.00919953,b,l,
1525755744.9882,9403.30000,0.00420000,b,l,
1525761205.9566,9354.00000,0.20480000,b,l,
1525753698.6823,9396.40000,0.00238343,b,l,
1525754744.7212,9423.00000,0.31140000,b,m,
1525753158.331,9415.80000,0.04791164,b,l,
1525759183.1213,9330.80000,0.04100000,b,l,
1525758210.9702,9330.00000,0.00438943,s,m,
1525761688.1255,9318.00000,2.03600000,s,m,
1525755538.5707,9417.40000,0.00632863,b,l,
1525755758.7713,9403.00000,0.03590178,b,l,
1525757387.6041,9375.40000,0.00439283,s,m,
1525765161.9588,9337.50000,0.18316104,s,l,
1525756098.5746,9368.00000,0.02820000,s,l,
1525759864.4505,9330.30000,0.00648289,b,l,
1525753646.8173,9403.20000,0.02515076,s,m,
1525755341.2513,9417.40000,0.25520000,s,l,
1525758749.0602,9327.90000,0.00536000,s,m,
1525753155.2084,9415.80000,0.17350621,b,l,
1525757387.6077,9375.30000,0.06226614,s,m,
1525758249.5971,9339.10000,0.00160533,b,l,
1525761920.914,9325.40000,0.02260000,s,l,
1525756099.8677,9368.00000,0.02600000,s,l,
1525763057.5367,9338.40000,0.22690000,b,m,
1525765658.581,9353.00000,0.24420820,s,l,
1525755780.5787,9400.10000,0.09575857,b,l,
1525759279.078,9328.00000,0.77700000,s,l,
1525761688.0833,9333.70000,0.00276330,s,m,
1525760047.1155,9355.30000,0.00000001,b,l,
1525756333.1107,9374.00000,0.00500000,b,l,
1525761931.4446,9325.90000,0.17620000,s,l,
1525758211.0731,9325.10000,0.00109400,s,m,
1525764215.8718,9350.00000,0.36888590,b,l,
1525760302.5441,9355.30000,0.01400000,s,m,
1525761688.1365,9316.90000,0.09183048,s,m,
1525754219.64,9409.70000,0.01033081,b,l,
1525759891.8747,9330.80000,0.20000000,b,m,
1525765161.9683,9337.50000,0.66312160,s,l,
1525758958.945,9323.10000,0.06452941,b,l,
1525765161.9734,9337.50000,0.31151946,s,l,
1525756279.2551,9368.70000,0.00350000,s,l,
1525755242.5043,9422.80000,0.00222999,s,m,
1525759902.502,9330.70000,0.05730000,b,l,
1525759972.8979,9356.90000,0.00600000,b,m,
1525759972.9481,9356.90000,0.19270724,b,m,
1525758469.4058,9330.30000,1.79000000,s,l,
1525761205.9617,9354.00000,0.26500000,b,l,
1525756098.5702,9368.00000,0.15650000,s,l,
1525762348.9491,9333.60000,0.20310000,b,l,
1525763057.54,9338.50000,1.22310000,b,m,
1525758570.9933,9342.50000,0.97631537,s,l,
1525753944.2147,9406.10000,0.01373177,b,l,
1525759183.1144,9330.70000,0.03030000,b,l,
1525757870.0691,9373.40000,0.00200000,b,m,
1525761338.2216,9341.90000,0.50000000,s,m,
1525764694.3521,9352.10000,0.21760000,b,l,
1525758211.0134,9325.10000,0.01000000,s,m,
1525756775.3466,9386.80000,0.00536494,s,l,
1525753780.514,9400.10000,0.05670000,s,l,
1525762934.6326,9335.40000,0.45450000,b,m,
1525765449.7085,9359.90000,0.00665977,b,l,
1525753503.8533,9400.00000,0.00100000,s,m,
1525759306.1338,9321.60000,0.00427580,s,l,
1525761983.288,9329.40000,0.02470000,s,l,
1525757888.4864,9373.40000,0.00400000,b,m,
1525755841.1468,9393.50000,0.01064600,b,m,
1525755843.7516,9393.40000,0.00532000,s,l,
1525764926.0691,9345.20000,0.00642041,s,l,
1525759183.1244,9330.80000,0.20000000,b,l,
1525757894.2341,9373.30000,0.00710000,s,l,
1525758958.9345,9323.10000,0.03547059,b,l,
1525760404.3765,9353.50000,0.43625873,s,m,
1525765111.614,9340.20000,0.01071000,s,m,
1525756770.2683,9386.80000,0.65879066,s,l,
1525765608.4027,9362.00000,0.06411610,b,l,
1525755857.137,9385.50000,0.00532737,s,l,
1525755858.9397,9385.50000,0.00238884,s,l,
1525756267.7458,9361.00000,0.61369333,b,l,
1525759375.3799,9305.80000,0.03096445,b,l,
1525756098.5768,9368.00000,0.20000000,s,l,
1525762006.0688,9325.70000,0.00580000,s,l,
1525759225.8804,9329.00000,0.03400000,b,m,
1525760527.6239,9353.50000,0.39912459,s,m,
1525757913.9588,9373.40000,0.00446865,s,l,
1525758287.7086,9345.20000,0.50000000,s,l,
1525753503.8485,9400.50000,0.23890000,s,m,
1525756922.5664,9380.20000,0.19810151,s,l,
1525756770.2459,9386.80000,0.23053676,s,l,
1525758210.9893,9330.00000,0.00561057,s,m,
1525755875.9419,9392.70000,0.07100000,b,l,
1525759972.9231,9356.90000,0.00200000,b,m,
1525755878.2453,9386.10000,0.00344939,s,l,
1525755217.0206,9422.90000,0.00200000,b,m,
1525757928.3046,9373.30000,0.00317273,s,l,
1525756924.3242,9380.30000,0.19559653,b,l,
1525764558.5937,9349.70000,0.18261548,b,l,
1525761205.9659,9354.00000,0.25200000,b,l,
1525758210.9303,9330.30000,0.01000000,s,m,
1525755891.6291,9386.20000,0.00484257,s,l,
1525756098.5918,9368.00000,1.00000000,s,l,
1525759993.6923,9345.40000,0.02240000,s,l,
1525754879.4313,9417.70000,0.01724140,b,l,
1525756610.3429,9376.50000,0.00432968,s,l,
1525755901.3369,9390.00000,0.13649274,b,l,
1525755902.2699,9390.00000,0.18537120,b,l,
1525757903.5124,9373.50000,0.00300000,b,m,
