time,price,volume,buy_or_sell,market_or_limit,misc
1525809153.5123,9273.30000,1.00000000,b,l,
1525888668.9643,9299.10000,0.66078610,s,l,
1525940229.4856,9351.00000,0.20746360,b,m,
1525845969.8982,9069.70000,0.07060000,b,m,
1525997024.8435,8910.10000,0.14000000,s,m,
1525983917.0846,9077.40000,0.02252490,b,m,
1525878333.2246,9310.80000,0.00000023,s,m,
1525780887.1451,9157.10000,0.00514904,s,l,
1525778361.9823,9185.50000,1.79000000,b,l,
1525809178.4031,9257.30000,1.00000000,b,l,
1525950322.1643,9360.10000,0.06000000,s,m,
1525940253.483,9350.90000,0.00000008,s,m,
1525809182.7805,9255.40000,0.11334237,s,l,
1525940256.8967,9351.00000,0.00347575,b,l,
1525940259.3622,9362.00000,0.11547391,b,l,
1526045468.6808,8577.50000,0.00099956,b,m,
1526049851.6631,8609.70000,0.01000000,s,m,
1526028334.6755,8783.90000,0.20292468,b,l,
1525940270.9489,9351.00000,0.01750000,s,l,
1525809199.7382,9255.40000,1.00000000,s,l,
1526028883.4132,8757.50000,0.12900000,s,m,
1525809203.7427,9255.40000,0.00200000,s,l,
1525809204.0429,9255.40000,0.01300000,s,l,
1525809205.0441,9255.90000,0.50000000,b,m,
1525911967.12,9377.30000,1.63000000,b,m,
1525809210.1887,9255.40000,0.14200000,s,l,
1525809213.6612,9255.30000,1.79018707,s,l,
1525809214.8086,9253.90000,0.45774997,s,l,
1525940289.7656,9351.00000,0.37408423,b,m,
1525809222.181,9250.10000,0.00540532,b,m,
1525809224.8696,9250.00000,0.00500000,s,l,
1526005772.4234,8937.20000,0.00500000,b,l,
1525809231.0282,9250.00000,0.01900000,s,l,
1526028297.548,8789.50000,0.01700000,b,l,
1525809236.0447,9250.10000,0.97227207,b,m,
1525940309.5264,9350.90000,0.04600000,s,l,
1525809241.948,9250.00000,2.19100000,s,l,
1525809244.7571,9250.00000,0.02200000,s,l,
1526040231.7863,8539.50000,1.31244382,s,m,
1525940324.5706,9350.90000,0.00500000,s,m,
1525809253.5944,9250.00000,0.05260000,s,l,
1526037065.3137,8714.00000,0.01310306,s,l,
1525810110.863,9239.60000,0.49300000,b,l,
1525809256.8603,9250.00000,0.00800000,s,l,
1525765658.5602,9361.90000,0.00640896,s,l,
1526062165.8913,8570.50000,0.19580000,b,l,
1525809260.8537,9250.10000,0.00000010,b,m,
1525809262.0695,9250.00000,0.02500000,s,l,
1525866849.5426,9214.60000,0.03200000,s,l,
1526041104.5472,8500.00000,0.07954065,s,l,
1525809266.9884,9250.00000,1.00000000,s,l,
1526041430.8949,8539.20000,0.00368145,b,m,
1525809273.6558,9250.00000,0.25000000,s,l,
1525841123.2444,9052.10000,0.01440000,b,m,
1526059896.3197,8615.40000,1.00000000,s,l,
1525838892.3641,8968.60000,0.11034804,s,l,
1526037066.5871,8714.00000,0.25290883,s,l,
1525809291.5671,9250.00000,0.18758607,s,l,
1525809292.6025,9250.00000,0.00200000,s,l,
1525809293.4475,9250.00000,0.20510000,s,l,
1525870889.0413,9275.00000,0.07240000,s,l,
1525809296.2752,9250.10000,0.07213007,s,l,
1525809297.7284,9250.00000,1.00000000,s,l,
1525809301.4906,9250.10000,0.00000632,b,m,
1525940374.9172,9351.00000,0.06611577,b,l,
1525809304.423,9250.10000,0.01199368,b,l,
1525809308.2855,9250.10000,0.00300000,s,l,
1525954141.9681,9332.80000,0.02393776,s,m,
1525837719.7937,9034.50000,0.11731839,b,l,
1526027632.2282,8818.00000,0.03017889,s,l,
1526025553.2115,8767.90000,0.04910000,b,m,
1525809319.6351,9250.30000,0.01800000,s,l,
1525809322.9823,9250.30000,0.00300000,s,l,
1526027634.7812,8818.00000,0.25000000,s,l,
1525940253.4086,9351.00000,0.01671465,b,l,
1526022536.4149,8833.70000,0.03400000,b,m,
1525983081.3434,9043.90000,1.00000000,s,m,
1526049481.1641,8631.50000,0.15000000,b,l,
1525962164.6281,9339.40000,0.06588890,b,m,
1525809337.6398,9250.50000,0.00642176,b,m,
1525809338.6531,9250.40000,0.00500000,b,l,
1525809339.6082,9250.40000,0.01300000,s,l,
1526054526.6324,8594.40000,0.19159616,b,l,
1525809351.655,9250.80000,0.23300000,b,l,
1525973819.7049,9165.90000,0.06000000,s,m,
1525809353.0734,9255.60000,0.01153333,b,m,
1525809355.2552,9255.00000,0.00400000,s,l,
1525940259.3595,9360.00000,0.00000027,b,l,
1525866811.0579,9214.30000,0.28833173,s,l,
1525888675.332,9299.00000,0.03798223,s,l,
1525809370.4967,9255.20000,0.01370000,s,l,
1525809372.1214,9255.80000,0.01479227,b,l,
1526050318.6608,8623.00000,0.01286223,b,m,
1525770198.4255,9393.20000,0.36050000,b,m,
1525858669.5767,9111.70000,0.42000000,b,l,
1525972425.2504,9206.20000,0.01000000,s,m,
1525809386.373,9255.60000,0.00840158,b,m,
1525800257.0155,9152.30000,0.93061845,s,l,
1525809390.039,9255.60000,0.00200000,b,l,
1526039330.0457,8675.10000,0.66839585,s,m,
1525871218.9235,9274.60000,0.00299726,s,l,
1525874729.3255,9263.00000,0.07620222,s,l,
1525867465.9849,9333.40000,0.00383767,b,m,
1526028341.1605,8780.40000,0.01360000,b,l,
1526050818.4328,8643.10000,0.09763027,b,m,
1525809408.9893,9255.10000,0.01854019,s,l,
1525911916.9905,9350.00000,0.00015948,b,m,
1525940483.8047,9351.40000,0.01000000,b,m,
1525809412.5784,9255.20000,0.01500000,b,l,
1525940487.5778,9351.40000,0.01000000,b,m,
1525809418.0942,9255.10000,0.00927009,s,l,
1526058563.461,8623.10000,1.20257301,s,m,
1525809423.3174,9255.10000,0.00463505,s,l,
1525809787.538,9233.80000,0.84534836,b,m,
1526049596.5565,8636.70000,0.00461503,s,l,
1525940270.9512,9351.00000,0.06635325,s,l,
1525809199.5154,9255.40000,0.04580000,s,l,
1525983962.967,9079.30000,1.00000000,s,m,
1525780045.556,9214.10000,0.30257687,s,m,
1526050165.5645,8601.70000,0.16710997,s,l,
1526039618.4407,8626.20000,0.01000000,b,m,
1526000054.2189,8928.90000,0.08546010,b,m,
1525758571.004,9335.70000,0.85965489,s,l,
1525809456.9018,9255.20000,0.02330000,b,l,
1526005811.4529,8937.20000,6.98594733,b,l,
1526021730.6147,8840.00000,0.04104765,s,m,
1525841876.0419,9074.70000,0.17708665,b,m,
1526037072.1452,8714.00000,0.03469048,s,l,
1525961230.6938,9335.00000,0.68663363,s,m,
1525940539.8993,9351.50000,0.00270000,b,l,
1525809468.7293,9258.10000,3.50000000,b,l,
1525976229.9408,9082.50000,0.14459530,s,m,
1525809476.1774,9255.20000,0.00144528,b,m,
1526050166.6647,8603.70000,0.22310000,s,l,
1525809478.0846,9255.20000,0.03720000,b,l,
1525940553.7337,9351.40000,0.00900000,s,l,
1525809485.0671,9255.20000,0.54096300,b,m,
1525871221.508,9270.70000,0.25922816,s,l,
1526005816.6632,8941.00000,0.00023924,s,l,
1526037073.7692,8714.00000,0.06002970,s,l,
1525809500.8529,9255.10000,1.00000000,s,l,
1525809501.232,9255.20000,0.42039172,b,l,
1526023486.4869,8790.90000,0.04448762,s,l,
1525874747.6315,9259.80000,0.08280000,s,l,
1525809509.3961,9255.10000,0.00144528,s,m,
1525940582.1859,9353.30000,0.09640000,b,l,
1526024358.3652,8754.80000,0.00440354,b,m,
1525809512.7875,9255.10000,1.00000000,s,l,
1525809513.8387,9255.20000,1.00000000,b,l,
1525940586.45,9353.30000,0.21930000,s,l,
1525940588.419,9353.20000,0.00750000,s,m,
1525986105.5501,9087.40000,0.31297091,b,l,
1525809213.6583,9255.30000,0.00238303,s,l,
1525852904.7077,9025.90000,0.10000000,s,l,
1525927629.3305,9344.60000,0.01000000,s,l,
1525809536.187,9255.10000,2.19100000,s,l,
1525983979.685,9079.90000,0.00495359,b,m,
1525997794.5265,8883.20000,1.00000000,s,l,
1525940618.6421,9355.00000,0.50000000,s,m,
1525871223.5284,9271.90000,0.16293522,s,l,
1525809549.9887,9255.10000,0.29941083,s,l,
1525809550.0166,9255.10000,0.00058917,s,l,
1525874755.6367,9257.50000,0.24000000,s,l,
1525838339.9072,9028.00000,1.00000000,s,m,
1525911917.0227,9363.30000,0.21732411,b,m,
1525809568.7545,9255.20000,0.79014000,b,m,
1525809569.3775,9255.10000,0.90368994,s,l,
1525809222.1502,9250.10000,0.01182052,b,m,
1525809575.1683,9255.10000,0.00770000,b,l,
1525896604.503,9285.00000,0.11699743,b,l,
1526028347.199,8777.10000,0.09899261,s,l,
1525997128.4341,8860.80000,0.49145945,s,m,
1525844704.1574,9036.10000,0.02348120,b,l,
1525867362.8673,9322.40000,0.10000000,s,l,
1525870891.6054,9275.00000,0.04012815,s,l,
1525918453.1363,9293.00000,0.00370269,b,m,
1525809601.0682,9255.00000,1.19943727,s,l,
1525809602.7437,9250.00000,0.98153240,s,l,
1525809604.2849,9238.80000,0.03000000,s,l,
1526049526.7487,8628.30000,0.01369603,b,m,
1525809606.4884,9234.00000,0.80000000,s,l,
1526038995.7394,8708.80000,0.17710000,b,l,
1525962146.6237,9337.50000,0.50000000,b,l,
1525809615.5831,9244.00000,0.00242976,b,m,
1526046837.4617,8551.30000,0.03580918,s,l,
1525983992.0284,9086.40000,0.02441178,b,l,
1526027683.8463,8810.60000,0.00000248,s,m,
1525872637.7457,9290.10000,0.10000000,b,m,
1525940695.545,9355.50000,0.00120000,b,m,
1526044598.2238,8600.00000,1.00000000,b,m,
1525809626.9045,9233.40000,0.00800000,s,m,
1525896613.5875,9279.50000,0.49754304,s,l,
1525809635.9589,9236.50000,0.22389392,b,l,
1525874769.2833,9257.20000,0.30533274,s,l,
1525809643.2236,9233.60000,0.01590000,s,l,
1525835171.4797,9028.70000,0.70324250,s,m,
1525809648.5976,9233.60000,1.04000000,s,l,
1525940722.4883,9355.40000,0.04000000,b,m,
1525874771.0777,9256.00000,0.01550000,s,m,
1525809657.8604,9233.60000,0.00521303,s,l,
1526041443.4025,8534.50000,0.23490000,s,m,
1525962154.5806,9339.00000,0.06400000,b,m,
1525809664.9811,9233.60000,0.10820000,s,l,
1525809665.1762,9233.60000,0.09910000,s,l,
1525809666.2852,9233.60000,0.10820000,s,l,
1525809671.017,9236.10000,0.10497394,b,l,
1526027692.0643,8825.10000,0.00492264,b,l,
1525809675.1262,9233.60000,0.13540000,s,l,
1525809676.9519,9236.10000,0.00144678,b,m,
1525809678.5525,9236.10000,0.01799197,b,l,
1525780980.795,9110.00000,0.15289055,s,l,
1526025347.6118,8770.90000,1.00000000,b,l,
1525997064.3149,8917.90000,0.08297918,b,l,
1525809699.2722,9233.70000,0.00684503,s,l,
1525962161.1166,9336.90000,0.03271872,s,l,
1526037080.7117,8714.00000,0.07957314,s,l,
1525875593.0732,9273.30000,0.03270608,s,m,
1525846752.4096,9061.30000,0.02805032,b,m,
1525835103.1099,9060.10000,0.09148191,s,m,
1525840677.5002,9034.20000,0.01000000,s,m,
1526049836.6735,8616.10000,0.04780000,s,l,
1525911967.5939,9395.90000,0.01102852,b,m,
1525918474.2533,9298.60000,0.00750000,b,m,
1526037709.8797,8729.90000,0.74280000,b,m,
1525809733.4451,9233.70000,0.01712128,s,l,
1525940809.3465,9355.40000,0.01000000,s,m,
1525867466.1617,9375.00000,0.00830000,b,m,
1525809742.3915,9233.70000,0.10000000,s,l,
1526065134.726,8612.10000,0.23810000,s,l,
1525870892.8805,9275.00000,0.07440000,s,l,
1526049903.7899,8608.40000,0.05284319,s,l,
1525765561.3423,9360.00000,0.00761200,b,l,
1525940832.1103,9355.50000,0.00704141,b,l,
1526049552.1918,8628.00000,0.30000000,s,m,
1525836314.1764,9053.20000,0.23410013,s,l,
1526045811.7262,8567.00000,0.02323535,b,l,
1526005862.1791,8950.00000,0.34800000,b,m,
1526049553.6737,8628.10000,0.04300000,b,l,
1526061184.4286,8568.50000,0.30318656,b,l,
1525836350.0496,9019.90000,0.03583420,s,m,
1525809779.4677,9233.70000,0.05000000,s,m,
1525809781.5098,9233.70000,0.00701284,s,l,
1525940855.9679,9355.50000,0.99175859,b,m,
1526041128.5715,8494.90000,0.32000000,s,l,
1525809787.5413,9233.80000,0.15465164,b,m,
1525809788.6435,9233.70000,0.03000589,s,l,
1526027712.0969,8824.30000,0.00002649,b,l,
1525809796.8648,9233.80000,1.62410000,b,m,
1525848197.3614,9059.10000,0.00441545,s,l,
1525765570.6627,9360.00000,0.13879268,b,l,
1525940880.5079,9362.40000,0.02030000,b,l,
1526041448.9644,8539.90000,0.10000000,b,l,
1526025265.9465,8754.90000,0.20280000,b,l,
1525809262.5142,9250.10000,0.30975344,b,l,
1525787417.8478,9125.60000,0.00899093,b,l,
1526021031.6257,8897.50000,0.06203630,b,l,
1525997128.2207,8865.90000,0.04427920,s,m,
1525780984.6784,9108.20000,0.05370095,s,l,
1525809825.1499,9229.30000,0.00234241,b,m,
1525809829.4589,9229.20000,0.00997805,s,m,
1526048091.0192,8559.00000,0.14020000,s,l,
1525940338.6726,9350.90000,0.02000000,s,m,
1525997804.6227,8875.10000,0.19250000,s,l,
1526040968.1699,8500.00000,0.50000000,s,m,
1525770849.2771,9334.00000,0.00865000,s,l,
1526040235.9455,8535.60000,0.03148602,s,m,
1525940925.2861,9355.80000,0.00729502,b,l,
1525809855.9822,9233.70000,0.00830938,b,m,
1525809856.0365,9233.90000,0.02669062,b,m,
1526022361.3094,8809.40000,0.00840532,b,m,
1526040858.5394,8513.00000,0.00385244,s,m,
1526041450.4134,8544.50000,0.10000000,b,m,
1525765581.7239,9360.00000,0.00288233,b,l,
1525835384.478,9010.00000,0.05000000,s,l,
1525897421.3452,9284.70000,0.01500000,b,l,
1525997805.5638,8874.60000,1.79000000,s,l,
1525863703.7989,9210.00000,0.30000000,b,l,
1525765582.2001,9360.00000,0.03854582,b,l,
1525953575.3051,9324.00000,0.80000000,b,m,
1526037086.2797,8713.90000,0.06073958,b,l,
1525940959.7814,9355.80000,0.00300000,b,l,
1525809889.6236,9239.50000,1.40535498,b,m,
1526058151.7737,8626.00000,0.10050306,s,l,
1525940972.1873,9355.40000,0.03030000,s,l,
1525783892.0196,9149.00000,0.10600000,b,m,
1526027731.4529,8825.60000,0.12172177,b,l,
1525768764.3879,9386.50000,2.00000000,b,m,
1525809913.75,9239.50000,0.00570769,b,m,
1525809916.2226,9239.00000,0.00700000,s,l,
1526049578.529,8628.10000,0.31816721,s,l,
1525940990.801,9351.40000,0.01252628,s,l,
1526027733.1823,8825.50000,0.00000019,b,l,
1526041499.4969,8516.30000,0.01000000,s,m,
1526059466.8814,8623.20000,1.00000000,b,m,
1525809933.9125,9239.20000,0.00390000,s,l,
1525888694.5882,9299.10000,0.00577341,b,l,
1525989078.1982,9110.00000,1.17431256,b,m,
1526058374.0233,8623.10000,0.02520828,s,m,
1525772015.4469,9282.70000,0.87650000,s,m,
1526037088.2787,8713.90000,0.04960000,b,l,
1525918511.767,9296.00000,0.06930591,b,m,
1526020159.9934,8972.00000,0.02580000,s,m,
1525809949.4702,9239.90000,0.00000514,b,l,
1525953575.3704,9330.00000,0.00300000,b,m,
1525809951.0802,9239.90000,0.01037916,s,l,
1525941026.1129,9355.70000,0.01400000,b,l,
1525809955.0865,9239.90000,0.00570769,s,m,
1525852977.1096,9031.90000,0.08740000,b,l,
1526027740.5244,8825.40000,0.00796616,b,l,
1525874823.29,9257.30000,0.28250000,s,l,
1525941037.3957,9355.70000,0.00238651,b,m,
1525960802.2108,9372.40000,1.27761758,b,l,
1525809967.8724,9247.00000,0.19410000,s,l,
1525787443.3876,9125.60000,0.07286526,b,l,
1526005897.6859,8950.00000,0.00500000,b,m,
1525937678.8,9304.10000,0.07415254,b,l,
1525787444.7574,9125.60000,0.21976786,b,l,
1525852981.1337,9032.20000,1.00000000,b,l,
1525941056.0336,9355.80000,0.02800000,b,l,
1526027744.133,8825.50000,0.11390000,b,l,
1525809986.895,9248.90000,0.69194990,b,m,
1525809990.7976,9247.20000,0.10410000,s,l,
1525945090.8042,9345.70000,0.01032992,b,l,
1526015267.7345,8959.40000,0.60335322,b,m,
1525809995.2486,9247.20000,0.01250000,b,l,
1525810002.811,9248.90000,0.00144384,b,m,
1525765603.5634,9360.00000,0.01023753,b,l,
1525941077.8844,9355.80000,0.00200000,b,l,
1525901790.7497,9227.50000,0.14368161,b,l,
1525984716.558,9107.90000,0.20000000,b,m,
1525804148.2076,9194.80000,0.00368602,b,m,
1525765605.303,9360.00000,0.00234637,b,l,
1525941088.4692,9355.70000,0.00928652,s,l,
1525809296.2858,9250.00000,0.18503278,s,l,
1525810019.6828,9248.80000,0.11797805,b,l,
1525941094.4232,9355.80000,0.01383175,b,m,
1525940369.1238,9351.00000,0.05980000,b,l,
1526049596.5603,8636.70000,0.00038497,s,l,
1525810028.1238,9248.80000,1.00000000,s,l,
1525810030.3091,9248.80000,0.12967153,s,l,
1525810031.0318,9248.80000,0.00369877,s,l,
1525854171.1045,9103.20000,0.01000000,b,m,
1525810033.99,9248.80000,1.00000000,s,l,
1526054611.4408,8627.20000,0.56627000,b,m,
1525835978.1272,9023.00000,0.00500000,b,m,
1525765609.862,9362.00000,0.01027301,b,l,
1525810041.5734,9248.80000,1.00000000,s,l,
1525941114.5867,9355.70000,0.01256184,s,l,
1525787455.1491,9125.40000,0.03963540,b,l,
1525991354.7472,9048.80000,0.07604980,s,m,
1525809301.1619,9250.00000,1.00000000,s,l,
1525776621.4702,9314.90000,0.00684914,b,m,
1525941121.1761,9355.80000,0.00023000,b,m,
1526032727.4341,8740.80000,0.14602386,s,l,
1525941123.5451,9355.70000,0.21628285,s,l,
1525810053.2341,9248.80000,1.73155671,s,l,
1525941129.8157,9355.80000,0.02600000,b,l,
1525941130.3867,9355.80000,0.00300000,b,l,
1525874839.4642,9257.30000,0.01414802,s,l,
1525838530.5493,9009.00000,0.22370000,s,l,
1525810069.6632,9248.70000,1.00000000,s,l,
1525810071.2909,9248.80000,0.45944329,b,m,
1525778367.2584,9199.90000,0.24700000,b,m,
1525973503.158,9100.00000,0.10000000,s,m,
1526020793.7086,8890.00000,0.15000000,s,m,
1526023999.4092,8740.80000,0.43028788,b,l,
1525874843.1443,9257.30000,0.26580000,s,l,
1525941156.6122,9350.10000,0.01410000,s,m,
1525787462.9754,9125.50000,0.01999411,b,l,
1526040858.5824,8512.70000,0.04671136,s,m,
1525852999.6824,9048.20000,0.05400000,b,m,
1526003398.2331,8912.00000,0.10000000,s,m,
1525941167.779,9355.80000,0.00200000,b,l,
1525765619.5878,9362.00000,0.01028643,b,l,
1525857527.3099,9084.10000,3.40000000,s,m,
1526020160.0059,8972.00000,0.61050000,s,m,
1525941178.221,9355.80000,0.00300000,b,l,
1525810109.9025,9234.70000,0.00144678,s,m,
1525810110.8665,9239.70000,0.50000000,b,l,
1525891844.0791,9286.40000,0.00100000,b,l,
1525976448.2717,9098.20000,1.00000000,b,m,
1526014819.7367,8934.10000,0.06000000,s,m,
1525973131.0316,9171.80000,0.23120000,b,m,
1525972425.1797,9218.40000,0.00500000,s,m,
1525896694.5925,9284.40000,0.00651129,b,l,
1525836326.3581,9053.20000,0.19952115,s,m,
1525941198.1465,9355.80000,0.01500000,b,l,
1525941199.9242,9353.00000,0.01363720,s,m,
1525842720.0642,9027.90000,0.81384521,s,m,
1525810134.3882,9232.90000,0.00066000,b,l,
1525941207.6106,9355.80000,0.00300000,b,l,
1525990863.2144,9083.50000,0.18420000,b,l,
1525853007.4862,9033.30000,0.00500000,b,l,
1525941214.1431,9353.00000,0.20000000,s,m,
1525941218.6141,9355.80000,0.01800000,b,l,
1525941219.0127,9353.00000,0.11170000,s,l,
1525810151.1506,9230.90000,0.11000000,s,m,
1526037095.8447,8701.20000,0.15000000,s,m,
1526022050.1607,8800.00000,0.25000000,s,m,
1526049619.3399,8636.70000,0.01716868,s,l,
1525941238.8931,9355.80000,0.00400000,b,l,
1525810167.9159,9231.10000,0.13863785,s,l,
1525941241.8885,9355.80000,0.02000000,b,l,
1525786680.2807,9124.00000,0.74076316,b,l,
1525810172.4216,9231.30000,0.00642690,s,m,
1525770860.5581,9331.00000,0.24110000,s,l,
1525941252.328,9353.30000,0.43930621,s,l,
1526027777.1319,8825.10000,0.10680080,b,l,
1525941260.4459,9355.80000,0.00200000,b,l,
1525810193.1369,9231.60000,0.08860000,s,l,
1525765636.4911,9362.00000,0.08137791,b,l,
1525810202.2431,9232.80000,0.00144286,b,m,
1525941277.3825,9355.80000,0.00200000,b,l,
1525811538.0348,9208.60000,0.02180201,b,l,
1525962900.2367,9335.00000,0.00300000,s,l,
1525867893.7975,9314.00000,2.92730000,b,l,
1525810213.9964,9236.10000,0.00289062,b,m,
1526037097.257,8710.00000,0.03036065,b,l,
1525984092.8642,9080.20000,0.01017406,b,l,
1526024283.6072,8740.00000,0.01310000,b,l,
1526025938.7868,8800.00000,0.29066943,b,m,
1525787485.2964,9124.10000,0.80000000,s,l,
1525941297.0236,9355.80000,0.00400000,b,l,
1525976229.9095,9087.50000,2.00000000,s,m,
1525941300.0715,9353.00000,0.11396902,s,m,
1526049630.6949,8636.90000,0.07990000,b,l,
1525941302.732,9355.80000,0.01400000,b,l,
1526027785.2006,8825.00000,0.11330000,b,l,
1525810234.7979,9229.00000,0.00144286,s,l,
1525831179.9754,9161.20000,0.01300000,s,l,
1526049633.3543,8636.10000,0.03240000,s,l,
1525908430.5016,9275.40000,0.16280000,s,l,
1525941324.6101,9355.80000,0.00300000,b,l,
1525941326.7933,9355.80000,0.00500000,b,l,
1525996132.2078,9005.00000,0.25000000,b,m,
1525896718.7747,9283.70000,0.12999297,b,m,
1525809337.6595,9250.50000,0.00000514,b,m,
1526049636.9914,8636.10000,0.00035007,s,l,
1525809338.6476,9250.40000,0.02110000,b,l,
1525810280.6526,9233.10000,0.03937400,b,l,
1525810282.9684,9233.00000,0.05060000,s,l,
1525941355.0292,9355.80000,0.01700000,b,l,
1525941359.173,9355.80000,0.00200000,b,l,
1526024006.5759,8739.10000,0.00000002,s,l,
1526055451.1558,8555.40000,0.08500000,s,m,
1525997026.6687,8956.50000,0.11048581,b,l,
1525810299.3056,9233.00000,4.50926763,s,l,
1525841123.2771,9054.30000,0.69014400,b,m,
1525853034.1899,9031.40000,0.00241483,s,l,
1525810305.0198,9229.00000,0.00855714,s,l,
1525997073.5621,8914.00000,0.02000000,b,m,
1525941382.2129,9355.80000,0.78064323,b,l,
1526021989.9604,8810.00000,0.00552923,s,m,
1526058334.7389,8637.00000,0.00200000,s,l,
1525840632.5274,9033.80000,0.22859674,s,l,
1526049840.908,8616.00000,0.23110000,b,m,
1525839198.3517,9018.40000,2.21800000,b,l,
1525962904.6722,9334.60000,0.00247715,s,l,
1525765658.5681,9360.10000,0.00534182,s,l,
1525827604.5074,9126.50000,0.01212230,b,l,
1525941414.9046,9356.90000,0.00150000,s,m,
1526025526.2257,8770.40000,0.40000000,b,l,
1525839049.9021,8980.80000,0.01532166,s,l,
1525809351.6639,9254.20000,0.06100000,b,l,
1526060201.2349,8639.50000,0.07716073,s,l,
1525810355.3111,9227.80000,0.00280000,s,l,
1526056755.3903,8588.60000,0.00800000,s,l,
1526026272.8,8767.00000,0.34483340,s,l,
1525941438.9947,9363.70000,0.00239897,b,l,
1525835388.9099,9010.00000,0.04619000,s,m,
1525810374.8254,9227.90000,0.07281000,s,l,
1526049655.6172,8636.50000,0.20634323,b,l,
1525810381.6775,9228.00000,0.00211398,b,l,
1526043128.8832,8511.40000,0.00542717,s,m,
1525768728.166,9369.90000,0.21110000,s,m,
1526055397.5795,8570.60000,0.15000000,s,l,
1525941474.7182,9363.60000,0.00200000,b,l,
1526047951.2913,8560.00000,0.05625500,s,l,
1525836341.3837,9053.20000,1.63595718,s,m,
1525810409.5369,9228.50000,0.11467500,s,m,
1525810410.572,9228.50000,0.01662852,s,l,
1525794711.7557,9163.40000,0.00040696,s,l,
1526049663.2707,8636.10000,0.23000000,b,m,
1525810436.4052,9235.40000,0.00216619,s,l,
1525810439.1975,9235.50000,0.06100000,s,l,
1525941520.1376,9357.50000,0.60000000,b,l,
1525941521.0443,9357.50000,0.00800000,b,l,
1525836463.5213,9000.00000,1.00000000,s,m,
1526028376.1202,8776.60000,0.15000000,b,l,
1526057697.9484,8651.70000,0.00280000,b,l,
1526049421.4902,8620.30000,0.01213473,s,l,
1526041186.3185,8490.00000,0.07353449,b,m,
1525941538.9408,9357.50000,0.01200000,b,l,
1525874907.7134,9257.40000,0.01296260,b,l,
1525941542.381,9357.30000,0.00200000,s,l,
1526027825.9992,8825.30000,0.00861034,b,m,
1525941544.2247,9356.50000,0.99999999,s,l,
1525809372.1255,9255.80000,0.02820773,b,l,
1526049671.4916,8633.40000,0.40000000,b,m,
1526027826.4908,8825.10000,0.14040000,b,l,
1525999213.8565,8886.70000,0.00449735,s,m,
1525792693.5789,9150.30000,0.01000000,b,m,
1525810490.0295,9237.80000,0.00642697,b,m,
1525973899.2489,9183.90000,0.20330000,b,l,
1525941566.5139,9357.50000,0.19410000,b,l,
1525867191.3177,9341.00000,0.00521025,b,m,
1525810499.3828,9237.80000,0.00144002,b,m,
1526032742.1262,8741.00000,0.00587823,s,l,
1525805787.8542,9227.50000,0.00350000,b,m,
1526049676.1187,8633.40000,0.02099378,b,l,
1526026273.2787,8767.00000,0.14040811,s,l,
1526064654.0912,8658.10000,0.00418906,b,m,
1526050559.1903,8643.90000,0.04645095,b,m,
1525831225.7486,9162.80000,0.04362776,s,m,
1525941593.3553,9357.30000,0.00600000,b,l,
1526027146.9148,8793.70000,0.04030000,s,l,
1525941600.1077,9357.50000,0.04350000,b,l,
1525867191.2841,9341.00000,0.28807700,b,m,
1525810532.8067,9233.80000,0.00144002,s,m,
1525810534.361,9238.60000,0.00642697,b,m,
1526049681.4797,8628.30000,0.10000000,s,m,
1525804557.1679,9235.90000,0.01000000,s,m,
1526023544.3492,8761.00000,0.32000000,s,m,
1526039488.5178,8660.20000,0.15300733,b,l,
1526027837.1188,8825.00000,0.60509915,s,l,
1525941616.6512,9357.40000,0.00600000,b,l,
1525810551.5831,9238.30000,0.03935900,b,l,
1525972363.051,9278.10000,0.13360000,s,l,
1525762658.1484,9328.70000,0.49264823,b,l,
1525810557.8452,9238.10000,0.00643211,s,m,
1526028455.2791,8769.90000,0.08065656,s,l,
1525941634.7703,9357.40000,0.00200000,b,l,
1525941639.0705,9357.40000,0.00600000,b,l,
1525836341.4166,9038.00000,3.00000000,s,m,
1525973620.8121,9145.10000,0.00900000,b,l,
1525810580.9953,9238.10000,0.10500000,s,m,
1526030638.2977,8759.90000,0.22980000,s,m,
1525810585.0501,9238.10000,0.99710938,s,m,
1526058932.0317,8626.80000,0.00710000,b,l,
1525810589.7069,9238.10000,1.00000000,s,m,
1525810591.5699,9238.10000,1.00000000,s,m,
1526024016.0529,8742.70000,0.10842265,b,l,
1525997829.4143,8880.00000,0.32789957,b,l,
1525810600.4626,9238.10000,1.00000000,s,l,
1525810605.987,9238.10000,0.07997245,s,l,
1525993465.5827,9070.60000,0.09974601,s,m,
1525853086.9163,9047.20000,0.00000001,b,l,
1525997128.2081,8901.60000,0.28070000,b,m,
1525941690.1294,9345.40000,0.01206869,s,m,
1525781127.7963,9085.90000,1.40936078,b,l,
1525831243.5066,9162.80000,0.00200000,s,l,
1525972339.3447,9276.10000,0.01000000,s,m,
1525941702.4179,9350.90000,0.00200000,b,l,
1525941709.9293,9350.80000,0.00700000,b,l,
1526016738.3639,8988.80000,0.19000000,b,m,
1526051140.9757,8619.20000,0.26460000,s,l,
1526040235.9122,8539.10000,0.03472000,s,m,
1525941728.9945,9348.50000,0.00976060,b,m,
1525941729.0049,9354.70000,2.13800000,b,m,
1526025059.5342,8725.00000,0.43696088,s,l,
1525941735.4105,9348.40000,0.00800000,s,l,
1526000033.9362,8922.70000,1.00000000,b,m,
1526037112.1084,8705.10000,0.08350000,b,l,
1526049703.7934,8628.00000,0.01000000,s,m,
1525975646.8441,9125.10000,2.00000000,s,l,
1526027147.0686,8790.10000,0.19329622,s,l,
1525941746.7449,9346.70000,0.00579880,s,m,
1525778215.8292,9180.00000,0.35000000,s,m,
1525853097.2947,9037.50000,0.00008775,s,m,
1526041477.6994,8533.50000,0.00000044,s,m,
1525941753.5373,9351.30000,0.00400000,b,l,
1525867507.5807,9339.40000,0.22089463,b,m,
1525810685.5954,9227.10000,0.00598605,s,l,
1525762148.4701,9324.30000,0.00375339,b,l,
1525941762.1142,9346.50000,0.00562969,s,m,
1526040727.1953,8528.90000,0.00160716,b,m,
1525941765.4324,9351.10000,0.00500000,b,l,
1526047780.7034,8560.10000,1.00000000,b,m,
1525848203.032,9064.50000,0.23325354,b,l,
1525941778.3618,9350.70000,0.00300000,b,l,
1525853102.6641,9044.20000,0.00732241,b,m,
1526024020.342,8740.80000,0.19561305,s,l,
1525810713.4114,9227.40000,0.29421395,b,l,
1525941790.6883,9348.00000,0.00800000,b,l,
1525941793.0334,9347.90000,0.00200000,b,l,
1525848695.3857,9080.40000,3.00000000,b,l,
1526023816.3742,8715.30000,0.24190000,b,l,
1525787569.9075,9120.00000,0.00159559,s,l,
1525810734.8525,9227.30000,0.00176513,s,m,
1525967282.4251,9324.10000,1.20500000,s,l,
1526058937.4855,8624.10000,0.00370000,s,l,
1525810739.4137,9227.30000,0.65200000,s,m,
1526024021.0527,8740.80000,0.01200000,s,l,
1525997834.1196,8883.10000,0.01245534,b,m,
1526035928.8539,8730.10000,0.04900000,s,l,
1525810748.9135,9227.00000,2.00000000,b,l,
1526044019.5485,8533.60000,0.21410000,b,l,
1526037115.3811,8700.10000,0.00327645,b,l,
1526049718.7153,8630.40000,0.08160959,b,l,
1525759972.9327,9356.90000,0.07923560,b,m,
1525982210.2712,9065.40000,0.02291940,b,l,
1526058938.7272,8624.10000,0.77660000,s,l,
1526035806.1827,8730.80000,0.72790697,s,m,
1525941847.8995,9342.40000,0.16500000,b,l,
1526024529.3395,8732.90000,0.04970000,b,l,
1525810778.3822,9226.90000,0.00430000,s,l,
1526037116.1603,8700.00000,0.00459000,s,l,
1525810788.3806,9227.30000,0.01218396,s,l,
1525810789.8774,9227.30000,0.00053400,s,l,
1525941862.3301,9342.50000,0.04510000,b,l,
1525778215.2833,9200.00000,0.05000000,s,m,
1525941869.776,9342.40000,0.29643131,b,l,
1525941871.8944,9342.10000,0.02827473,b,l,
1526006565.76,8936.20000,0.39328535,b,m,
1525807805.9712,9231.60000,0.05288908,b,m,
1526041128.524,8500.00000,0.02000000,s,l,
1525836349.9767,9039.30000,1.79000000,s,m,
1526028388.7539,8770.00000,0.00200000,s,m,
1525810818.273,9227.90000,0.00500000,s,l,
1525941891.649,9341.30000,0.00000001,b,l,
1525812415.1137,9170.00000,0.00000336,s,l,
1525779266.3656,9236.80000,0.18130000,b,m,
1525810830.0257,9228.00000,1.95842000,s,l,
1525781523.5537,9129.10000,0.02870000,b,m,
1525831278.6074,9164.00000,0.10649380,s,l,
1525836350.0549,9019.30000,2.70542236,s,m,
1525867466.1376,9375.00000,0.03986500,b,m,
1525899705.2767,9251.30000,2.41878612,b,l,
1525867830.8949,9313.20000,5.87697015,b,m,
1526027950.7017,8822.90000,0.03465713,b,l,
1525941925.9116,9341.20000,0.30000000,s,l,
1525941926.7799,9341.30000,0.00817399,b,l,
1525810855.4809,9232.50000,0.00642705,b,m,
1525941932.3128,9341.30000,0.00500000,b,l,
1526024025.2177,8742.10000,0.00865146,s,l,
1526054611.4295,8626.90000,0.35000000,b,m,
1525941940.3416,9341.30000,0.01320000,b,l,
1525973620.8101,9145.10000,0.00200000,b,l,
1525780991.8939,9100.00000,0.96811943,s,m,
1525874976.5859,9257.30000,0.14247760,s,l,
1525941955.6821,9341.20000,0.50000000,s,l,
1525863496.7039,9207.30000,0.06000000,s,m,
1525941966.5233,9341.30000,0.05062601,b,l,
1525768227.9688,9378.00000,0.00533890,b,m,
1526027896.2162,8825.20000,0.17360000,b,m,
1526040242.3127,8546.40000,0.00001470,s,m,
1525938684.6909,9388.90000,0.85082288,b,m,
1525896825.3067,9284.80000,0.03159885,s,m,
1525953575.3378,9326.10000,1.00000000,b,m,
1525941977.4742,9341.30000,0.01359993,b,l,
1525810907.6364,9232.90000,0.25590000,s,l,
1526057700.8128,8648.30000,1.00000000,s,m,
1526021749.3735,8835.40000,0.00000001,b,l,
1525787600.7901,9118.20000,0.21500000,s,m,
1525962363.0452,9334.40000,1.00000000,s,l,
1525869154.6181,9303.00000,0.43891446,b,m,
1525941990.6309,9336.10000,0.12110000,s,l,
1526049745.409,8628.00000,0.08941052,s,l,
1525941992.5126,9335.70000,0.19963094,s,m,
1525941993.7711,9335.90000,0.15238031,b,l,
1525962977.2836,9331.50000,0.00500000,b,m,
1525912799.1046,9343.20000,0.01490000,b,m,
1526049746.1789,8628.00000,0.19219158,s,l,
1526016777.2061,8981.30000,0.00523570,b,m,
1525896829.8299,9285.00000,0.01154531,b,l,
1525942002.5574,9335.90000,0.06729746,b,l,
1525942003.324,9335.70000,0.00200000,s,l,
1525942006.9637,9335.90000,0.03412485,b,l,
1526049748.3646,8628.00000,0.02712513,s,l,
1525810939.046,9234.00000,0.01125268,b,l,
1525810940.863,9234.00000,0.00460000,s,l,
1525810948.9193,9234.00000,0.14130000,s,l,
1525942022.8887,9335.80000,0.02389513,s,l,
1526025746.5376,8744.90000,0.01061553,b,l,
1525942024.4477,9335.70000,0.05448813,s,l,
1525810954.148,9234.00000,0.21310000,s,l,
1525942027.1757,9335.90000,0.00629391,b,l,
1525980532.1498,9103.80000,1.00000000,s,m,
1525942032.3824,9335.90000,0.22865288,b,l,
1526043734.2754,8544.30000,0.01500000,s,m,
1526027907.78,8825.50000,0.07861034,b,l,
1525810964.6735,9234.00000,0.10000000,s,m,
1525942037.3514,9338.50000,0.00779880,b,m,
1525897960.8607,9268.30000,0.35257224,b,m,
1525810969.6363,9234.00000,0.01420000,s,l,
1525810972.8964,9234.00000,0.02380000,s,l,
1525835269.4096,9026.60000,0.01700000,s,m,
1525942049.4911,9336.20000,0.21894306,b,l,
1525942050.0002,9336.90000,0.08550000,s,l,
1525841341.9758,9065.00000,0.00400000,b,m,
1526008921.5644,8925.10000,0.23240000,b,l,
1525810983.6633,9234.00000,0.50000000,b,l,
1525936809.9093,9296.70000,0.00100000,b,l,
1525789504.2556,9166.60000,0.11135326,b,m,
1525810987.1327,9234.10000,0.01094000,b,l,
1525810988.4652,9234.00000,0.22740000,s,l,
1525942063.4207,9336.30000,0.03791700,s,l,
1525990009.535,9085.70000,0.15000000,b,l,
1525810995.711,9233.90000,0.14010366,s,l,
1526049758.8305,8628.00000,0.00922938,s,l,
1525942070.2791,9330.30000,0.17298300,b,l,
1526002207.8736,8937.90000,0.03650909,s,l,
1525811001.5088,9234.10000,0.15000000,s,m,
1525942075.1331,9330.30000,0.00001182,s,l,
1525942076.1763,9335.50000,0.13751600,b,l,
1525811005.1277,9235.90000,0.00143825,b,m,
1525811010.447,9234.00000,0.06504398,s,l,
1525942083.3841,9330.50000,0.83140000,b,l,
1526061118.8534,8565.00000,0.97856576,b,l,
1525918474.2596,9298.60000,0.09542897,b,m,
1525811030.1947,9234.10000,2.50900000,b,l,
1525787620.2636,9120.10000,0.15643890,b,l,
1525811035.6301,9234.10000,3.00000000,s,l,
1525811038.0234,9234.10000,0.00143825,s,m,
1525942111.2995,9331.10000,0.41464675,s,l,
1525942112.7674,9337.20000,0.12603911,b,l,
1525972425.4004,9200.00000,0.00440000,s,m,
1526026724.5242,8799.50000,0.01000000,b,l,
1525809467.2188,9255.10000,0.00453484,s,l,
1525910109.5238,9307.00000,0.00559118,b,m,
1525809468.732,9258.10000,0.08233806,b,l,
1525971657.1012,9341.20000,0.01480000,s,l,
1526055490.8878,8562.80000,0.00485000,s,l,
1525942128.2806,9330.50000,0.48067900,s,l,
1525942129.0993,9330.50000,0.02800000,s,l,
1525942130.8356,9332.00000,0.00943735,s,l,
1525942133.1867,9332.10000,0.12603911,s,l,
1525942135.4227,9330.60000,0.41680631,s,m,
1526058948.1868,8626.30000,0.00997407,s,m,
1525811074.9666,9234.00000,0.00500000,s,l,
1525811076.1168,9234.20000,0.01039655,b,l,
1525942152.5172,9337.10000,0.50000000,s,l,
1526063313.0833,8594.50000,0.01215973,b,l,
1526049773.1134,8628.00000,0.05310000,s,l,
1525811093.1414,9226.00000,0.05570000,s,l,
1525867507.0509,9331.00000,0.01000000,s,l,
1525942172.3307,9337.20000,0.00930000,s,l,
1525831322.209,9164.20000,0.09168213,b,m,
1525811103.3815,9219.00000,0.01000000,s,m,
1525997128.2815,8864.20000,0.00001552,s,m,
1525779620.5613,9231.10000,0.00000514,b,m,
1525772049.3922,9300.70000,0.02630000,b,m,
1525942184.1919,9345.00000,0.00206172,b,m,
1525811114.8081,9223.30000,0.15000000,s,m,
1525942188.2787,9347.90000,0.15000000,b,m,
1525810172.4388,9231.30000,0.01153333,s,m,
1525942191.1726,9347.50000,0.42000000,b,m,
1526027934.6044,8826.80000,0.06882666,s,l,
1525858182.7716,9115.00000,1.00000000,s,l,
1525765791.7796,9356.60000,0.00641259,s,l,
1526014902.1845,8926.80000,1.46587500,s,m,
1525770892.2656,9331.60000,0.58879335,s,l,
1526054586.9818,8607.90000,0.04700000,s,l,
1526037128.9849,8692.80000,0.05000000,b,m,
1525848206.7177,9073.60000,0.22467203,b,l,
1525785983.9416,9126.60000,0.00558000,s,m,
1526027939.6677,8825.80000,0.01000000,b,l,
1525811160.3791,9222.60000,0.17095000,b,m,
1525942237.5489,9342.10000,0.00500000,b,l,
1525831333.2548,9165.00000,0.00200000,s,l,
1525964578.7964,9311.90000,1.00000000,s,m,
1526027942.6715,8825.80000,0.01074064,s,l,
1525811174.8403,9220.00000,0.05692113,s,l,
1526027943.7533,8825.70000,0.04718696,s,l,
1526049789.7304,8628.00000,0.17109312,s,l,
1525778215.5531,9199.00000,0.65991934,s,m,
1526027945.7197,8825.10000,0.02502565,b,l,
1525814539.1912,9179.90000,0.00100000,b,l,
1526049791.1655,8628.00000,0.21360000,s,l,
1525788352.8435,9125.40000,0.23782797,s,l,
1526027946.7656,8825.80000,0.01181889,b,l,
1526000054.2249,8928.90000,0.22260000,b,m,
1525811200.5116,9219.10000,0.55000000,s,m,
1526049793.6073,8628.00000,0.12255438,s,l,
1525976027.147,9110.40000,1.92309193,s,m,
1526027949.4042,8825.90000,0.06171912,s,l,
1525869156.6579,9301.50000,0.80000000,s,m,
1526027950.8237,8822.90000,0.22290000,b,l,
1525788353.4353,9125.40000,0.00008451,s,l,
1526027951.3728,8822.90000,0.07910000,b,l,
1525811231.7754,9217.90000,0.10000000,s,l,
1525972339.267,9283.80000,0.21417278,s,m,
1526027953.9692,8822.90000,0.26067823,b,l,
1525870902.4716,9275.00000,0.04012945,s,l,
1525896882.6694,9297.60000,0.02210000,s,l,
1525809501.2378,9258.20000,1.03117053,b,l,
1525938684.675,9388.90000,0.02500000,b,m,
1525811249.8558,9218.20000,0.00314463,b,m,
1526027955.3741,8825.70000,0.00338872,s,l,
1525811252.4067,9218.10000,0.03580000,s,l,
1526024038.954,8746.30000,0.03673663,s,l,
1525811255.2997,9218.10000,0.01456485,s,l,
1526027956.4677,8826.00000,0.01130000,b,l,
1526052465.5317,8616.80000,0.38428768,s,l,
1525942347.3102,9339.10000,0.00995219,b,l,
1525811276.8457,9218.30000,0.01154439,b,l,
1526053338.1824,8588.10000,0.00175906,s,l,
1525778375.5951,9198.10000,0.00646429,b,m,
1525811282.1767,9218.20000,0.30000000,s,l,
1525811283.9168,9218.20000,0.00506186,s,l,
1525811284.2652,9220.90000,0.20000000,b,m,
1525888739.6182,9300.00000,0.32204000,b,l,
1525811292.5136,9219.00000,0.09050000,s,l,
1526054591.1938,8607.90000,0.32281869,s,l,
1525984272.9165,9071.40000,0.00001526,b,l,
1526027963.221,8818.50000,0.07920000,b,l,
1525784727.5928,9140.40000,1.07044257,b,m,
1526049809.8712,8628.00000,0.02800000,s,l,
1525798599.5695,9135.30000,0.00182000,s,m,
1525811305.7261,9219.10000,0.06240000,b,l,
1525858188.3114,9115.00000,0.11800727,s,l,
1526027965.6063,8815.70000,0.02789444,b,l,
1525842684.758,9023.60000,0.19040000,b,l,
1526027967.6346,8818.50000,0.09845281,b,l,
1525811327.8934,9218.30000,0.02462686,b,l,
1525766534.2629,9356.50000,0.00032570,b,m,
1526027969.9356,8818.30000,0.00917111,b,l,
1525997046.6395,8927.10000,0.02000000,s,m,
1526049815.8201,8628.00000,5.00000000,s,l,
1526041499.4523,8516.30000,0.01000000,s,m,
1526027970.953,8818.30000,0.37860000,b,l,
1525811345.579,9218.10000,0.00260000,s,l,
1525765827.7061,9354.60000,0.02000000,b,m,
1525770899.8219,9333.00000,0.00768234,s,l,
1526049817.7066,8628.00000,0.48416173,s,l,
1525811354.8039,9218.30000,0.02000000,b,m,
1526049818.337,8628.00000,0.19261544,s,l,
1525884377.558,9301.10000,0.01595851,s,m,
1525811365.8884,9218.20000,0.08985255,b,l,
1525858190.7494,9115.00000,0.04432600,s,l,
1525942439.3178,9334.50000,0.26290407,b,l,
1526049820.3873,8628.00000,0.01266621,s,l,
1525942444.0375,9334.50000,0.39937900,b,l,
1525942445.3508,9334.50000,0.26061521,b,l,
1526049821.9281,8628.00000,0.08077780,s,l,
1525942448.9548,9334.50000,0.01914812,b,l,
1526027976.7792,8813.10000,0.00099956,s,l,
1525942450.4383,9334.50000,0.12795360,b,m,
1526049822.0472,8628.00000,0.08634065,s,l,
1525967197.447,9330.00000,0.24153821,s,l,
1526027977.4009,8813.10000,0.02513115,b,l,
1525942457.6311,9341.10000,0.12827028,b,m,
1526028407.6457,8769.90000,0.15067000,b,l,
1525831370.2734,9163.70000,0.00167006,s,l,
1525798599.7261,9135.00000,1.90360796,s,l,
1526024043.3134,8746.10000,0.00699524,s,l,
1525972899.5175,9155.00000,0.21850000,s,l,
1525888743.1527,9300.00000,0.49009735,b,l,
1526020793.7344,8882.00000,0.02007001,s,m,
1525942489.8758,9344.30000,0.02139369,b,l,
1525942490.9079,9344.60000,0.21930000,b,l,
1525858014.989,9104.50000,0.26729982,s,m,
1525896912.0225,9297.60000,0.05080000,s,l,
1525830453.0737,9172.70000,0.02563589,b,m,
1526039935.9229,8644.10000,0.02586689,s,l,
1526032773.0683,8749.30000,0.00270683,b,l,
1526024044.4611,8743.80000,0.62257993,s,l,
1525811435.2302,9210.00000,0.12870000,s,l,
1525967795.9546,9328.80000,0.01005977,b,m,
1525942509.392,9344.50000,0.00385244,b,m,
1525811441.4923,9210.10000,0.01055900,s,l,
1525811446.1212,9210.00000,0.00270000,s,l,
1525811449.7476,9210.00000,0.04907220,s,l,
1525872188.2794,9278.70000,0.00640300,b,l,
1526006144.1598,8949.60000,0.02429180,s,l,
1525787691.8315,9119.90000,0.09368271,s,m,
1525811460.1986,9209.90000,0.00500000,s,l,
1525962454.4118,9334.70000,0.02579441,s,l,
1526049836.5635,8616.10000,0.10000000,s,m,
1525888745.5422,9300.00000,0.15170265,b,l,
1525811473.4247,9209.70000,0.22467203,b,l,
1525758749.0602,9327.90000,0.00536000,s,m,
1525785328.2291,9159.00000,0.01000000,s,l,
1525780995.0533,9100.00000,0.20000000,s,l,
1525896921.3232,9297.60000,0.02720000,s,l,
1525811480.0737,9209.60000,0.18030000,s,l,
1525811481.6108,9209.60000,0.07718113,s,l,
1525811485.1149,9209.60000,0.03835693,s,l,
1526041186.3335,8490.00000,0.05814914,b,m,
1526049840.9165,8616.20000,0.27140000,b,m,
1525942562.4821,9348.30000,0.10065086,b,l,
1525942563.2576,9348.30000,0.09563758,b,l,
1525803342.1823,9130.10000,0.24440000,b,m,
1525811497.1437,9209.60000,1.00000000,s,l,
1525942570.5781,9348.20000,0.02948926,b,m,
1525816784.7191,9171.30000,0.09325070,s,l,
1525811508.946,9209.60000,0.06475956,s,l,
1525811509.495,9209.60000,0.01030000,s,l,
1525811510.8568,9209.60000,5.22507696,s,l,
1526023661.9073,8747.70000,0.02980000,s,m,
1525772926.9587,9250.00000,0.21059265,s,m,
1525896928.3951,9297.60000,0.02360000,s,l,
1525997860.9946,8899.90000,0.25000000,b,l,
1525990491.4082,9081.00000,0.04725497,s,l,
1525911967.404,9385.00000,0.11051558,b,m,
1526037141.8677,8690.30000,0.01959215,b,l,
1525811538.0389,9209.60000,0.01627099,b,l,
1525811539.1587,9211.10000,0.01970022,s,l,
1525758194.8395,9347.10000,0.00323300,s,l,
1526023801.4997,8700.00000,0.01000000,s,m,
1525942621.85,9340.10000,0.00977879,s,l,
1525814551.525,9172.00000,0.00462852,s,m,
1525942625.7069,9339.30000,0.00600000,b,m,
1526049851.6434,8613.00000,0.01000000,s,m,
1525997861.026,8899.90000,0.00000032,b,l,
1525811558.6704,9214.80000,0.03970000,s,l,
1525942635.4211,9341.90000,0.01540000,b,m,
1525896936.0671,9297.60000,0.00523085,s,m,
1526049855.2499,8609.90000,0.14750000,s,l,
1525942655.7424,9338.00000,0.00983500,s,l,
1525997252.8096,8882.30000,0.05142036,s,m,
1525811591.2376,9214.90000,0.20580000,s,l,
1525811594.4346,9214.90000,0.01446382,s,l,
1525936759.6455,9286.50000,0.25370000,s,m,
1526037143.9993,8699.80000,0.04902885,b,l,
1525942671.496,9336.10000,0.13426300,s,l,
1526044962.6032,8596.00000,0.04070000,b,l,
1526028014.3108,8807.10000,0.04766262,b,l,
1526028871.7924,8764.40000,0.05087124,s,m,
1525958582.2123,9368.40000,0.00733245,s,l,
1525811613.9751,9214.90000,0.00627570,s,l,
1525811614.6832,9215.00000,0.09510000,b,l,
1526049861.4478,8616.20000,0.03300000,s,l,
1525811616.4783,9215.00000,0.22540000,b,l,
1526040858.5937,8512.70000,0.20000000,s,m,
1525780996.0908,9100.00000,0.00200000,s,l,
1525811632.5729,9215.00000,0.02930000,b,l,
1525867413.1763,9317.70000,0.11300000,b,m,
1525942706.7051,9342.00000,0.00960000,b,l,
1525858199.8665,9115.00000,1.00000000,s,l,
1525867830.9347,9332.30000,3.00000000,b,m,
1525958960.6098,9373.90000,0.00500000,b,l,
1525811645.059,9214.90000,0.00234173,s,l,
1525888751.232,9300.00000,0.13922994,b,l,
1525987274.3405,9098.20000,0.01000000,s,l,
1525809568.7625,9260.00000,0.31324000,b,m,
1525811650.2897,9214.90000,0.01000000,s,l,
1526042847.7368,8502.40000,0.17533451,s,m,
1525970001.8104,9355.00000,1.15864370,b,l,
1526023662.5033,8759.50000,0.15521253,b,m,
1525863572.4456,9200.50000,0.00100000,b,m,
1526028025.2296,8800.00000,0.00250000,b,l,
1525955576.169,9339.80000,0.00660083,s,m,
1525811673.9635,9214.80000,0.00307843,s,l,
1525904075.6184,9267.10000,0.36320802,b,m,
1525788368.6002,9130.00000,0.97742820,b,l,
1526024535.4382,8729.00000,0.04430000,b,l,
1525811678.2365,9214.90000,0.00644214,b,l,
1525811683.4796,9215.00000,0.10400000,b,l,
1526028417.9971,8763.10000,0.42400000,s,m,
1525780967.4573,9119.90000,0.02800000,b,m,
1525809575.2086,9255.00000,0.01672319,s,l,
1525811693.6396,9215.00000,0.10560000,b,l,
1525870905.1198,9275.00000,0.10947314,s,l,
1525811698.5703,9215.00000,0.01130000,b,l,
1525867505.4199,9331.00000,0.00500000,s,l,
1525811706.5526,9215.00000,0.01081239,b,m,
1526042965.7538,8545.20000,0.11600000,b,m,
1525760047.1225,9361.60000,0.04891308,b,l,
1525787734.6823,9115.20000,0.00822616,s,l,
1525868370.67,9280.90000,1.00000000,s,l,
1525811725.2776,9215.00000,0.05115900,b,l,
1526027065.3338,8817.80000,0.17796829,s,l,
1525942800.3122,9337.20000,0.00490100,s,m,
1525811734.1984,9214.90000,0.01501928,s,l,
1525967797.1484,9325.10000,0.39969386,s,m,
1525770912.8629,9333.50000,0.01308505,s,m,
1525954104.2544,9316.90000,0.19210000,b,l,
1525997024.1688,8950.00000,0.20000000,s,m,
1525787740.6061,9115.40000,0.01791517,b,l,
1526021733.2937,8830.00000,0.01040469,s,m,
1526028039.8588,8799.90000,0.03333603,b,l,
1526034617.2306,8770.00000,1.00000000,s,m,
1526049886.9815,8611.30000,0.00099956,s,l,
1526028041.5394,8799.90000,0.11660000,b,l,
1525867466.1558,9375.00000,0.00650000,b,m,
1525811779.5188,9214.90000,0.05420810,s,l,
1525811781.942,9214.90000,0.20580000,s,l,
1525811788.1226,9214.90000,0.02750000,s,l,
1526024056.9745,8760.80000,0.00380000,s,l,
1525811794.5347,9214.90000,0.00641347,s,l,
1526040521.706,8552.00000,0.01420898,s,l,
1526049892.0662,8608.00000,0.00800000,s,l,
1525811803.6431,9214.90000,0.09880000,s,l,
1525811805.6128,9214.90000,0.10823457,s,l,
1526028048.6336,8799.80000,0.00680000,b,l,
1525781125.9807,9070.40000,0.00004684,b,l,
1525896977.5339,9297.60000,0.00388026,s,m,
1525756099.8701,9368.00000,0.17123501,s,l,
1525840747.5823,9040.00000,1.07556053,b,m,
1526028050.9348,8799.80000,0.11890000,b,l,
1525811823.5493,9214.80000,0.00192157,s,l,
1525811825.6622,9214.80000,0.00729435,s,l,
1525896979.8648,9297.70000,0.05060000,b,m,
1525811828.2258,9207.70000,0.01779753,s,m,
1525827261.7876,9140.00000,0.50545253,s,m,
1526024972.5831,8705.00000,0.14463198,s,l,
1525962516.5645,9334.80000,0.93384354,s,l,
1525976230.021,9058.00000,0.50000000,s,m,
1526023661.6281,8752.60000,0.01770000,s,l,
1525870906.0278,9275.00000,0.02500000,s,m,
1526028054.3876,8797.20000,0.02000000,s,l,
1526025409.1757,8771.90000,1.27078996,s,l,
1525879635.726,9290.60000,0.15146440,b,l,
1526050245.3342,8609.80000,0.00200000,b,l,
1526041516.7545,8532.00000,0.03232190,b,l,
1525809602.7489,9243.20000,1.79000000,s,l,
1525811856.3886,9207.70000,0.00392247,s,l,
1525811859.5519,9207.60000,0.00500000,b,l,
1525971684.646,9345.00000,0.46496000,s,l,
1525768777.3337,9392.50000,1.00000000,b,m,
1525809604.2886,9238.80000,0.10000000,s,l,
1525811866.8095,9201.00000,0.02500000,s,l,
1525811867.1435,9201.00000,0.08970000,s,l,
1525811871.0883,9204.30000,0.00084513,b,m,
1526027155.1616,8789.50000,0.20950000,s,l,
1526001939.1321,8946.90000,0.48092730,b,m,
1525809606.3484,9235.00000,1.00000000,b,l,
1525942950.2976,9337.20000,0.00500000,s,l,
1525811881.9343,9200.00000,0.00200000,s,l,
1525811882.7656,9199.10000,0.08582820,b,l,
1526050818.4286,8643.10000,0.00000001,b,m,
1525942956.2125,9332.30000,0.19170000,s,m,
1525984370.0323,9081.40000,0.01000000,s,m,
1525811887.2117,9201.20000,0.08985255,s,l,
1525811890.8064,9202.20000,0.02830000,s,l,
1526049907.54,8608.40000,0.08140000,s,l,
1525942965.1302,9332.20000,0.01264313,s,l,
1526054611.4369,8627.10000,5.00000000,b,m,
1526037153.975,8695.20000,0.19933927,s,l,
1525901853.0842,9227.50000,0.00500000,s,l,
1525811901.935,9200.00000,0.01500000,b,l,
1525811905.9556,9204.30000,0.00800000,b,m,
1525811909.7928,9204.30000,0.00425277,b,m,
1525878475.0153,9291.60000,0.10400000,s,m,
1525811913.146,9207.70000,0.01000000,b,m,
1525811915.6364,9203.10000,0.00200000,s,l,
1525942995.64,9336.00000,0.00332935,s,l,
1525942996.5864,9332.20000,0.00250000,s,m,
1526045883.6243,8555.00000,0.27025903,s,l,
1526040968.2763,8510.30000,0.19772537,b,m,
1525787769.6029,9119.90000,0.30000000,b,m,
1525811928.5503,9203.40000,0.03350000,s,l,
1526028068.3877,8799.70000,0.04480000,s,l,
1525809615.5717,9244.00000,0.00242976,b,m,
1525982037.1978,9094.50000,0.12035378,b,l,
1525811936.7783,9205.20000,0.01000000,s,l,
1526039376.1294,8681.80000,0.02474712,b,l,
1525943012.7888,9336.20000,0.00931863,b,l,
1525811941.5283,9206.30000,0.20610000,s,l,
1525996284.5607,9018.40000,1.70000000,s,m,
1525811945.4449,9209.50000,0.05036817,s,l,
1525811947.4325,9209.50000,0.01307276,s,l,
1525943021.0878,9336.00000,0.17690000,b,l,
1525980019.9263,9073.80000,0.09358498,s,l,
1526049917.4425,8608.50000,0.05280000,s,l,
1525811952.845,9209.50000,0.20600000,s,l,
1526028072.6592,8799.70000,0.00200000,s,l,
1525811955.815,9209.50000,0.20600000,s,l,
1525811956.6708,9209.50000,0.20600000,s,l,
1525811959.4042,9206.40000,0.03000000,s,l,
1525849481.7102,9072.00000,0.00652049,b,l,
1526049851.6508,8613.00000,0.00528556,s,m,
1526041499.2722,8516.30000,0.00390000,s,m,
1525787777.0161,9116.80000,0.01477866,s,m,
1525811982.8489,9209.90000,0.30000000,s,l,
1526045885.0573,8555.00000,0.22450000,s,l,
1525811988.0558,9210.00000,5.00000000,b,l,
1526019698.7408,8970.00000,0.13714869,s,m,
1526040196.1938,8556.00000,0.17000000,b,l,
1525811994.6621,9214.90000,0.03730000,s,l,
1525809626.9145,9230.40000,0.00353928,s,m,
1526060326.1651,8624.20000,0.50000000,b,m,
1525765937.4592,9362.00000,1.00000000,b,l,
1525820279.2715,9183.90000,0.21220000,s,m,
1526028082.4417,8800.00000,0.01267873,b,l,
1526026016.6359,8820.00000,0.12703479,s,l,
1525827660.2741,9128.90000,0.00295626,b,l,
1525812024.2368,9215.00000,0.18000000,b,m,
1525812026.5373,9214.90000,0.00204800,s,m,
1525849483.625,9074.60000,0.04000000,b,l,
1525831477.477,9164.80000,0.01200000,b,m,
1525867191.3868,9240.90000,0.09000000,s,l,
1525943113.8653,9333.90000,0.00500000,b,l,
1525943114.9104,9332.20000,0.10824000,s,m,
1525988322.8536,9115.30000,0.00099956,b,m,
1525943119.639,9333.80000,0.03219422,b,l,
1525812050.4857,9214.90000,0.01085305,s,l,
1525812051.9607,9214.90000,0.79997000,s,l,
1525850441.2673,9079.80000,0.01880000,b,m,
1526035265.1423,8746.40000,0.64164554,s,l,
1525943129.6305,9332.20000,0.40000000,s,m,
1525853327.5083,9035.00000,0.00050956,s,m,
1525943132.7271,9333.70000,0.02513334,b,l,
1525895512.9682,9275.60000,0.00043681,s,m,
1525943140.0007,9333.80000,0.00200000,b,m,
1525776085.0698,9307.10000,1.00000000,b,m,
1526049939.2648,8614.10000,0.00300000,b,m,
1525812085.3747,9214.90000,0.14982895,s,l,
1525858214.7616,9115.00000,6.67320000,s,l,
1525812089.0537,9215.00000,0.01000000,b,m,
1526040665.2038,8524.00000,0.06600000,b,m,
1525812098.614,9215.00000,0.03050971,b,l,
1525943173.5897,9337.60000,0.08651273,b,l,
1525867265.5534,9292.30000,1.48953056,b,m,
1525867505.4823,9331.00000,0.00500000,s,l,
1525885607.1249,9340.00000,0.10458235,b,l,
1525853336.2147,9036.80000,1.00000000,b,l,
1526025333.7053,8766.10000,0.03506215,b,l,
1525943201.0932,9348.00000,0.00630000,b,m,
1526016144.8762,8974.70000,0.49634899,b,m,
1525867051.7944,9243.80000,0.01350000,b,m,
1526037161.6676,8690.20000,0.13693752,s,l,
1526065641.8051,8624.10000,0.04810000,s,l,
1526028104.3282,8800.00000,0.01620000,b,l,
1526049950.3437,8608.40000,0.00400000,b,l,
1525812154.0753,9215.00000,0.01924966,b,l,
1526015339.2927,8966.40000,2.12400000,b,m,
1525997881.8092,8909.60000,0.00246850,b,l,
1526024111.7941,8763.80000,1.00000000,s,m,
1526020794.6658,8882.00000,0.06236126,s,m,
1525812166.9928,9215.00000,1.00000000,b,l,
1525972218.8558,9301.00000,0.68349163,s,m,
1525812172.8745,9214.90000,0.19948852,s,l,
1525858217.8121,9115.00000,1.05214224,s,l,
1526027599.1678,8820.80000,0.25000000,b,m,
1525854245.503,9102.00000,0.16880000,s,l,
1525875194.4507,9260.00000,1.00000000,b,m,
1525980424.3827,9100.70000,0.50000000,b,m,
1525812191.7564,9214.90000,0.02440000,s,l,
1526020946.8425,8880.60000,0.34900000,b,m,
1526045892.8209,8555.00000,0.05380000,s,l,
1525975699.6407,9075.00000,0.05000000,s,m,
1525759972.8779,9349.10000,0.05745340,b,m,
1526049959.9317,8606.00000,0.01000000,s,l,
1525943279.1037,9340.30000,0.12301500,b,l,
1525771398.4271,9290.00000,0.21640282,b,m,
1526022889.02,8811.60000,0.16990000,s,m,
1526007341.0452,8891.00000,0.02790000,s,l,
1525812217.2104,9214.90000,0.00000346,s,l,
1525943293.9517,9340.20000,0.08020000,b,l,
1525943294.772,9340.30000,0.16880000,b,l,
1525812223.4591,9214.90000,0.52041439,s,l,
1525803242.0674,9105.00000,0.06248677,s,l,
1525943303.9739,9340.30000,0.02110103,b,l,
1525997024.0265,8967.30000,2.00000000,s,l,
1525833374.1788,9101.20000,0.03980000,s,l,
1525943311.5662,9340.30000,0.00111827,b,l,
1525812244.603,9214.80000,0.21165333,b,m,
1525934028.1831,9296.00000,0.03000000,s,l,
1526031522.7578,8703.90000,0.05086850,b,m,
1525885748.6852,9368.00000,1.00000000,b,m,
1525774017.6033,9303.20000,0.19888011,b,m,
1525928052.2606,9322.20000,0.00000708,s,m,
1526028123.43,8800.00000,0.01850000,b,l,
1525943332.5307,9340.00000,0.01833789,b,l,
1525842976.8703,9031.40000,0.00256851,b,l,
1526041124.7713,8501.30000,0.16006488,b,l,
1526024072.9629,8769.00000,0.21410320,s,l,
1525812276.2388,9210.00000,0.20600000,s,l,
1526028126.144,8800.00000,0.04271233,b,l,
1525812278.3028,9211.10000,0.18340853,b,l,
1525812280.1995,9210.00000,0.00250000,s,l,
1525982519.9196,9060.00000,0.80818710,s,l,
1525980990.2438,9112.80000,0.16900000,b,l,
1525812287.7563,9210.00000,0.01981000,s,l,
1525943362.4727,9335.30000,0.01700000,s,m,
1525824447.9782,9132.40000,0.01000000,s,m,
1525870909.7392,9275.00000,0.26813380,s,l,
1525943367.4239,9335.30000,0.15060000,s,l,
1526057503.5503,8670.00000,0.00969000,b,m,
1525812299.6712,9168.30000,1.70000000,s,m,
1525812302.4944,9196.00000,0.80000000,s,l,
1525875213.6954,9259.90000,0.02171199,s,m,
1525788389.0625,9138.70000,0.08200000,b,m,
1526006286.327,8941.60000,0.00500000,s,m,
1526040154.1927,8563.70000,0.06074116,s,m,
1525812315.8363,9185.90000,0.50000000,s,m,
1525943394.4514,9335.40000,0.01330000,b,l,
1525812323.512,9186.10000,0.01483164,b,m,
1526021445.6454,8885.40000,0.00200000,s,m,
1525784724.1308,9140.00000,0.00214923,b,l,
1525932419.711,9307.50000,0.01358758,b,l,
1525914961.4649,9331.90000,1.00000000,s,m,
1525812336.4554,9184.00000,0.66933751,s,l,
1525867506.4428,9331.00000,0.00500000,s,l,
1525934229.117,9266.00000,0.01000000,s,l,
1525812345.7072,9184.40000,0.00500000,s,m,
1525943419.476,9335.40000,0.00310000,s,l,
1526028439.1886,8770.00000,0.00099956,b,l,
1525943423.525,9335.30000,0.03240000,s,l,
1526058334.7329,8637.00000,0.38237337,s,l,
1525943435.5796,9335.30000,0.04660000,s,l,
1525943436.6651,9335.30000,0.04602178,s,l,
1525997019.3097,8976.00000,0.05000000,s,l,
1525943439.6767,9335.30000,0.00370000,s,l,
1525888775.5105,9300.00000,0.85880000,b,l,
1525888393.3886,9305.80000,0.43700000,s,m,
1525943443.9809,9335.30000,0.20000000,s,l,
1525812373.1787,9179.30000,0.01000000,s,m,
1525945514.0235,9330.20000,0.16028954,s,m,
1525781001.6615,9088.80000,0.01320277,b,l,
1525997128.1798,8865.90000,0.03000000,s,m,
1525943452.2121,9335.30000,0.00360048,s,l,
1525812383.0542,9179.30000,0.01666670,s,l,
1525775298.3253,9329.30000,1.00000000,b,l,
1526021921.1423,8821.60000,2.69990000,s,m,
1525812390.4655,9169.40000,0.05304946,s,m,
1525812391.2273,9174.10000,0.01360000,b,l,
1526032805.7858,8761.10000,0.10000000,b,m,
1525888776.192,9300.00000,0.03272653,b,l,
1526025992.1861,8809.50000,0.12559458,b,m,
1525812403.1873,9174.10000,0.00572572,b,l,
1525812415.1113,9170.00000,0.00238834,s,l,
1525867506.812,9331.00000,0.00500000,s,l,
1526041125.1014,8506.20000,0.66367294,b,l,
1525897078.1793,9297.30000,0.01605096,s,l,
1525778447.0738,9207.40000,0.25780000,b,l,
1525962615.3238,9331.60000,0.00219000,s,l,
1525812428.4934,9171.10000,0.00250510,b,l,
1525812429.1876,9171.10000,0.00942782,b,l,
1525789600.1382,9169.00000,0.28840000,b,l,
1526028152.1606,8800.00000,0.01100000,b,l,
1525812439.8704,9173.80000,0.00644139,b,l,
1526042871.9017,8507.50000,0.00800000,s,l,
1526050265.5366,8602.40000,0.01100000,s,m,
1526050469.7537,8631.70000,0.00200000,s,l,
1526024078.1777,8770.00000,4.68350927,b,l,
1525854325.0802,9093.80000,0.26560000,b,l,
1525812458.8294,9173.80000,0.11851787,b,l,
1525971704.3109,9345.00000,0.53504000,s,l,
1525943535.3523,9335.40000,0.00636959,b,l,
1526052473.2178,8619.90000,0.00260000,b,m,
1525943542.2501,9335.50000,0.01615699,s,l,
1526006313.8187,8941.70000,0.29822322,b,l,
1526022927.8209,8806.50000,0.46378741,s,l,
1525997834.1233,8883.30000,0.82525268,b,m,
1525897087.9467,9288.60000,0.01600000,b,m,
1525975658.4649,9118.00000,0.21934000,s,l,
1525812478.6986,9176.40000,0.22030000,s,l,
1525812479.8916,9174.00000,0.13639378,s,l,
1525812480.6666,9176.40000,0.03980000,s,l,
1526028160.5241,8800.00000,0.35520901,b,l,
1525943556.1046,9343.60000,0.02501165,s,l,
1525962625.4087,9333.10000,0.01359571,s,m,
1525943561.4352,9343.60000,0.00002990,s,m,
1525943566.8199,9344.40000,0.01220658,b,l,
1525943569.2009,9343.60000,0.01290000,s,l,
1525812498.1796,9176.50000,0.00300000,b,l,
1526006318.0839,8941.00000,0.20000000,s,l,
1526039488.5287,8660.20000,0.10416600,b,l,
1525943578.6119,9343.80000,0.01000000,b,m,
1525934632.6353,9279.30000,0.18700000,b,l,
1525885596.4917,9339.00000,0.35000000,b,m,
1526032809.8273,8757.70000,0.01410000,s,l,
1526024080.3435,8780.00000,0.05000000,b,m,
1525943588.2468,9343.60000,0.10010000,s,l,
1525962977.2624,9323.00000,0.11190000,b,m,
1525781002.5035,9088.50000,0.01320277,b,l,
1525943601.8787,9343.70000,0.19000000,b,m,
1525812530.3007,9176.50000,0.00728557,b,l,
1526050014.2482,8596.90000,0.15620000,s,l,
1525943608.2667,9343.60000,0.00390000,s,l,
1526039380.5671,8680.00000,0.00471420,s,l,
1525812540.5188,9176.50000,0.09098780,b,l,
1525943615.2723,9343.60000,0.01475849,s,l,
1525943622.8457,9335.90000,0.17907773,s,l,
1525812553.3315,9176.40000,0.65385000,s,l,
1525943630.4656,9334.70000,0.20000000,s,l,
1525801491.3684,9144.50000,0.29854667,b,l,
1525943633.0257,9333.80000,0.10740000,s,m,
1525974644.1992,9153.20000,0.52024139,b,m,
1526032627.5898,8740.00000,0.37432806,s,l,
1526049855.6244,8613.00000,0.01200000,b,l,
1525943642.5721,9332.20000,1.80640865,s,l,
1525941156.6168,9350.00000,0.11100000,s,m,
1526024783.4727,8690.00000,0.02545842,s,m,
1525867339.8246,9329.00000,0.08572837,s,l,
1525943655.0378,9330.00000,0.03000000,s,l,
1525870886.9735,9275.00000,0.09230000,s,l,
1525812593.1482,9176.50000,0.11033700,b,l,
1525972436.9056,9231.10000,0.01500000,s,l,
1525870652.6692,9284.00000,6.58802461,b,l,
1526041541.5508,8518.90000,0.95104335,s,l,
1526024083.3694,8769.20000,0.07995890,s,l,
1525918954.4823,9303.90000,0.00447127,b,m,
1526026287.317,8760.10000,0.20000000,s,m,
1525812614.1174,9176.40000,0.00646991,b,l,
1525812615.796,9176.40000,0.01000000,s,l,
1525854171.0911,9103.20000,0.33316442,b,m,
1526041395.0389,8541.80000,0.00200000,s,l,
1525867505.7286,9331.00000,0.00500000,s,l,
1525812623.2562,9176.40000,1.47604445,b,l,
1525996133.2768,9011.00000,0.00250677,b,m,
1526050030.1367,8595.50000,0.20630000,s,l,
1526050271.1872,8606.20000,0.00013280,b,l,
1526050031.4559,8595.60000,0.01972466,s,l,
1525897114.0593,9284.20000,0.01873030,s,m,
1525804665.5092,9221.80000,0.01301264,s,l,
1525779257.097,9232.00000,0.79544624,b,m,
1525943724.809,9323.60000,0.00500000,b,l,
1526040968.2503,8509.90000,0.00204360,b,m,
1526050035.0539,8595.60000,0.20634323,s,l,
1526025989.0879,8809.40000,0.00239926,b,m,
1525845140.2112,9058.00000,0.00556912,s,l,
1526021990.0371,8808.00000,0.01000000,s,m,
1525812682.3461,9175.70000,0.04501691,b,l,
1525812683.7962,9164.60000,0.19000000,s,m,
1525943756.0835,9322.20000,0.00372730,b,l,
1525846215.2944,9053.60000,0.00015692,s,m,
1525943762.9454,9317.70000,0.09441341,s,m,
1526050273.8324,8606.20000,0.00000799,b,l,
1526005338.7755,8935.30000,0.00016230,b,l,
1526025993.6257,8799.90000,1.00000000,s,l,
1525779673.8557,9231.10000,0.37962170,b,l,
1526023465.8012,8790.90000,0.11916312,s,l,
1525787899.1153,9119.90000,0.54363826,b,l,
1525812717.0705,9164.40000,0.99140725,s,l,
1525812719.3051,9164.40000,0.20000000,s,l,
1525778215.4394,9200.00000,0.76815643,s,m,
1526024087.4454,8769.80000,0.73100717,b,l,
1525797132.0808,9155.60000,0.00456899,s,l,
1525943799.3819,9317.90000,0.76370000,s,l,
1525780953.294,9128.20000,0.11000000,s,l,
1525943804.2906,9314.90000,0.10624320,b,l,
1525943809.5835,9314.90000,0.22360000,b,l,
1526002265.6678,8937.90000,0.38684619,b,l,
1525812746.8732,9166.40000,0.01401100,b,l,
1525943821.2722,9314.90000,0.01027618,b,l,
1525812750.9762,9164.60000,0.12023511,b,l,
1525853113.099,9036.50000,1.00000000,s,m,
1525932015.3249,9297.10000,0.02093918,s,l,
1526006362.9714,8936.30000,1.00000000,s,l,
1525997024.7821,8911.00000,0.00500000,s,m,
1526028208.9759,8801.20000,0.40000000,s,l,
1526006363.5251,8935.50000,0.05000000,s,m,
1526040423.2261,8582.50000,0.22410000,b,m,
1526025266.3174,8755.00000,0.00390000,b,l,
1525875293.3048,9260.00000,0.02000000,b,m,
1526050056.8693,8608.40000,0.00404997,b,l,
1525800999.7728,9153.90000,0.03500000,b,l,
1525982162.1854,9059.90000,0.00247536,s,m,
1525943862.7443,9314.70000,0.00002089,s,l,
1525943863.8475,9314.80000,0.01477583,b,l,
1525911967.1118,9371.50000,0.39801315,b,m,
1525943875.6502,9315.00000,0.08079040,b,l,
1525771291.085,9300.00000,0.21948526,s,m,
1525976239.2723,9085.60000,2.15200000,s,m,
1525983215.277,9084.80000,0.08587720,b,m,
1525863703.809,9210.10000,0.69090000,b,l,
1525943893.6087,9314.90000,0.21894306,s,l,
1525943894.0251,9315.00000,0.22110000,b,l,
1525943895.9294,9314.90000,0.21894306,s,l,
1525943896.5356,9315.00000,0.02003878,b,l,
1526028455.355,8769.90000,0.00254992,s,l,
1525943904.3463,9315.00000,0.00200000,b,l,
1526039382.1546,8682.00000,0.32000000,b,l,
1525812838.7395,9165.00000,0.05546209,b,l,
1526050065.3572,8609.30000,0.15000000,b,l,
1525812843.0886,9164.60000,0.07900000,s,m,
1525812847.5228,9165.00000,0.00620000,b,m,
1525975699.6111,9078.20000,0.03894235,s,m,
1525812850.0682,9164.80000,0.00301786,s,l,
1526050067.1393,8614.70000,0.22367884,b,l,
1525812853.0456,9165.00000,0.61755531,b,m,
1526050069.5685,8614.60000,0.06804506,b,l,
1525918998.5016,9310.10000,0.11170000,b,m,
1526041128.5553,8500.00000,0.39135272,s,l,
1525812874.3462,9166.00000,1.00000000,b,l,
1526050071.4903,8614.90000,0.01263405,s,l,
1525812877.8995,9166.20000,0.00000518,b,l,
1526037380.4107,8704.30000,0.00466327,s,l,
1526050074.7587,8610.20000,0.00525527,s,l,
1525851087.9507,9083.70000,0.67500000,b,l,
1526050075.119,8610.90000,0.16488895,b,l,
1525943975.4794,9326.90000,0.14960000,s,l,
1525997362.6584,8908.90000,1.00000000,s,l,
1526039330.0583,8675.10000,3.21973287,s,m,
1525809779.4723,9233.70000,0.05000000,s,m,
1525943994.3983,9327.00000,0.01683468,s,l,
1525972611.6138,9188.10000,0.00650000,s,m,
1525950347.7328,9356.50000,0.86892849,s,m,
1525940855.9851,9359.90000,0.00824141,b,m,
1526024679.8381,8721.20000,0.00807418,b,l,
1525862607.9943,9142.50000,0.00490000,b,m,
1525974527.8067,9129.60000,0.29000000,s,l,
1525991254.2681,9035.00000,0.01000000,s,m,
1525836349.9739,9041.00000,0.80000000,s,m,
1525944033.0653,9331.10000,0.00200000,s,m,
1525809787.5347,9233.80000,1.00000000,b,m,
1526024095.0641,8768.90000,0.05700000,b,l,
1525797140.0566,9155.60000,0.05000000,s,l,
1525888795.965,9300.00000,0.00429470,b,l,
1525809788.6524,9233.70000,0.01999411,s,l,
1525862608.0409,9145.40000,0.08000000,b,m,
1526028242.4394,8797.50000,0.50000000,s,m,
1525987009.4743,9090.00000,0.00222080,s,m,
1526028460.6278,8769.90000,0.05114785,s,l,
1526050089.3582,8614.60000,0.01700000,s,l,
1525812989.3869,9164.40000,0.00440000,s,l,
1526032825.925,8779.50000,0.58179900,b,m,
1525868295.484,9280.10000,0.02747946,s,m,
1526040256.0376,8549.60000,0.49880534,s,m,
1525834252.6222,9090.90000,0.34010000,s,m,
1526028461.3439,8776.40000,0.24617284,b,m,
1525813012.6955,9164.60000,0.00217404,b,l,
1525813023.1854,9154.40000,0.01528798,s,m,
1525787952.7947,9119.90000,0.09049818,b,l,
1525897179.6708,9284.20000,0.11920000,s,l,
1525813028.8116,9166.20000,0.00527959,b,l,
1525779684.8107,9231.00000,0.13724040,s,l,
1526000034.0003,8939.30000,1.30040995,b,m,
1525944109.1418,9335.80000,0.00050932,s,l,
1526037191.0629,8691.80000,0.00000044,s,l,
1525944112.3691,9335.90000,0.77940000,b,m,
1525759183.1213,9330.80000,0.04100000,b,l,
1526050100.2813,8617.90000,0.00500000,s,l,
1525785370.1699,9159.20000,0.39780672,b,l,
1525784724.1352,9140.00000,0.00500000,b,l,
1525958917.2195,9373.90000,0.00500000,b,m,
1525813069.6976,9151.10000,0.00236154,s,m,
1525944142.5028,9335.80000,0.00880000,s,l,
1525897187.8919,9284.90000,0.10000000,b,m,
1525944152.7403,9335.90000,0.15895551,b,l,
1525813085.3361,9160.00000,0.54204140,b,l,
1525772678.1993,9285.00000,0.30000000,s,l,
1525984571.5161,9086.10000,0.04785626,s,m,
1525936809.9131,9296.70000,0.03220712,b,l,
1526027953.5533,8820.00000,0.07212177,b,l,
1525901893.2887,9224.50000,0.22569850,b,l,
1525976090.4308,9074.50000,0.17234520,s,m,
1525944179.6865,9335.80000,0.84408517,s,l,
1526050110.9401,8622.80000,0.03800000,b,m,
1526050287.9993,8607.20000,0.00200000,s,l,
1525995625.8826,9018.20000,0.05800000,s,m,
1525951798.3555,9330.00000,0.50000000,s,m,
1525901466.1394,9224.90000,0.01081900,s,m,
1526050114.2245,8618.10000,0.00099956,b,m,
1525867505.7249,9331.00000,0.00500000,s,l,
1525975230.3661,9160.50000,0.00651721,b,m,
1525813137.6458,9155.60000,0.01308605,s,m,
1525997024.8156,8910.10000,0.01700000,s,m,
1525813162.6017,9156.10000,0.10000000,s,l,
1525813163.4628,9156.20000,0.00995807,b,l,
1525944239.7435,9320.40000,0.00200000,b,m,
1525813170.4709,9157.00000,0.80000000,b,l,
1526028275.2187,8792.00000,0.03864000,b,l,
1525813174.1156,9156.30000,0.05321122,s,m,
1525813177.2226,9158.90000,0.01370254,b,l,
1525813179.9323,9157.70000,0.01390000,s,l,
1525813181.9809,9159.00000,0.17298878,s,m,
1526028277.0632,8789.40000,0.08930000,b,l,
1525813186.8182,9161.00000,0.01230000,b,l,
1526050123.9898,8615.90000,0.00592539,s,l,
1526041268.7457,8528.80000,0.02000000,b,m,
1525813194.4958,9156.50000,0.25000000,b,l,
1525813195.5816,9157.20000,0.75130663,s,l,
1525813197.106,9156.00000,0.53310000,b,l,
1526025501.1363,8771.90000,0.21438259,s,l,
1525836555.735,9032.70000,0.63301000,b,m,
1525753503.8485,9400.50000,0.23890000,s,m,
1525944294.5019,9326.20000,0.01009099,b,l,
1525944295.3413,9326.40000,0.01067518,s,l,
1525944301.7523,9319.00000,0.12754548,b,l,
1525944302.8515,9319.00000,0.06296751,b,l,
1525813231.5538,9160.30000,0.04362776,b,m,
1525758210.9527,9330.30000,0.01000000,s,m,
1526022050.3661,8787.60000,0.13754302,s,m,
1526050131.136,8615.90000,0.00300000,s,l,
1525813236.5666,9156.00000,0.00242976,s,m,
1525813237.6878,9156.00000,0.00242976,s,m,
1526061885.41,8572.90000,0.19271425,s,l,
1526006442.0349,8936.20000,0.00262580,b,l,
1525944319.6531,9319.00000,0.00144009,b,m,
1525897216.9884,9280.00000,0.01000000,s,m,
1525758469.4085,9327.80000,0.02464229,s,l,
1525912196.6275,9333.70000,0.99290000,s,l,
1525849524.5325,9071.90000,0.01176944,s,m,
1526028290.1915,8788.60000,1.00000000,b,l,
1525944336.0018,9319.00000,0.00500000,b,l,
1525984600.2908,9096.90000,0.10000000,b,m,
1525780887.3431,9150.00000,0.24000000,s,m,
1525804586.7019,9252.80000,0.00660000,b,m,
1525813292.9737,9157.50000,0.05286769,s,m,
1525944366.8973,9319.00000,1.14034011,b,l,
1525813295.8742,9161.40000,1.70980000,b,m,
1525944373.3386,9335.40000,0.24870000,b,l,
1525971299.5023,9356.60000,0.01068764,s,l,
1525997024.8665,8910.10000,0.00500000,s,m,
1525813304.0311,9157.70000,0.00895596,b,l,
1526050143.4954,8611.40000,0.01972539,s,l,
1525875381.0395,9260.00000,0.02100000,b,l,
1525813315.2309,9167.90000,0.32110000,s,l,
1525813317.2331,9167.90000,0.07806600,s,m,
1525766156.9107,9359.80000,0.07984409,b,l,
1525785139.9162,9158.00000,0.10000000,s,m,
1525932452.0927,9307.40000,0.00526878,b,l,
1525813325.7656,9168.10000,0.00144650,b,m,
1525964316.1708,9325.80000,4.01901766,s,l,
1525780980.8639,9110.00000,0.01029440,s,l,
1525984611.5481,9097.70000,0.03000000,b,m,
1525781412.6945,9088.20000,0.02620318,s,m,
1525869314.3814,9319.50000,0.97900622,b,m,
1526050149.6141,8611.00000,0.16270000,s,l,
1525813344.1996,9171.20000,0.01382364,b,l,
1526028304.1184,8787.30000,0.01340527,b,l,
1525972437.4208,9231.10000,0.15710000,s,l,
1525867506.3916,9331.00000,0.00500000,s,l,
1526028305.8209,8785.60000,0.03398579,b,l,
1525813354.719,9171.20000,0.20317636,b,l,
1526024108.4504,8769.20000,0.00672160,b,l,
1525813357.398,9174.50000,0.22299884,b,l,
1525813358.884,9189.10000,0.02300000,b,l,
1525813359.502,9181.30000,0.00144650,s,m,
1525813361.4707,9189.00000,0.24500000,b,l,
1525944435.3386,9328.00000,0.12207210,b,l,
1525813371.0446,9193.30000,0.40260000,b,m,
1525813373.9107,9182.40000,0.09816000,s,l,
1525775331.0966,9318.50000,0.43110000,s,m,
1525853548.6254,9054.00000,0.02210000,s,l,
1526050402.6741,8630.00000,0.06570000,s,l,
1525944464.0497,9328.00000,0.00200000,b,m,
1525813394.2929,9182.50000,0.09184000,s,l,
1525788014.7134,9119.80000,0.09600000,s,l,
1526054225.2836,8567.80000,0.89766607,s,m,
1526028313.8117,8785.60000,0.10020000,s,l,
1525875396.8233,9263.00000,0.01000000,b,l,
1526050160.3603,8610.00000,0.12677431,s,l,
1525831707.0322,9163.70000,0.01169385,s,l,
1525813414.8399,9182.60000,0.00553807,s,l,
1526043491.2747,8543.00000,0.43318660,b,m,
1525853554.6005,9054.10000,0.02540000,s,l,
1526028317.9982,8785.60000,0.01454801,b,l,
1525788019.7856,9117.10000,0.04220000,b,l,
1525919362.1278,9313.10000,0.00881981,s,l,
1525813432.9877,9192.30000,0.04000000,s,l,
1525853556.3065,9055.20000,1.00000000,b,m,
1526028319.9674,8785.60000,0.06907529,b,l,
1525813439.5519,9191.50000,0.36478759,b,l,
1526060120.7439,8626.70000,0.01000000,s,m,
1526041569.318,8525.00000,0.00000222,s,l,
1526024111.8004,8763.20000,0.07951274,s,m,
1525867505.396,9331.00000,0.00500000,s,l,
1525897540.0386,9277.40000,1.99697016,s,l,
1525991254.3894,9032.80000,0.03000000,s,m,
1526050168.0336,8610.40000,0.07904700,b,m,
1525997022.9495,8967.30000,0.10000000,s,l,
1526019848.7656,8972.20000,1.00000000,s,l,
1525911967.2158,9381.90000,0.49009735,b,m,
1525783627.6877,9114.40000,2.40000000,b,l,
1526023589.1781,8761.20000,0.16505691,b,l,
1525997925.5278,8903.50000,0.46896908,s,m,
1526028327.4356,8775.20000,0.02706981,s,m,
1525844994.5813,9040.00000,0.10000000,b,l,
1525845167.6415,9066.50000,0.20960000,b,m,
1525834200.5905,9096.20000,0.29210000,s,m,
1525780991.9016,9100.00000,1.49000000,s,m,
1526019748.2415,8971.90000,0.12002569,b,l,
1525944565.8782,9328.00000,0.12592790,b,l,
1525984832.6557,9100.00000,0.20000000,s,m,
1525984639.6469,9099.90000,0.29500000,b,m,
1526050100.2714,8617.90000,0.02100000,s,l,
1525874493.3755,9272.00000,0.00000003,s,l,
1525774797.0938,9341.50000,0.04363754,b,m,
1526040231.691,8540.10000,0.24073771,s,m,
1525788033.5728,9117.10000,0.18193990,b,l,
1525795588.2929,9149.60000,2.18500000,s,l,
1525945552.9252,9335.50000,0.00200000,b,m,
1526028333.7746,8777.20000,0.02407211,b,l,
1525813521.6634,9184.00000,0.07165886,b,m,
1526028334.6663,8777.20000,0.08561514,b,l,
1525813530.5589,9184.00000,0.00144291,b,m,
1526019422.7206,8976.10000,0.06000000,s,m,
1526032843.9265,8779.50000,0.06923794,s,l,
1525865173.3357,9250.00000,0.00009964,b,l,
1525845827.6509,9088.30000,0.16205657,b,l,
1525997053.4775,8917.40000,0.08379913,b,l,
1526028337.5332,8777.20000,0.02856460,s,l,
1526024841.0429,8695.00000,0.12800000,b,l,
1525781343.7583,9090.80000,0.04113240,b,l,
1526032054.2064,8714.00000,0.00024153,s,l,
1525786435.3707,9113.30000,0.02318265,b,l,
1525771407.4186,9288.00000,0.00001128,s,m,
1526024511.9753,8733.50000,0.00015890,s,m,
1526041062.1124,8506.20000,1.00000000,b,m,
1525813563.3,9182.20000,0.00144291,s,m,
1526028341.2379,8780.40000,0.04460000,b,l,
1526028342.3426,8777.20000,0.02632740,s,l,
1525809889.6061,9234.00000,0.10541567,b,m,
1525813580.7449,9182.20000,0.03850000,s,l,
1525755695.0082,9401.70000,0.01872945,s,m,
1525897273.9095,9284.80000,0.18640000,b,l,
1525813593.0857,9182.40000,0.01090000,b,m,
1525944667.3601,9335.80000,0.21800000,s,l,
1525813597.7367,9182.40000,0.00985100,b,l,
1525854171.0604,9099.80000,0.10239920,b,m,
1526028347.9173,8774.50000,0.15000000,s,l,
1525792797.1189,9152.00000,0.00087860,b,l,
1525984659.5644,9108.20000,0.14277702,b,m,
1525813621.1636,9182.10000,0.06710000,s,l,
1526013289.9968,8944.80000,0.23875510,b,m,
1525776085.0485,9300.90000,3.00000000,b,m,
1525871359.3682,9270.90000,0.07892533,s,l,
1525862630.758,9149.70000,0.01625282,b,m,
1526037211.9308,8694.80000,0.00530953,b,l,
1525956462.4443,9341.00000,0.00800000,s,l,
1525867505.5561,9331.00000,0.00196562,s,l,
1525788056.5854,9116.40000,0.49626207,b,l,
1525813663.8441,9182.20000,0.02000000,b,l,
1525984667.9336,9098.10000,0.00308528,s,l,
1525845518.8742,9060.20000,0.02117238,b,l,
1525944742.0571,9336.00000,0.00200000,b,m,
1525813671.7964,9182.10000,0.01660000,s,l,
1525795143.8811,9190.00000,1.00000000,b,l,
1525853597.0878,9056.90000,0.01640000,s,l,
1525944753.3639,9338.00000,0.11396562,b,l,
1526028361.3194,8776.70000,0.24798488,s,l,
1526007695.8012,8898.90000,0.11000000,s,m,
1526028363.3031,8776.60000,0.00000040,b,l,
1525813703.6374,9169.60000,0.00500000,s,m,
1526006519.4087,8935.50000,0.00953310,b,l,
1525984674.4654,9098.10000,0.05000000,s,l,
1525813711.0162,9180.70000,0.00144153,b,m,
1525983106.5606,9063.20000,1.00000000,s,m,
1525960827.5847,9364.60000,0.99470000,s,l,
1525944796.6673,9337.90000,0.00098288,s,m,
1525781010.4637,9090.70000,0.00532200,s,l,
1525776038.2572,9285.20000,0.97900622,s,m,
1525904787.4157,9318.30000,0.00000001,b,m,
1525940990.1563,9355.70000,0.00400000,b,l,
1525919801.561,9306.50000,0.00475540,b,l,
1526037215.049,8687.30000,0.00299248,s,l,
1526041134.5281,8489.70000,0.06000000,b,l,
1526028375.7681,8776.60000,0.21320000,b,l,
1526041580.2149,8525.10000,0.23960000,s,l,
1526028376.976,8776.50000,0.02172395,s,l,
1525813780.0424,9180.70000,0.01735647,b,l,
1525788078.3482,9116.30000,0.00435934,s,l,
1525801532.1555,9139.90000,1.00000000,s,l,
1526040942.2967,8513.10000,0.01000000,s,m,
1526028379.7962,8776.50000,0.06599940,s,l,
1526032852.1176,8780.00000,0.23661500,b,m,
1525971749.1573,9345.00000,0.01070000,s,l,
1525867505.5963,9331.00000,0.00500000,s,l,
1525901917.4654,9226.20000,0.04251651,s,l,
1525772926.9693,9250.00000,0.08964148,s,m,
1525944901.8328,9337.90000,0.00000509,b,l,
1526041582.9469,8525.90000,0.39120000,b,m,
1525944909.2267,9338.00000,0.25701000,b,m,
1525944910.0242,9338.00000,0.12212968,b,l,
1525944913.9381,9337.90000,0.06214714,b,l,
1525853908.3347,9070.60000,0.34333128,s,l,
1526027954.667,8826.90000,0.47180000,b,l,
1526028388.9624,8772.60000,0.89890000,b,l,
1525856953.5091,9079.90000,0.07925922,s,m,
1525919162.0091,9316.10000,0.00000510,b,l,
1526028389.0325,8772.60000,0.04437066,b,l,
1525944932.6858,9337.90000,0.00400000,b,l,
1526021445.5942,8885.40000,0.01000000,s,m,
1526020793.8082,8882.00000,0.00100000,s,m,
1526024125.3319,8769.80000,0.05700000,s,l,
1526044813.2186,8600.40000,0.50000000,s,l,
1526025553.2146,8767.90000,0.00320000,b,m,
1526038516.4132,8716.60000,0.11973635,s,l,
1525870886.938,9275.00000,0.10000000,s,l,
1525813876.735,9174.90000,0.01080000,s,l,
1525781011.6578,9091.80000,0.11669810,b,l,
1526028393.3555,8772.50000,0.19590000,b,l,
1525901919.545,9233.20000,0.02398000,b,m,
1525944956.9046,9345.40000,0.13921584,b,m,
1525979159.1523,9116.40000,0.59661460,b,m,
1525962859.2352,9334.80000,0.01353931,b,l,
1526023415.5951,8791.00000,0.00000044,b,l,
1525788099.5639,9116.30000,0.00532000,s,l,
1526022090.5312,8771.60000,0.00267261,s,m,
1525997128.6911,8900.00000,0.01300100,b,l,
1526028399.5538,8769.10000,0.01000000,b,l,
1526050245.6227,8609.80000,0.05200000,b,m,
1525944993.8138,9337.90000,0.01000000,b,l,
1525944997.6,9342.40000,2.00000000,b,l,
1525809949.4666,9239.90000,0.00642647,b,l,
1525813941.9856,9187.70000,0.14125100,b,m,
1525809951.0846,9239.80000,0.00932084,s,l,
1526045183.3787,8572.50000,0.12100000,s,l,
1525778214.6817,9203.30000,2.63822711,s,m,
1525867690.5696,9318.10000,1.50000000,b,l,
1525997024.6206,8925.00000,1.00000000,s,m,
1525984716.5607,9108.10000,0.34900706,b,m,
1526028407.0342,8769.90000,0.03873000,b,l,
1525891782.6314,9280.30000,0.02849074,s,m,
1525945037.4384,9342.50000,0.00200000,b,m,
1525809955.0797,9239.90000,0.00234241,s,m,
1525808502.3008,9212.10000,0.01000000,s,l,
1525958210.0725,9350.00000,0.00015267,b,l,
1526006565.7363,8936.10000,1.00000000,b,m,
1525945056.0624,9342.50000,0.03106046,b,l,
1525945062.4129,9342.50000,0.04129909,b,l,
1525945063.1325,9342.50000,0.01028785,b,l,
1525814967.8416,9197.70000,0.00542000,b,m,
1525945066.3377,9342.50000,0.03096201,b,l,
1525836455.135,9029.60000,0.01318112,b,l,
1525779266.3389,9230.80000,0.00300000,b,m,
1525945072.8458,9342.50000,0.03096201,b,l,
1525945074.3966,9342.50000,0.02062493,b,l,
1525814006.2362,9180.00000,0.00302283,b,l,
1525926698.4974,9338.20000,0.02500000,b,m,
1525945083.9183,9342.40000,0.00000001,s,l,
1525814013.4297,9180.00000,0.00144009,b,m,
1525853653.297,9060.50000,0.00618365,b,l,
1526026383.0435,8758.20000,0.33110000,s,m,
1525945090.8018,9342.50000,0.00000509,b,l,
1525945091.8179,9342.50000,0.50000000,b,l,
1525853654.1879,9061.00000,0.07233487,s,l,
1526028417.9921,8766.00000,0.00099956,s,m,
1525995488.2834,9048.00000,0.20000000,s,l,
1525945106.4732,9343.00000,0.00795745,b,l,
1526050265.5482,8600.80000,3.00000000,s,m,
1526028420.5206,8770.00000,0.28050000,b,l,
1526050318.6027,8614.80000,1.00000000,b,m,
1525945118.1321,9344.00000,0.01030653,b,l,
1525920108.6464,9309.20000,0.00000510,b,m,
1525997491.3007,8870.60000,0.28101743,s,m,
1525945131.1976,9345.50000,0.03383710,b,l,
1525839346.4311,8990.60000,0.20330000,s,m,
1525814062.9822,9180.00000,0.01111741,b,l,
1525875507.1363,9265.10000,0.00000009,s,m,
1525858089.3538,9109.40000,2.19700000,b,l,
1526050271.1744,8606.10000,0.35789439,b,l,
1525972385.4176,9270.50000,0.01660000,s,l,
1525939007.246,9374.10000,0.00000001,s,l,
1526050273.8037,8606.20000,0.00999450,b,l,
1525945160.082,9345.40000,0.01030731,b,l,
1525784084.2688,9134.40000,0.14755347,b,m,
1526024721.5849,8695.70000,1.70540619,s,m,
1526036303.0309,8714.50000,0.03200000,b,l,
1526024133.1952,8764.00000,0.20000000,b,l,
1526028431.3103,8770.00000,0.01462372,b,l,
1525995711.1041,9000.00000,0.10000000,s,m,
1525964681.6127,9318.40000,0.05000000,b,m,
1526023790.5549,8709.00000,0.00005301,s,m,
1525814122.7895,9179.90000,0.03399400,b,l,
1525814123.2823,9180.00000,2.67141086,b,m,
1525783892.0134,9149.00000,0.10000000,b,m,
1526032863.8107,8795.90000,0.39114672,b,m,
1525962900.2508,9335.00000,0.10392902,s,l,
1526047746.6668,8564.00000,0.12717712,s,l,
1526028439.7644,8770.10000,0.00386818,b,l,
1526050285.8631,8606.30000,0.02807245,b,l,
1525962904.1027,9336.60000,0.00307098,b,l,
1525797598.9812,9154.90000,0.20956657,b,l,
1526043492.4633,8546.90000,0.00670000,b,m,
1525866557.1821,9216.10000,0.95329101,s,l,
1525770993.9914,9337.50000,0.00703900,b,m,
1526019771.2707,8972.10000,0.06652109,b,l,
1525976126.5818,9098.00000,0.00000806,s,l,
1525945118.1385,9344.00000,0.01030686,b,l,
1525875528.5868,9265.10000,0.98600000,s,m,
1526050291.9103,8609.90000,0.00776486,b,l,
1525814199.5444,9167.90000,1.62521000,s,m,
1526014780.2799,8949.90000,0.29017131,b,m,
1525995710.8492,9000.00000,0.10000000,s,l,
1525769402.9616,9395.30000,0.00058175,b,m,
1526002314.6556,8940.50000,0.00252930,b,m,
1525911948.5318,9353.30000,1.00000000,b,l,
1525945289.766,9343.60000,0.00200000,s,m,
1525982982.9711,9050.20000,0.97420113,b,l,
1525945296.846,9343.60000,0.01840000,s,l,
1525788152.1681,9116.40000,0.10000000,b,l,
1526028451.4284,8772.90000,0.00562686,b,l,
1525877816.65,9297.00000,0.00100000,b,l,
1525836463.6028,9000.00000,0.03000000,s,m,
1525772947.7533,9240.00000,0.15218620,s,m,
1526050299.4556,8610.00000,0.00772313,b,l,
1525976128.85,9110.30000,0.18794260,b,m,
1526028455.2232,8770.00000,0.01110000,s,l,
1525951734.1287,9338.40000,0.02000000,b,m,
1526027006.6315,8827.20000,0.02500000,s,l,
1526050303.5402,8609.90000,0.00365846,b,l,
1525945344.8398,9343.20000,0.00200000,b,m,
1525899656.894,9240.00000,0.00200000,s,m,
1525814278.6248,9180.00000,0.10690000,b,l,
1526028460.6321,8765.00000,0.37385215,s,l,
1525997024.1544,8950.00000,0.00015351,s,m,
1525945357.11,9343.00000,0.11391759,s,l,
1526028461.3525,8783.30000,0.37990000,b,m,
1525945362.1171,9342.40000,0.11680000,s,l,
1525996776.8406,9013.40000,0.06486641,b,m,
1525814296.8554,9179.70000,0.00601004,b,l,
1525945369.1038,9330.10000,0.09620000,s,l,
1525814300.1533,9179.70000,0.01816888,b,l,
1526050309.1122,8610.00000,0.00016022,s,l,
1525803096.357,9116.10000,1.22868969,b,l,
1526058151.7679,8627.40000,0.00929694,s,l,
1525814316.356,9180.00000,0.22490000,b,l,
1525831858.9909,9163.30000,0.00302923,s,m,
1525945394.5693,9332.90000,0.00200000,b,m,
1525962931.9773,9325.60000,0.00470000,b,l,
1526053967.9265,8559.00000,0.60573873,s,l,
1525839234.7246,9003.30000,0.08840000,s,l,
1526064654.1603,8641.10000,0.00650000,s,m,
1526030663.2954,8752.00000,0.31410000,s,l,
1526050746.3746,8626.50000,0.10000000,s,m,
1526024721.5648,8700.00000,0.10000000,s,m,
1526032870.5415,8793.30000,0.03981936,s,l,
1526050318.6437,8623.00000,0.01735482,b,m,
1526031970.5065,8720.00000,0.19910044,s,l,
1525788175.512,9116.40000,0.23722704,b,l,
1525911949.0792,9364.00000,0.74511047,s,l,
1526021730.4221,8850.00000,0.10000000,s,m,
1525832538.8393,9114.90000,0.50000000,s,m,
1525831867.3195,9161.10000,0.00004941,s,m,
1525919249.8075,9316.30000,0.10770000,b,l,
1526028476.8227,8776.00000,0.00760295,s,l,
1526006684.5724,8925.00000,0.02000000,s,l,
1525779729.8604,9226.80000,0.17354946,b,l,
1525788178.2579,9116.40000,6.00000000,b,l,
1525945459.4532,9330.90000,0.00200000,s,m,
1525962943.2668,9325.60000,0.20000000,b,m,
1525864047.2462,9213.90000,0.00645936,b,m,
1525945470.2889,9331.40000,0.02500000,s,l,
1525945475.9707,9331.50000,0.00200000,s,m,
1525857884.6722,9131.30000,0.43200000,b,m,
1525945480.9519,9330.30000,0.21300000,s,m,
1525945483.9404,9340.00000,0.10000000,s,l,
1525853927.6884,9070.30000,0.00653260,b,l,
1525984659.5117,9100.30000,0.20000000,b,m,
1525810030.316,9248.80000,0.00032847,s,l,
1525984793.6712,9102.50000,0.68786243,b,m,
1526027172.4318,8785.50000,0.02142760,b,l,
1525858292.4181,9115.00000,0.00000002,s,l,
1525788187.1999,9117.10000,0.02262872,b,l,
1526056935.3018,8602.70000,0.01566593,b,m,
1525941105.4564,9355.80000,0.01900000,b,l,
1526050332.4962,8617.60000,0.90390000,b,m,
1525945514.0501,9323.20000,0.06000000,s,m,
1525779068.6128,9213.20000,1.00000000,b,l,
1525788189.0696,9117.10000,0.20731655,b,l,
1525867191.3295,9342.70000,2.35812464,b,m,
1525788190.3108,9117.10000,0.02401737,b,l,
1526053390.6466,8590.80000,0.00478925,s,l,
1525768888.2259,9402.40000,0.19659713,b,m,
1525788191.5507,9118.30000,0.00510000,b,l,
1525780984.0923,9110.00000,0.01038297,s,l,
1525875573.1553,9273.10000,0.00730000,s,l,
1526061084.2252,8585.00000,0.02600000,s,l,
1525781015.4152,9091.80000,0.00650500,b,l,
1525814479.8942,9179.30000,0.00674200,b,l,
1525945552.9122,9332.50000,0.01000000,s,m,
1525814481.1268,9179.30000,0.01717016,b,l,
1525779184.4578,9215.30000,0.00086902,s,l,
1525788197.4962,9120.10000,0.45200162,b,l,
1526041499.2583,8516.30000,0.00410000,s,m,
1525960827.5825,9364.80000,0.05953647,s,l,
1526030399.4926,8755.30000,0.03251176,s,l,
1525788201.7348,9120.10000,0.10182090,b,l,
1525780887.2055,9150.00000,1.00000000,s,l,
1525948138.8742,9350.00000,0.00535144,b,m,
1526032876.6069,8796.70000,0.31347428,b,l,
1526046637.1974,8532.60000,0.18150000,s,l,
1525852593.9512,9031.10000,0.00000001,s,l,
1525779162.7837,9214.90000,0.70493083,b,l,
1526041186.3009,8490.00000,0.02426872,b,m,
1525788204.7349,9120.10000,0.09489817,b,l,
1525814539.1646,9179.90000,0.02929183,b,l,
1525814541.6563,9179.90000,0.01410119,b,l,
1525945614.4898,9339.10000,0.00323409,b,l,
1526022039.9338,8800.00000,0.65000000,s,m,
1525997779.9163,8874.70000,0.29063780,s,m,
1525814551.5388,9172.00000,0.00001148,s,m,
1525945626.5184,9340.00000,0.00200000,b,m,
1525788207.8484,9120.10000,0.09916281,b,l,
1525945629.1966,9339.90000,0.09456254,b,l,
1525772015.4411,9287.30000,1.00000000,s,m,
1526028507.8258,8780.40000,0.00243162,s,l,
1525814566.2613,9179.60000,0.05011324,b,l,
1526050353.7789,8617.70000,0.00490000,s,l,
1526045971.2252,8555.00000,0.00000503,s,l,
1525819016.0946,9218.00000,0.00900000,b,m,
1526043219.0609,8504.50000,0.20310000,s,m,
1525945647.6151,9339.80000,0.01000000,s,m,
1525779224.7593,9216.90000,0.38466764,s,m,
1525814578.4646,9180.00000,0.00820432,b,m,
1525875593.0641,9273.30000,0.01000000,s,m,
1525814584.3563,9170.50000,0.09820432,s,m,
1525772926.9766,9250.00000,0.50000000,s,m,
1526050357.0447,8623.00000,0.80000000,b,m,
1525998375.5524,8900.30000,2.00000000,s,m,
1525962977.2984,9333.70000,0.90000000,b,m,
1525867830.9236,9328.00000,3.80000000,b,m,
1525814608.9211,9179.00000,0.00143913,b,m,
1526050360.2366,8618.00000,0.01100000,s,l,
1526028515.9522,8780.30000,0.00200000,s,l,
1525858089.3576,9109.60000,0.97900622,b,l,
1525990009.5539,9086.20000,0.33564450,b,l,
1525945700.515,9342.70000,0.06960000,b,l,
1525999213.8635,8886.60000,0.00534630,s,m,
1526040196.0676,8554.10000,1.00000000,b,l,
1525945713.6499,9336.20000,0.06246939,b,l,
1525945714.5537,9336.20000,0.16800000,b,l,
1525814643.078,9171.10000,0.00144009,s,l,
1525814644.326,9171.10000,0.00143913,s,l,
1526025885.8977,8781.40000,1.00000000,s,l,
1525984832.1567,9100.20000,0.00813358,b,l,
1525814667.7658,9180.00000,0.03890172,b,m,
1525814668.161,9180.00000,0.03890172,b,m,
1525867505.5888,9331.00000,0.00500000,s,l,
1526056237.1355,8612.20000,0.15000000,b,m,
1526028526.1291,8779.70000,0.05980000,b,l,
1526020535.6489,8940.30000,0.05630000,b,l,
1525788229.8162,9123.70000,0.01889320,b,l,
1526020425.6358,8931.00000,0.01119000,s,m,
1525831921.2508,9161.10000,0.00951117,s,l,
1525868879.9085,9292.90000,0.34300000,b,l,
1526006684.5658,8925.10000,0.32000000,s,l,
1526040968.3782,8500.00000,0.00049096,s,m,
1525872879.9249,9292.00000,0.00325967,s,l,
1525930046.9759,9344.30000,0.02924133,b,m,
1525867506.3176,9331.00000,0.00500000,s,l,
1525759183.1113,9330.70000,0.21800000,b,l,
1525835498.6313,9018.40000,0.13021660,b,m,
1525945801.6805,9335.00000,0.01000000,b,l,
1525888739.2736,9299.70000,0.16762216,b,l,
1525993131.9751,9094.30000,0.08802983,b,l,
1526015425.6044,8970.00000,3.00000000,b,l,
1525835171.1881,9050.00000,8.39630115,s,l,
1525804585.909,9248.40000,0.05800000,b,m,
1525941156.6086,9350.10000,0.24450000,s,m,
1525814749.0616,9180.00000,0.04910000,b,l,
1525788240.4926,9123.70000,0.01000000,b,l,
1525845827.6709,9088.30000,0.07184718,b,l,
1526041182.553,8490.00000,0.12000000,b,l,
1526037876.1365,8704.20000,0.27790000,s,l,
1526032034.161,8714.00000,0.46458885,s,l,
1525945840.5471,9335.00000,0.00780000,b,l,
1525875625.8527,9274.70000,0.10570000,b,m,
1525945848.7222,9334.40000,0.08000000,s,m,
1526047251.4485,8544.90000,0.22367884,b,m,
1526028520.0703,8776.80000,0.00431321,s,l,
1525976146.9269,9100.00000,0.00500000,s,l,
1525814793.9413,9180.00000,0.05450029,b,l,
1525997024.2757,8950.00000,0.00966479,s,m,
1525853784.0459,9070.60000,0.00660000,s,l,
1526009199.6663,8932.90000,0.98999893,b,l,
1525945879.1985,9335.00000,0.07743640,b,l,
1526028548.6216,8776.00000,0.08411850,s,l,
1525814813.324,9183.30000,0.03490000,s,l,
1525954724.328,9332.00000,0.08299755,b,m,
1525814815.5465,9183.40000,0.11680000,s,l,
1526024157.1549,8758.00000,0.09879153,s,l,
1525831943.2106,9161.10000,0.00300000,s,l,
1526050397.6447,8619.70000,0.01100000,b,l,
1525911967.5746,9350.30000,0.04000000,s,m,
1525972439.0972,9231.10000,0.01082629,b,l,
1526050400.1632,8621.20000,0.00700000,s,m,
1526053647.7634,8571.50000,0.00687300,b,m,
1526050401.0789,8627.90000,0.11803948,b,l,
1526050402.4009,8630.00000,0.01091804,s,l,
1526039608.048,8640.00000,0.00500000,s,l,
1525945935.0318,9335.00000,0.03749000,b,l,
1525814866.6283,9193.10000,0.25240287,b,m,
1526006713.0764,8920.30000,0.49600000,s,l,
1525975674.5716,9088.20000,1.47599600,s,m,
1526021730.3783,8850.00000,0.50000000,s,m,
1525997127.7627,8875.00000,0.00005174,s,m,
1525945959.6054,9335.00000,0.10108344,b,l,
1525959089.4846,9374.40000,0.00695619,s,l,
1526050407.5927,8630.00000,0.11072039,s,l,
1526014780.2534,8949.70000,0.05439154,b,m,
1525810109.9224,9234.70000,0.00144384,s,m,
1526040108.6564,8574.10000,0.78111192,s,m,
1525810110.8579,9239.60000,0.00700000,b,l,
1526041128.5746,8493.90000,0.21459565,s,l,
1525788267.2566,9123.70000,1.17000000,b,l,
1526028566.0988,8778.70000,0.26300000,b,l,
1525781018.6137,9091.80000,0.00554176,s,l,
1525813181.8782,9160.00000,0.04000000,b,l,
1525810299.318,9232.80000,0.00216619,s,l,
1525946009.583,9335.00000,0.00011125,b,m,
1525788271.2632,9125.50000,0.00100460,b,m,
1525814943.2294,9193.80000,0.00680634,s,l,
1525768800.898,9392.70000,2.13400000,b,m,
1525814955.1198,9193.60000,0.12159231,b,m,
1525853810.698,9070.60000,0.00000002,s,l,
1525814967.8279,9197.70000,0.00670001,b,m,
1526050420.3323,8631.50000,0.00100000,b,m,
1525867466.1538,9375.00000,0.00478087,b,m,
1525788277.1369,9123.90000,0.02000000,s,m,
1525833487.7414,9089.10000,0.09178067,b,l,
1525772947.6251,9253.10000,0.63320000,s,m,
1526025266.4284,8755.00000,1.87587866,b,l,
1526050744.6869,8637.10000,1.00000000,b,m,
1526023340.7341,8800.50000,0.00920000,s,l,
1525953575.3884,9330.00000,0.10133958,b,m,
1526050350.6362,8617.50000,0.00518995,s,l,
1525897114.0541,9288.50000,0.09900000,s,m,
1526024163.1782,8758.00000,0.03210000,s,l,
1526014902.176,8927.80000,2.30000000,s,m,
1525771021.1827,9337.30000,0.23402629,s,m,
1525815014.262,9197.70000,1.00000000,b,l,
1525778215.5882,9196.50000,0.00243048,s,m,
1525815021.4379,9200.00000,0.66630733,b,m,
1525975675.8573,9078.00000,0.77400000,s,l,
1525946099.9816,9346.00000,0.03424000,b,m,
1525815032.8169,9200.00000,0.04625067,b,m,
1525814667.7625,9180.00000,0.00019614,b,m,
1525946109.2431,9347.90000,0.21100000,b,l,
1526015435.8293,8972.70000,0.00370000,s,l,
1525856953.3614,9094.80000,0.01000000,b,l,
1525868837.0765,9292.80000,0.63480000,b,l,
1525919362.1337,9313.10000,0.00374800,s,l,
1525974693.9485,9168.50000,0.05535765,b,m,
1525946133.8371,9342.80000,0.05815808,s,m,
1525814668.1564,9180.00000,0.07735633,b,m,
1525867466.1274,9372.60000,0.01228000,b,m,
1525872992.5936,9298.00000,0.17974019,b,m,
1525853830.5898,9070.70000,0.00153207,b,l,
1525978375.3812,9111.60000,0.11730446,s,l,
1525815083.429,9199.80000,0.00276075,s,l,
1525946159.1871,9343.00000,0.01274226,b,m,
1525815092.5088,9197.00000,0.00061870,s,l,
1526019925.3959,8971.90000,0.00000445,b,l,
1526008580.3361,8919.90000,0.69230000,s,m,
1525882700.8917,9296.00000,0.79798277,b,m,
1525946176.433,9342.70000,0.03160000,s,l,
1525997498.3659,8868.00000,0.04907240,s,l,
1526021730.5584,8845.00000,0.00015259,s,m,
1525946191.9261,9345.70000,0.00904849,b,m,
1525838527.4835,9012.30000,0.00574201,s,m,
1525815123.9158,9194.00000,0.01100475,s,l,
1525815124.1042,9191.50000,0.01290000,s,l,
1525815125.4173,9191.40000,0.06000000,s,l,
1526037383.6696,8700.80000,0.20704205,s,l,
1526024558.8885,8730.20000,0.01760000,s,l,
1525963066.3335,9328.30000,0.01231295,s,m,
1525815134.4992,9191.50000,0.21362988,b,l,
1525944956.9073,9345.60000,0.22690000,b,m,
1525946212.868,9335.80000,0.12000000,s,l,
1526058158.054,8625.90000,0.00030406,s,m,
1525993616.3171,9062.50000,0.10300000,b,l,
1525946221.7552,9340.50000,0.00200000,b,m,
1526028605.121,8776.00000,0.10521483,s,l,
1526039478.0281,8664.10000,0.29062800,s,l,
1525836885.6865,9053.00000,0.23941151,b,m,
1526032897.2305,8791.90000,0.06098400,b,m,
1525838530.5203,9009.10000,0.01242680,s,m,
1525946231.3516,9335.60000,0.20397907,s,l,
1525812299.6803,9165.10000,0.45467913,s,m,
1525946242.2526,9336.00000,0.00000518,s,m,
1525867330.9197,9332.20000,0.16137590,b,l,
1525946246.9336,9336.00000,0.29610000,s,l,
1525836198.1735,9061.70000,0.00100000,s,m,
1525815179.7132,9197.10000,0.39736301,s,l,
1525863130.6055,9148.80000,0.19330000,b,m,
1526028611.6004,8775.90000,0.03872490,s,l,
1525797214.3758,9156.00000,0.36956636,b,l,
1526028612.1072,8775.90000,0.01326998,s,l,
1525946269.6521,9336.30000,0.50000000,s,l,
1525997363.7919,8908.90000,0.37830000,s,l,
1525792797.1015,9150.50000,0.00200000,b,l,
1525976160.6941,9091.90000,0.06000000,s,l,
1525946282.7699,9336.40000,0.17726876,s,l,
1525911559.3954,9330.00000,0.55027665,b,m,
1525946298.9275,9333.80000,0.26830000,s,l,
1525781020.6159,9090.70000,0.07500000,s,m,
1525836496.6171,8992.70000,0.37000000,s,m,
1526027016.1494,8827.30000,0.03673258,s,l,
1525946313.0201,9336.00000,0.37459407,s,l,
1525810167.8984,9231.20000,0.16136215,s,l,
1525779758.7969,9213.00000,0.00542717,b,l,
1525772895.6605,9267.20000,0.00227221,b,l,
1525946335.3425,9335.20000,0.18770000,s,l,
1525946338.0404,9342.20000,0.18660000,b,l,
1526023686.8351,8749.30000,0.05710000,s,m,
1525984934.9149,9100.10000,0.02000000,b,m,
1525810172.5037,9231.30000,0.00840158,s,m,
1525788258.5709,9123.70000,0.00693352,b,l,
1525875709.3407,9278.40000,0.00045598,b,l,
1526028627.7053,8776.30000,2.27900000,b,l,
1526050746.3392,8630.10000,0.12837324,s,l,
1526021737.6456,8820.20000,1.08540971,s,m,
1525815289.1357,9200.00000,0.26866163,b,l,
1526008403.2054,8920.40000,1.00000000,s,m,
1526050474.3025,8631.80000,0.00500000,s,l,
1526028629.3405,8776.00000,0.00198321,s,l,
1525815299.3143,9206.50000,0.00897871,b,m,
1526041631.6354,8516.10000,0.00100000,b,l,
1525919404.0377,9309.00000,0.22420000,b,l,
1526051619.0898,8604.70000,0.00000215,s,m,
1525963095.1171,9321.60000,2.15200000,s,l,
1525835220.3052,9027.10000,0.00800000,s,m,
1525946389.258,9339.50000,0.50000000,s,l,
1525768800.9062,9393.00000,2.32296449,b,m,
1526028633.1395,8778.60000,0.07000000,b,l,
1525941252.3307,9353.00000,0.56069378,s,l,
1525782071.2532,9119.40000,0.01966534,b,m,
1525815328.4537,9201.70000,0.01149171,s,m,
1525867051.7868,9241.50000,0.01686651,b,m,
1526044636.3386,8614.00000,0.79222880,b,m,
1525803988.5694,9166.40000,0.18681100,s,l,
1525840632.537,9033.50000,0.50000000,s,l,
1525946409.6112,9335.20000,0.00244245,s,l,
1525919410.1018,9300.60000,4.00000000,s,m,
1525864819.7996,9219.80000,0.00000045,b,l,
1525976229.9928,9064.90000,0.15000000,s,m,
1526028638.1683,8779.00000,0.24400000,b,l,
1525815351.9745,9210.60000,0.00903588,b,m,
1525815352.0909,9201.30000,0.00663779,s,m,
1526050484.7141,8630.10000,1.47714056,s,m,
1525916139.3825,9334.50000,0.04030000,s,l,
1526028639.8385,8777.60000,0.00213170,b,l,
1525946429.0278,9342.30000,0.50000000,s,l,
1526045410.5029,8566.20000,0.03262709,s,m,
1525867052.3229,9337.00000,0.42000000,b,m,
1526028640.2714,8783.60000,0.23160000,b,m,
1526050486.9162,8632.00000,0.00100000,b,m,
1526015446.2241,8972.70000,0.04089368,s,m,
1525815371.3693,9214.80000,0.17015895,b,m,
1526028642.2262,8785.40000,0.21100000,b,l,
1525946446.1715,9342.30000,0.50000000,s,l,
1526050489.8109,8631.90000,0.00788677,s,l,
1525781106.7894,9065.40000,0.19000000,s,l,
1525963108.5732,9327.80000,0.19379347,s,l,
1525875727.6694,9277.40000,0.00500000,s,l,
1525946461.475,9342.30000,0.50000000,s,l,
1526021730.4147,8850.00000,0.00895555,s,m,
1525972479.6865,9175.00000,0.05000000,s,m,
1526032905.2151,8780.40000,0.01360000,s,l,
1526048425.6093,8600.00000,0.18828579,s,l,
1525946474.6639,9342.30000,0.23091015,s,l,
1525971802.0847,9345.60000,0.01070022,s,m,
1525872231.2604,9279.90000,0.00232266,b,m,
1525976448.2617,9097.90000,0.18210000,b,m,
1525946488.7845,9335.10000,0.50000000,s,l,
1525788351.5565,9125.40000,0.65710000,s,l,
1525938143.9779,9328.40000,1.20000000,b,l,
1525973131.0213,9161.10000,0.81800000,b,m,
1525973615.5288,9145.20000,0.02365192,b,l,
1525815425.1365,9214.90000,0.21710000,b,m,
1526019141.4058,8990.80000,0.00000444,b,m,
1525788353.4321,9125.40000,0.06451449,s,l,
1525980532.2049,9100.00000,1.00000000,s,m,
1525946509.5284,9335.10000,0.50000000,s,l,
1525815438.7328,9215.00000,0.04900000,b,m,
1526028653.4487,8792.80000,0.61550000,b,l,
1525793242.9682,9136.70000,0.00448833,s,m,
1525919429.7548,9310.80000,0.05610000,b,m,
1526022090.5378,8771.60000,0.00200000,s,m,
1525910464.1738,9320.00000,2.00000000,b,l,
1525941274.3456,9355.80000,0.00300000,b,l,
1525941252.319,9353.30000,0.00000001,s,l,
1525946527.0206,9335.00000,0.50000000,s,l,
1525871009.8491,9260.00000,0.25250710,s,l,
1526042970.5385,8529.50000,0.00093061,s,m,
1526034241.272,8760.30000,0.00796549,b,l,
1525946542.5406,9335.00000,0.50000000,s,l,
1526050504.3312,8644.20000,0.14990800,b,m,
1525946546.5452,9335.00000,0.00199481,s,m,
1525815476.9076,9210.00000,0.00000007,s,m,
1525966949.2259,9331.00000,0.50000000,s,l,
1525946557.5365,9335.60000,0.09357463,s,l,
1525880150.0755,9312.00000,0.60401229,b,l,
1525938669.094,9365.10000,0.35600000,b,l,
1525788366.2094,9125.40000,0.00235503,s,l,
1525788496.8443,9130.00000,0.01368018,b,l,
1525788368.5784,9125.50000,0.00500000,b,l,
1525815523.2385,9213.70000,0.03040173,b,m,
1525815525.1591,9213.00000,0.68106000,b,l,
1525867505.6899,9331.00000,0.00500000,s,l,
1525843139.7703,9026.70000,0.00200000,s,l,
1525815538.6284,9210.00000,0.01280000,s,l,
1525864537.5001,9220.00000,1.00000000,b,m,
1526050516.5484,8646.10000,0.07878699,b,l,
1526044737.5986,8603.70000,0.02053701,b,l,
1525836507.7316,9019.20000,2.19100000,s,l,
1525798599.6264,9135.00000,0.22543690,s,l,
1526011088.6489,8929.70000,0.00000534,b,m,
1525802753.8067,9118.00000,0.02236221,b,l,
1525997995.2223,8910.20000,0.00817686,s,l,
1525815583.8736,9200.20000,0.34628307,s,m,
1525766534.2695,9361.90000,0.21510000,b,m,
1525946664.5044,9335.00000,0.03520000,s,l,
1526028681.2151,8800.00000,0.62622358,b,m,
1525941300.0881,9353.00000,0.31031846,s,m,
1526041399.8239,8533.10000,0.08255386,s,m,
1526028548.8702,8776.00000,0.09215869,s,l,
1525855219.5993,9100.00000,0.00000045,s,m,
1525963148.9713,9329.60000,0.00202148,b,l,
1525826666.139,9158.30000,0.00100000,s,m,
1525946701.3383,9335.00000,0.40000000,s,l,
1525946706.8911,9335.00000,0.00423775,s,l,
1526024049.6188,8755.40000,1.00000000,b,m,
1526062096.2136,8571.00000,0.73700000,s,l,
1525946714.7953,9335.00000,0.00570000,s,l,
1525953575.3522,9330.00000,0.11951720,b,m,
1526050533.9396,8644.00000,0.07428670,b,m,
1526028549.1452,8776.10000,0.00099956,b,l,
1525919462.5217,9304.30000,0.18104584,s,l,
1526024667.9695,8715.60000,0.04520069,s,m,
1525853927.7144,9070.30000,0.00000523,b,l,
1526006845.8372,8930.00000,0.30589045,b,l,
1526040196.2253,8559.30000,0.05100578,b,l,
1526041643.4396,8507.10000,0.77980000,s,m,
1526044483.3538,8566.00000,0.27310000,s,l,
1526040177.1047,8557.00000,0.00334796,s,m,
1525946742.0527,9335.00000,0.01170000,s,l,
1526050537.5833,8644.00000,0.00100404,b,l,
1525804525.4672,9240.50000,0.01601344,b,m,
1526050538.1453,8644.00000,0.00880000,b,m,
1525919467.3538,9300.80000,0.01198983,s,l,
1525815685.9991,9212.50000,0.03333330,b,m,
1525815686.0038,9214.80000,0.07976670,b,m,
1525954104.2366,9316.80000,2.14700000,b,l,
1526015457.0265,8972.90000,0.01339743,b,l,
1525946775.4526,9335.10000,0.00998969,b,l,
1525776038.3326,9277.20000,1.00000000,s,m,
1525963162.4449,9331.40000,0.01489672,b,l,
1525901980.8109,9230.00000,0.01679999,s,l,
1526016144.8904,8974.70000,0.00100000,b,m,
1526022039.8454,8800.00000,1.00000000,s,m,
1525919474.658,9304.10000,0.23230000,s,l,
1525815726.0529,9215.00000,0.06100000,b,l,
1526040968.3083,8500.00000,0.00028388,s,m,
1526050548.248,8646.90000,0.25559526,b,l,
1525839049.922,8978.60000,0.03572522,s,l,
1525985013.7395,9090.20000,0.75603000,b,m,
1525870932.4029,9275.00000,0.02651388,s,l,
1525850441.3052,9079.80000,0.16230000,b,m,
1526049421.3715,8621.20000,0.00000044,s,l,
1525946827.4644,9335.10000,0.09219645,b,l,
1526058198.2372,8626.00000,0.00052600,s,l,
1525815770.7579,9213.80000,0.03420000,s,l,
1525946844.7959,9335.10000,0.10000000,b,m,
1526050554.6995,8644.70000,0.12600000,b,l,
1525878474.9879,9299.90000,5.10000000,s,m,
1526024189.9715,8750.00000,0.49322019,s,l,
1526041287.689,8540.10000,0.00055918,s,m,
1525946862.4718,9335.00000,0.02300000,s,l,
1525946867.2639,9335.00000,0.00280000,s,l,
1525867506.5733,9331.00000,0.00500000,s,l,
1526037970.7813,8709.80000,0.26710000,b,l,
1526050559.1974,8646.90000,0.69354905,b,m,
1526051874.0436,8583.10000,0.00075355,s,m,
1525993638.7023,9061.60000,0.06630000,b,l,
1525804169.2524,9213.40000,0.23162324,b,m,
1525976180.9495,9085.30000,0.01000000,s,l,
1525759972.9617,9356.90000,0.01952290,b,m,
1526050561.0927,8648.90000,0.02250000,b,m,
1525997056.108,8917.30000,0.01300100,s,m,
1525985026.6176,9080.50000,0.09010000,s,l,
1525946896.9915,9335.10000,1.00000000,b,l,
1525985027.6673,9080.50000,0.05990000,s,l,
1525780887.1772,9151.30000,1.43025417,s,l,
1526055451.1412,8558.20000,2.33400000,s,m,
1526050564.9633,8642.90000,0.35000000,b,l,
1525863328.0365,9175.00000,0.03200000,b,m,
1525880786.9805,9295.20000,0.00227127,s,l,
1526015462.5068,8980.00000,0.40000000,b,l,
1525985031.6683,9081.60000,0.06880931,s,l,
1525800402.8385,9153.00000,0.01311046,b,l,
1526031546.0395,8697.60000,0.14166321,s,m,
1525985032.1912,9084.00000,0.04000000,b,m,
1525853961.8269,9060.10000,0.02000000,s,l,
1525875808.4613,9275.80000,3.00000000,s,m,
1525919499.8447,9303.00000,0.19479684,s,l,
1525815880.1923,9211.00000,0.05690000,s,l,
1525861331.7904,9086.30000,2.30000000,s,m,
1525804557.1594,9235.90000,0.01000000,s,m,
1526023461.0365,8790.90000,0.05948901,s,l,
1525832120.579,9162.00000,1.00000000,s,l,
1525946964.6443,9335.10000,0.18582139,s,l,
1525975932.7313,9122.80000,0.55010000,s,l,
1525946974.6856,9320.70000,0.06840000,b,l,
1525946975.0387,9320.60000,0.07960000,s,l,
1525946990.9626,9320.60000,0.05815808,b,l,
1525815926.6397,9211.10000,0.02789863,s,m,
1525980270.2086,9093.50000,0.05100000,s,l,
1525972376.3228,9272.20000,0.30968294,s,l,
1525947014.7694,9326.10000,0.00272927,b,l,
1525982532.9033,9046.50000,0.24643260,s,l,
1525998802.308,8876.20000,1.02099378,s,m,
1526032547.1666,8740.00000,0.19956522,s,l,
1525972363.0582,9277.10000,1.00000000,s,l,
1525789481.2878,9146.90000,0.08402398,b,l,
1525781436.1191,9092.20000,1.00000000,b,l,
1525815990.9511,9214.90000,0.05259253,b,m,
1525815991.2477,9214.90000,0.14740747,b,l,
1526041654.0809,8516.50000,0.20800000,b,m,
1525973488.334,9110.10000,0.02000000,s,m,
1526040352.5753,8578.70000,0.04895665,b,l,
1525815998.1475,9217.00000,0.01000000,b,l,
1525904787.2658,9312.80000,0.00500000,b,m,
1525816005.5293,9220.00000,0.21460000,b,l,
1525816006.3568,9228.80000,0.06000000,b,l,
1526037290.6157,8699.60000,0.25198390,b,l,
1525997504.6521,8873.00000,0.02000000,b,l,
1525919522.1766,9303.10000,0.00000484,b,m,
1525788451.1563,9132.80000,0.00575677,s,l,
1525893849.1751,9246.00000,2.20000000,s,l,
1525835145.5249,9052.00000,0.25000000,b,m,
1525810299.3143,9232.90000,1.03661156,s,l,
1525867051.955,9300.00000,0.10000000,b,m,
1525947109.9554,9320.00000,0.03000000,s,m,
1525973620.8287,9145.10000,0.00360048,b,l,
1525985063.0533,9080.20000,1.00000000,s,l,
1525832147.1797,9161.90000,0.00200000,s,l,
1525923814.311,9321.30000,0.00000040,b,l,
1526021982.6626,8810.00000,0.01710000,s,m,
1526028757.3349,8790.20000,0.19500000,s,l,
1525862711.3417,9148.40000,0.20000000,b,m,
1525963095.1134,9321.70000,0.21810000,s,l,
1526043768.2484,8540.20000,0.05000000,b,m,
1525862630.7665,9150.00000,0.10000000,b,m,
1525816074.8967,9217.20000,0.00800000,s,l,
1526025862.3088,8776.40000,0.00400000,b,l,
1526010772.5724,8931.30000,0.02369919,b,m,
1525816079.3857,9222.70000,0.09437808,b,l,
1525867076.6885,9236.10000,0.00900000,b,m,
1526044641.3132,8615.50000,0.05000000,b,m,
1525947166.5073,9325.20000,0.06697539,b,l,
1526031274.3137,8717.30000,0.00099956,s,l,
1526028763.1297,8790.30000,0.23230000,s,l,
1525941382.2741,9364.00000,0.00000001,b,l,
1525947183.8012,9324.10000,0.18580465,b,m,
1526050611.739,8649.00000,0.01505031,b,l,
1525792900.179,9160.00000,0.02256000,b,l,
1526050614.7292,8645.50000,1.00000000,s,m,
1525970445.7058,9358.00000,0.02894232,s,l,
1526064654.0682,8648.40000,1.01200000,b,m,
1526013941.4482,8950.00000,0.04960000,b,m,
1525859587.1335,9120.00000,0.00070000,s,l,
