time,bid,ask
1525809153,9255.20000,9273.30000
1525809154,9255.20000,9267.80000
1525983915,9077.30000,9077.40000
1525809156,9255.30000,9257.80000
1525809157,9255.30000,9257.30000
1525809168,9255.40000,9257.30000
1525962073,9336.10000,9336.20000
1525809178,9255.40000,9267.50000
1525809179,9255.40000,9266.30000
1525809180,9255.40000,9255.50000
1525897398,9280.00000,9284.50000
1525940259,9350.90000,9357.50000
1525809188,9255.40000,9262.70000
1525809189,9255.40000,9262.60000
1525809191,9255.40000,9262.60000
1525809192,9255.40000,9262.70000
1525936679,9300.00000,9300.30000
1525809194,9255.40000,9255.50000
1525809195,9255.40000,9262.70000
1525809196,9255.40000,9256.40000
1525809197,9255.40000,9256.30000
1525940270,9350.90000,9351.00000
1525809199,9255.40000,9263.60000
1525809200,9255.40000,9256.10000
1525809202,9255.40000,9255.90000
1525809206,9255.70000,9255.90000
1525809208,9255.40000,9255.90000
1525809209,9255.40000,9255.80000
1525900567,9233.90000,9237.50000
1525809213,9253.90000,9254.80000
1525809214,9250.00000,9253.70000
1525983925,9077.30000,9083.50000
1525896544,9278.60000,9278.80000
1525809221,9250.00000,9250.10000
1525780980,9110.00000,9110.30000
1525896547,9278.60000,9278.80000
1525831932,9161.20000,9164.50000
1525983929,9077.30000,9080.00000
1525983930,9077.50000,9080.00000
1525983934,9079.90000,9080.00000
1525983935,9077.60000,9080.00000
1525770830,9338.30000,9341.50000
1525841846,9065.10000,9072.80000
1525897052,9290.20000,9297.60000
1525809288,9250.00000,9250.80000
1525809290,9250.00000,9250.80000
1525983938,9079.90000,9080.00000
1525809294,9250.10000,9250.80000
1525809296,9250.00000,9250.80000
1525809301,9250.00000,9250.10000
1525940374,9351.00000,9358.80000
1525809304,9250.10000,9250.70000
1525940379,9351.10000,9358.80000
1525809308,9250.20000,9250.70000
1525940382,9351.20000,9358.80000
1525940383,9356.20000,9358.80000
1525940384,9356.30000,9358.70000
1525809313,9250.20000,9250.80000
1525940386,9356.30000,9358.50000
1525809315,9250.30000,9250.80000
1525940388,9351.40000,9358.80000
1525940389,9351.40000,9358.70000
1525809318,9250.30000,9250.70000
1525809319,9250.30000,9250.80000
1525809320,9250.30000,9250.40000
1525940393,9351.50000,9358.70000
1525809322,9250.30000,9250.80000
1525809323,9250.30000,9250.60000
1525924136,9324.00000,9330.90000
1525809325,9250.30000,9250.50000
1525940398,9351.70000,9358.80000
1525940401,9351.60000,9358.80000
1525940402,9351.20000,9358.80000
1525809331,9250.40000,9250.50000
1525940404,9351.80000,9358.80000
1525809334,9250.30000,9250.50000
1525809335,9250.40000,9250.50000
1525809336,9250.30000,9250.50000
1525940409,9351.90000,9358.70000
1525809338,9250.40000,9250.80000
1525940413,9352.10000,9358.80000
1525809342,9250.70000,9250.80000
1525940415,9352.10000,9358.80000
1525809344,9250.50000,9250.80000
1525940418,9352.20000,9358.60000
1525809347,9250.70000,9250.80000
1525940420,9352.40000,9356.50000
1525809351,9255.00000,9255.60000
1525809353,9255.00000,9255.80000
1525940426,9351.20000,9356.30000
1525809355,9255.10000,9255.60000
1525809356,9255.10000,9255.80000
1525809358,9255.10000,9255.80000
1525940431,9351.30000,9353.60000
1525940432,9351.30000,9356.20000
1525809361,9255.20000,9255.80000
1525940434,9351.30000,9356.20000
1525940435,9351.30000,9356.10000
1525940436,9351.30000,9354.40000
1525940437,9351.30000,9354.30000
1525940441,9351.20000,9354.20000
1525940442,9351.20000,9352.30000
1525809371,9255.30000,9255.80000
1525809372,9255.30000,9255.60000
1525809374,9255.30000,9255.60000
1525809378,9255.10000,9255.60000
1525940452,9351.20000,9352.20000
1525940454,9351.20000,9352.00000
1525940455,9351.20000,9351.70000
1525809385,9255.40000,9255.60000
1525940458,9351.20000,9351.90000
1525809387,9255.00000,9255.60000
1525809391,9255.00000,9255.50000
1525809392,9255.10000,9255.50000
1525940465,9351.20000,9354.10000
1525940466,9351.20000,9354.10000
1525940468,9351.20000,9351.30000
1525940470,9351.20000,9354.10000
1525940471,9351.20000,9354.10000
1525940472,9351.20000,9351.30000
1525940473,9351.20000,9354.10000
1525940474,9351.20000,9354.30000
1525940475,9351.20000,9351.40000
1525809404,9255.10000,9255.50000
1525940266,9351.00000,9357.40000
1525809407,9255.10000,9255.30000
1525809408,9255.10000,9255.20000
1525975967,9122.80000,9126.00000
1525940489,9351.30000,9351.40000
1525940497,9351.20000,9351.40000
1525940500,9351.20000,9354.20000
1525809198,9255.40000,9256.20000
1525940503,9351.20000,9354.20000
1525940505,9351.20000,9356.50000
1525940507,9351.20000,9354.10000
1525940509,9351.20000,9356.40000
1525940510,9351.30000,9354.10000
1525940512,9351.30000,9351.40000
1525940513,9351.30000,9354.00000
1525940514,9351.00000,9351.80000
1525940515,9351.00000,9351.50000
1525940516,9351.00000,9354.00000
1525940517,9351.40000,9351.80000
1525940520,9351.40000,9353.90000
1525940525,9351.40000,9356.40000
1525940526,9351.50000,9356.50000
1525940527,9351.50000,9353.80000
1525940528,9351.40000,9353.80000
1525940529,9351.40000,9353.90000
1525940530,9351.40000,9353.70000
1525940534,9351.40000,9353.60000
1525940536,9351.40000,9351.50000
1525809468,9255.10000,9258.10000
1525809469,9255.10000,9255.20000
1525809471,9255.10000,9258.10000
1525809472,9255.10000,9255.20000
1525809473,9255.10000,9258.10000
1525809474,9255.10000,9258.00000
1525809475,9255.10000,9255.20000
1525940555,9351.40000,9353.40000
1525940558,9351.40000,9351.50000
1525940559,9351.40000,9351.50000
1525940561,9351.40000,9353.40000
1525940563,9351.40000,9353.30000
1525940567,9351.40000,9353.20000
1525940568,9351.40000,9351.50000
1525983972,9079.80000,9079.90000
1525940571,9351.40000,9353.20000
1525940572,9351.40000,9353.10000
1525940573,9351.40000,9351.60000
1525809502,9255.10000,9255.20000
1525940575,9351.40000,9353.20000
1525940576,9351.90000,9353.20000
1525940577,9352.10000,9353.20000
1525940578,9353.10000,9353.20000
1525940580,9351.40000,9353.30000
1525940582,9353.10000,9353.20000
1525940584,9353.10000,9353.30000
1525940585,9353.30000,9356.40000
1525940586,9353.10000,9353.30000
1525940587,9353.20000,9356.40000
1525940589,9351.40000,9353.30000
1525940590,9351.40000,9356.40000
1525940591,9353.10000,9356.40000
1525940592,9352.10000,9356.40000
1525940593,9353.20000,9356.40000
1525944214,9317.60000,9326.40000
1525940596,9353.20000,9356.40000
1525940597,9353.20000,9356.40000
1525940603,9354.20000,9356.40000
1525940604,9353.20000,9356.40000
1525940605,9354.60000,9356.40000
1525940606,9353.20000,9356.40000
1525940607,9353.20000,9356.40000
1525940608,9354.90000,9356.50000
1525940609,9355.00000,9356.30000
1525940610,9355.00000,9356.40000
1525940611,9355.00000,9360.10000
1525940612,9355.00000,9356.30000
1525940613,9355.00000,9356.30000
1525913424,9316.60000,9323.00000
1525940615,9355.00000,9356.30000
1525940617,9355.00000,9358.90000
1525940618,9355.00000,9356.30000
1525940622,9355.00000,9358.80000
1525940624,9355.00000,9355.50000
1525940634,9353.20000,9355.50000
1525940639,9355.30000,9355.50000
1525809568,9255.10000,9260.00000
1525809569,9255.00000,9255.10000
1525940642,9353.20000,9355.50000
1525940644,9355.00000,9355.50000
1525940645,9355.20000,9355.50000
1525940646,9355.30000,9355.50000
1525809582,9255.00000,9255.20000
1525835975,9021.30000,9023.00000
1525940658,9353.20000,9355.50000
1525940659,9353.20000,9355.50000
1525940661,9355.40000,9355.50000
1525940663,9353.20000,9355.50000
1525940667,9355.10000,9355.50000
1525809601,9250.00000,9254.00000
1525809602,9240.40000,9242.30000
1525809603,9240.40000,9253.90000
1525809604,9232.80000,9253.90000
1525809605,9234.00000,9247.50000
1525809606,9232.90000,9233.60000
1525809607,9232.90000,9247.50000
1525809609,9233.60000,9247.50000
1525809610,9233.60000,9247.40000
1525809611,9232.90000,9247.40000
1525809612,9232.80000,9233.00000
1525809613,9230.30000,9244.00000
1525809615,9233.20000,9233.70000
1525809616,9233.20000,9233.50000
1525809617,9233.20000,9243.90000
1525809618,9233.20000,9244.00000
1525809619,9233.20000,9233.70000
1525809620,9233.40000,9243.90000
1525809621,9233.40000,9243.80000
1525809622,9233.40000,9243.00000
1525809623,9233.40000,9243.00000
1525809625,9233.40000,9236.60000
1525809626,9230.40000,9236.60000
1525809632,9230.50000,9236.50000
1525809633,9230.60000,9236.50000
1525809635,9232.70000,9236.50000
1525809636,9232.80000,9236.60000
1525809638,9230.70000,9236.60000
1525809639,9230.70000,9236.50000
1525809641,9230.60000,9236.50000
1525809642,9233.60000,9236.50000
1525940717,9355.20000,9355.40000
1525809646,9233.60000,9236.40000
1525809648,9233.60000,9236.30000
1525940722,9355.30000,9355.50000
1525809659,9233.60000,9236.60000
1525809660,9233.60000,9236.20000
1525940735,9355.30000,9355.50000
1525940736,9355.20000,9355.50000
1525809665,9233.60000,9236.10000
1525809672,9233.60000,9236.00000
1525809673,9233.60000,9236.10000
1525984002,9078.70000,9082.40000
1525809681,9233.60000,9236.30000
1525940754,9355.30000,9355.50000
1525809687,9233.60000,9236.20000
1525940761,9355.30000,9355.50000
1525940762,9355.20000,9355.50000
1525809694,9233.60000,9236.10000
1525940767,9355.30000,9355.50000
1525770844,9335.10000,9335.30000
1525809698,9233.70000,9236.10000
1525940771,9355.40000,9355.50000
1525940772,9355.30000,9355.50000
1525809701,9233.70000,9234.30000
1525809702,9233.70000,9236.30000
1525809703,9233.70000,9233.80000
1525940776,9355.40000,9355.50000
1525940777,9355.20000,9355.50000
1525940779,9355.40000,9355.50000
1525940785,9355.20000,9355.50000
1525940786,9355.40000,9355.50000
1525989606,9095.80000,9105.90000
1525914874,9324.80000,9330.40000
1525984010,9078.70000,9082.40000
1525984012,9081.30000,9086.30000
1525984017,9078.80000,9082.30000
1525984019,9082.00000,9082.30000
1525940855,9355.40000,9359.90000
1525940856,9355.40000,9363.80000
1525940858,9355.50000,9363.80000
1525809789,9229.00000,9233.80000
1525940863,9355.40000,9363.00000
1525940864,9355.60000,9362.90000
1525940865,9355.50000,9362.90000
1525940866,9355.70000,9362.90000
1525818857,9209.10000,9214.80000
1525940868,9355.40000,9362.80000
1525940869,9355.80000,9362.80000
1525940870,9355.80000,9360.00000
1525809799,9229.10000,9229.30000
1525940872,9355.80000,9362.70000
1525940873,9355.80000,9362.60000
1525940875,9355.50000,9362.50000
1525809804,9229.10000,9229.20000
1525958522,9373.10000,9374.70000
1525940879,9356.10000,9362.40000
1525940883,9356.20000,9362.40000
1525940885,9356.20000,9362.30000
1525940887,9356.20000,9362.40000
1525809816,9229.10000,9229.30000
1525809818,9229.10000,9229.20000
1525940891,9355.70000,9362.20000
1525809821,9229.10000,9229.30000
1525809823,9229.10000,9229.20000
1525809824,9229.10000,9229.30000
1525940897,9355.40000,9359.90000
1525809826,9229.20000,9233.90000
1525809830,9229.20000,9233.50000
1525809831,9229.10000,9233.50000
1525940904,9355.50000,9360.00000
1525984028,9078.90000,9079.00000
1525809834,9230.30000,9233.90000
1525940907,9355.60000,9355.80000
1525809837,9230.30000,9233.80000
1525809839,9230.30000,9233.40000
1525809840,9230.30000,9233.80000
1525940914,9355.70000,9355.80000
1525809845,9230.30000,9233.60000
1525809846,9230.30000,9233.70000
1525809847,9230.40000,9233.70000
1525809851,9233.60000,9233.70000
1525809853,9230.50000,9233.70000
1525809856,9230.50000,9233.90000
1525809857,9231.40000,9233.90000
1525809858,9230.50000,9233.90000
1525809859,9232.30000,9233.90000
1525809860,9230.50000,9233.90000
1525809861,9232.40000,9233.90000
1525985875,9082.30000,9087.30000
1525809875,9232.50000,9233.90000
1525809879,9232.60000,9233.90000
1525809880,9233.80000,9233.90000
1525984036,9073.10000,9079.00000
1525809883,9233.80000,9234.00000
1525984037,9080.00000,9086.40000
1525809889,9233.80000,9239.50000
1525809893,9233.90000,9239.00000
1525962193,9335.00000,9338.00000
1525940969,9351.50000,9355.60000
1525940970,9351.50000,9355.70000
1525809899,9234.00000,9239.00000
1525809900,9238.90000,9239.60000
1525809901,9234.00000,9239.60000
1525809903,9238.90000,9240.30000
1525809904,9238.90000,9239.00000
1525984040,9080.00000,9081.50000
1525809911,9238.90000,9239.50000
1525809913,9238.90000,9243.40000
1525809915,9239.00000,9243.40000
1525809917,9239.00000,9240.00000
1525940990,9350.10000,9355.70000
1525809919,9239.10000,9240.00000
1525940993,9350.10000,9355.60000
1525940994,9352.70000,9355.60000
1525940995,9350.00000,9355.60000
1525940996,9352.80000,9355.60000
1525940997,9350.10000,9355.60000
1525940998,9350.10000,9355.80000
1525809927,9239.20000,9239.90000
1525941001,9355.60000,9355.80000
1525809933,9239.10000,9239.90000
1525809934,9239.20000,9239.90000
1525809935,9239.70000,9239.90000
1525809939,9239.80000,9239.90000
1525941012,9355.60000,9355.80000
1525941014,9355.60000,9355.80000
1525809949,9239.90000,9248.90000
1525809950,9239.90000,9248.90000
1525809951,9239.80000,9248.80000
1525809952,9239.90000,9248.80000
1525941025,9355.60000,9355.70000
1525941026,9355.60000,9355.80000
1525809955,9240.00000,9248.80000
1525809957,9240.00000,9248.90000
1525809959,9240.20000,9248.90000
1525941032,9355.60000,9355.70000
1525809961,9240.00000,9248.90000
1525941034,9355.60000,9355.80000
1525809963,9246.80000,9248.90000
1525809964,9246.90000,9248.90000
1525809965,9240.30000,9248.90000
1525809967,9247.00000,9248.90000
1525941042,9355.60000,9355.70000
1525935488,9272.10000,9279.40000
1525941047,9355.60000,9355.80000
1525941055,9355.60000,9355.80000
1525809986,9247.10000,9248.90000
1525941059,9355.60000,9355.80000
1525809988,9247.20000,9248.90000
1525941061,9355.70000,9355.80000
1525809990,9247.20000,9248.70000
1525941063,9355.60000,9355.80000
1525941065,9355.70000,9355.80000
1525809994,9240.60000,9247.20000
1525809995,9247.30000,9248.70000
1525809997,9247.40000,9248.70000
1525810000,9247.40000,9248.90000
1525984056,9080.00000,9081.50000
1525810004,9247.30000,9248.90000
1525810006,9247.50000,9248.90000
1525984057,9080.00000,9081.50000
1525810009,9248.70000,9248.90000
1525918522,9292.10000,9296.30000
1525810016,9248.70000,9248.80000
1525924282,9327.00000,9330.40000
1525810019,9248.80000,9248.90000
1525924074,9325.30000,9330.80000
1525918525,9288.80000,9296.30000
1525765608,9359.90000,9362.00000
1525765611,9360.00000,9362.00000
1525810053,9248.70000,9248.80000
1525770856,9331.00000,9335.20000
1525810069,9236.30000,9248.80000
1525810071,9236.30000,9248.90000
1525810072,9236.30000,9243.20000
1525810075,9236.30000,9236.40000
1525810077,9236.30000,9243.10000
1525810079,9236.30000,9236.50000
1525810080,9236.30000,9243.10000
1525914886,9324.80000,9330.40000
1525810083,9236.30000,9243.00000
1525810084,9236.60000,9243.00000
1525941157,9350.10000,9355.80000
1525941158,9350.00000,9355.80000
1525941159,9352.90000,9355.80000
1525941160,9353.00000,9355.80000
1525810091,9236.70000,9243.00000
1525918536,9291.00000,9296.30000
1525810102,9236.70000,9239.70000
1525810104,9237.00000,9239.70000
1525810105,9237.10000,9239.70000
1525810107,9229.00000,9239.70000
1525810108,9230.60000,9236.70000
1525810109,9234.70000,9239.70000
1525810110,9234.70000,9239.70000
1525810111,9230.60000,9237.10000
1525810113,9230.60000,9234.80000
1525941186,9353.00000,9355.80000
1525984075,9080.00000,9081.40000
1525810118,9230.60000,9232.90000
1525941200,9353.10000,9355.80000
1525940387,9351.40000,9358.70000
1525810134,9230.70000,9232.90000
1525987863,9120.00000,9123.00000
1525810136,9230.80000,9232.90000
1525810140,9230.80000,9232.60000
1525945091,9342.40000,9342.50000
1525810143,9230.80000,9232.90000
1525850818,9070.60000,9078.60000
1525770859,9331.00000,9335.20000
1525810149,9230.90000,9232.90000
1525810151,9231.00000,9232.90000
1525941226,9353.10000,9355.80000
1525810155,9231.00000,9232.60000
1525810156,9231.10000,9232.60000
1525941229,9353.00000,9355.80000
1525810158,9231.10000,9232.90000
1525810161,9231.20000,9232.50000
1525810162,9231.20000,9232.80000
1525810163,9231.20000,9232.90000
1525941238,9353.10000,9355.80000
1525810167,9231.10000,9232.90000
1525810169,9231.10000,9232.80000
1525810171,9231.30000,9232.60000
1525940394,9351.50000,9358.60000
1525810175,9231.30000,9232.80000
1525810176,9231.30000,9232.50000
1525810177,9231.30000,9232.90000
1525810179,9231.30000,9232.20000
1525810180,9229.00000,9232.20000
1525810181,9231.30000,9232.20000
1525810182,9231.40000,9232.20000
1525810185,9231.30000,9232.20000
1525810186,9231.30000,9232.80000
1525810187,9231.50000,9232.90000
1525810191,9231.60000,9232.90000
1525810194,9231.60000,9236.10000
1525810195,9231.70000,9232.80000
1525810200,9229.00000,9232.80000
1525810202,9231.80000,9232.80000
1525810207,9229.10000,9232.80000
1525810208,9231.80000,9232.80000
1525810209,9231.90000,9232.80000
1525941282,9355.70000,9355.80000
1525810211,9232.00000,9232.80000
1525810212,9231.90000,9232.80000
1525810213,9232.00000,9236.40000
1525810215,9232.00000,9236.40000
1525810216,9229.00000,9236.40000
1525810217,9232.40000,9236.40000
1525810218,9232.40000,9233.90000
1525810219,9232.10000,9233.90000
1525810220,9232.10000,9233.90000
1525810221,9232.10000,9236.40000
1525810222,9232.10000,9233.10000
1525810225,9229.00000,9233.10000
1525810226,9232.50000,9233.10000
1525941300,9353.00000,9355.80000
1525810229,9232.50000,9233.00000
1525810230,9229.00000,9233.00000
1525810232,9229.00000,9233.10000
1525810233,9229.00000,9232.60000
1525810234,9229.00000,9232.10000
1525810235,9229.10000,9232.10000
1525810236,9229.10000,9232.60000
1525810237,9230.10000,9232.60000
1525810238,9229.10000,9232.10000
1525810239,9229.90000,9232.60000
1525918560,9290.20000,9296.30000
1525810243,9229.10000,9232.60000
1525940406,9351.90000,9358.70000
1525810246,9230.40000,9232.20000
1525810247,9229.10000,9233.10000
1525810248,9230.50000,9233.10000
1525810252,9232.90000,9233.10000
1525940408,9351.90000,9358.80000
1525810259,9233.00000,9233.10000
1525809337,9250.30000,9250.80000
1525940410,9352.10000,9358.70000
1525823238,9208.00000,9218.90000
1525940414,9352.10000,9358.70000
1525984105,9071.20000,9075.10000
1525810299,9229.00000,9232.80000
1525810300,9229.00000,9232.70000
1525810305,9226.00000,9228.90000
1525810307,9226.00000,9232.70000
1525810308,9227.10000,9232.70000
1525941382,9355.70000,9364.00000
1525941383,9355.80000,9364.00000
1525810313,9227.10000,9232.00000
1525941386,9355.90000,9364.00000
1525941388,9355.90000,9363.90000
1525941390,9355.90000,9364.00000
1525941392,9356.20000,9364.00000
1525810321,9227.10000,9232.60000
1525941394,9356.20000,9364.10000
1525810323,9227.10000,9232.00000
1525941397,9363.80000,9364.00000
1525770865,9331.10000,9333.10000
1525810330,9227.10000,9236.40000
1525941403,9363.80000,9364.00000
1525941404,9363.80000,9363.90000
1525810333,9227.40000,9232.00000
1525938982,9374.10000,9374.70000
1525941407,9363.80000,9364.00000
1525941408,9363.80000,9363.90000
1525810337,9227.20000,9232.00000
1525941410,9356.80000,9363.80000
1525941411,9356.80000,9364.00000
1525810340,9227.20000,9237.90000
1525941413,9356.90000,9364.10000
1525941414,9356.90000,9363.80000
1525810343,9227.30000,9237.90000
1525810344,9227.50000,9229.00000
1525940423,9352.40000,9356.40000
1525941420,9357.20000,9363.80000
1525810349,9227.60000,9229.00000
1525810351,9227.70000,9229.00000
1525810352,9227.70000,9228.20000
1525810354,9227.80000,9228.20000
1525941427,9363.60000,9363.80000
1525941428,9363.60000,9363.70000
1525940425,9351.20000,9356.40000
1525810361,9227.80000,9229.00000
1525765663,9347.10000,9361.90000
1525810364,9227.70000,9229.00000
1525810365,9227.70000,9228.10000
1525810367,9227.90000,9228.10000
1525941443,9363.50000,9363.70000
1525810373,9227.90000,9229.00000
1525810374,9227.90000,9228.00000
1525810375,9227.70000,9228.00000
1525810381,9228.00000,9229.00000
1525941454,9363.50000,9363.60000
1525941455,9356.00000,9363.60000
1525810384,9228.00000,9228.90000
1525810385,9228.10000,9228.90000
1525810389,9228.10000,9228.20000
1525810398,9228.10000,9228.90000
1525810399,9228.10000,9239.70000
1525810400,9228.10000,9235.80000
1525810401,9228.20000,9235.80000
1525810406,9228.50000,9235.80000
1525940433,9351.30000,9354.10000
1525941481,9356.10000,9363.40000
1525941482,9356.40000,9363.40000
1525765671,9355.70000,9362.00000
1525810412,9228.20000,9235.80000
1525810414,9228.60000,9235.80000
1525941487,9356.40000,9363.30000
1525941488,9356.40000,9357.60000
1525810417,9233.90000,9239.70000
1525810418,9228.90000,9235.70000
1525810419,9233.40000,9235.70000
1525810422,9234.00000,9235.70000
1525962281,9334.90000,9335.00000
1525941496,9356.50000,9363.50000
1525941497,9356.50000,9363.70000
1525941499,9357.30000,9363.10000
1525941500,9357.30000,9363.70000
1525941501,9357.30000,9363.60000
1525810430,9234.00000,9235.60000
1525810431,9235.40000,9235.60000
1525810437,9235.50000,9235.60000
1525941516,9357.30000,9357.50000
1525810446,9235.50000,9235.70000
1525770869,9331.30000,9333.10000
1525810457,9235.60000,9235.70000
1525810459,9235.60000,9237.00000
1525810464,9235.50000,9237.00000
1525810465,9235.60000,9237.00000
1525810466,9235.50000,9239.40000
1525989611,9096.10000,9105.90000
1525810469,9235.70000,9238.00000
1525810470,9235.70000,9239.40000
1525810471,9235.70000,9239.40000
1525810472,9235.70000,9238.20000
1525810473,9235.70000,9237.70000
1525810476,9236.30000,9238.20000
1525810477,9235.60000,9237.40000
1525810478,9235.80000,9237.40000
1525810479,9235.80000,9238.10000
1525810480,9235.80000,9237.90000
1525941555,9356.00000,9357.30000
1525941557,9356.30000,9357.30000
1525941558,9356.00000,9357.30000
1525941559,9356.00000,9357.30000
1525810488,9235.70000,9237.80000
1525810490,9235.70000,9237.90000
1525810491,9235.70000,9237.80000
1525810492,9233.40000,9237.80000
1525810493,9235.90000,9237.80000
1525810494,9233.40000,9237.80000
1525810495,9233.40000,9237.80000
1525810496,9236.20000,9237.80000
1525810497,9236.10000,9237.80000
1525810499,9236.10000,9239.70000
1525810500,9236.10000,9238.70000
1525810505,9236.20000,9238.70000
1525941578,9356.00000,9357.40000
1525770871,9331.20000,9333.10000
1525810511,9236.30000,9238.70000
1525932000,9297.10000,9297.20000
1525941586,9356.00000,9357.30000
1525810519,9233.60000,9238.40000
1525941593,9356.00000,9357.50000
1525810522,9233.60000,9238.70000
1525941595,9356.10000,9357.50000
1525941597,9356.00000,9357.50000
1525958546,9373.00000,9374.90000
1525810527,9233.70000,9238.70000
1525810529,9233.40000,9238.60000
1525941602,9357.30000,9357.40000
1525810532,9233.80000,9238.60000
1525810535,9233.80000,9238.30000
1525810537,9233.70000,9238.30000
1525810538,9235.80000,9238.30000
1525809383,9255.00000,9255.60000
1525810540,9238.00000,9238.30000
1525810555,9238.10000,9238.30000
1525809386,9255.40000,9255.70000
1525810560,9238.10000,9239.80000
1525810562,9238.10000,9238.30000
1525810563,9238.10000,9238.20000
1525810566,9238.10000,9239.80000
1525810567,9238.10000,9238.70000
1525810568,9238.10000,9239.80000
1525810569,9238.10000,9239.60000
1525827612,9126.60000,9128.10000
1525810576,9238.60000,9239.60000
1525810580,9238.10000,9239.80000
1525810582,9238.10000,9238.70000
1525810585,9238.10000,9239.80000
1525810588,9238.10000,9238.20000
1525810606,9226.00000,9238.00000
1525810607,9226.00000,9237.90000
1525810610,9228.00000,9237.90000
1525810611,9231.60000,9237.80000
1525810612,9232.00000,9237.80000
1525810613,9228.00000,9237.80000
1525810614,9232.10000,9236.00000
1525810617,9232.10000,9235.90000
1525941690,9342.40000,9357.40000
1525941691,9345.20000,9357.40000
1525941692,9345.20000,9357.30000
1525941693,9345.20000,9355.00000
1525941694,9345.30000,9355.00000
1525810624,9232.10000,9235.00000
1525810625,9226.10000,9235.00000
1525941698,9349.40000,9350.90000
1525941699,9345.40000,9350.90000
1525941700,9345.30000,9350.90000
1525810629,9228.00000,9234.90000
1525810630,9229.90000,9234.80000
1525810632,9229.90000,9234.60000
1525941705,9345.60000,9350.90000
1525941706,9342.40000,9350.80000
1525941707,9347.70000,9350.80000
1525810636,9229.90000,9235.10000
1525941709,9345.90000,9350.80000
1525810638,9229.90000,9234.50000
1525941712,9346.40000,9350.70000
1525810641,9230.10000,9234.50000
1525941715,9346.40000,9350.80000
1525810644,9230.10000,9232.80000
1525810645,9230.10000,9232.70000
1525810646,9226.00000,9232.70000
1525941719,9346.50000,9348.50000
1525984164,9069.70000,9071.40000
1525941722,9346.40000,9348.50000
1525810652,9228.00000,9232.70000
1525941725,9348.30000,9348.50000
1525810654,9228.00000,9232.60000
1525810656,9228.00000,9230.40000
1525941729,9348.30000,9355.00000
1525810660,9226.00000,9230.40000
1525941735,9348.40000,9354.90000
1525810664,9228.00000,9230.40000
1525810666,9228.00000,9232.40000
1525941739,9348.30000,9354.90000
1525810670,9228.00000,9232.70000
1525810671,9226.00000,9232.70000
1525810672,9226.00000,9226.20000
1525810673,9226.00000,9229.10000
1525941746,9346.70000,9351.40000
1525941747,9346.70000,9351.30000
1525810676,9226.10000,9229.10000
1525810679,9227.00000,9229.10000
1525810680,9227.00000,9232.60000
1525810683,9227.10000,9232.30000
1525941756,9346.50000,9351.30000
1525941758,9346.50000,9351.20000
1525770877,9331.70000,9337.50000
1525810688,9226.20000,9229.80000
1525810689,9226.30000,9229.80000
1525941762,9342.60000,9351.30000
1525941763,9342.60000,9351.10000
1525941765,9347.20000,9351.10000
1525941766,9342.70000,9351.10000
1525810695,9227.20000,9229.80000
1525810696,9227.30000,9229.80000
1525941770,9342.80000,9350.80000
1525941771,9347.40000,9350.80000
1525941772,9342.80000,9350.80000
1525941773,9347.50000,9351.00000
1525941774,9347.60000,9351.00000
1525810705,9227.30000,9227.40000
1525941780,9347.60000,9348.00000
1525941791,9343.30000,9347.90000
1525853104,9043.00000,9046.90000
1525941794,9345.00000,9347.90000
1525765723,9359.80000,9362.00000
1525810725,9226.00000,9227.40000
1525810726,9226.50000,9227.40000
1525984177,9070.00000,9071.30000
1525941800,9345.10000,9347.00000
1525941802,9345.20000,9347.00000
1525810731,9226.00000,9227.40000
1525810732,9227.30000,9227.40000
1525941806,9345.20000,9348.00000
1525941808,9345.30000,9348.00000
1525941810,9345.10000,9348.00000
1525941813,9345.10000,9347.90000
1525810742,9226.00000,9227.40000
1525810743,9226.10000,9227.00000
1525941817,9345.80000,9347.90000
1525941818,9342.80000,9347.90000
1525941819,9344.50000,9347.90000
1525810748,9227.30000,9227.40000
1525941821,9344.60000,9347.90000
1525810753,9226.00000,9227.40000
1525810754,9226.20000,9226.70000
1525941827,9344.70000,9348.00000
1525984182,9070.50000,9071.30000
1525941830,9346.20000,9348.00000
1525810759,9226.00000,9226.70000
1525941832,9346.10000,9348.00000
1525941833,9342.80000,9348.00000
1525810762,9226.10000,9226.70000
1525984183,9069.70000,9071.30000
1525941836,9342.90000,9348.00000
1525810767,9226.10000,9226.70000
1525810771,9226.10000,9227.40000
1525810772,9226.90000,9227.40000
1525941845,9339.90000,9348.00000
1525941846,9339.90000,9347.90000
1525941847,9340.00000,9342.40000
1525941848,9340.00000,9342.30000
1525941849,9340.10000,9347.90000
1525941850,9340.20000,9347.80000
1525941851,9340.20000,9343.20000
1525941852,9340.20000,9347.80000
1525941853,9340.20000,9343.10000
1525810782,9227.30000,9229.30000
1525941855,9340.20000,9348.00000
1525941856,9340.10000,9341.40000
1525941857,9340.10000,9348.00000
1525941858,9340.10000,9342.50000
1525941859,9339.60000,9342.50000
1525941860,9339.60000,9342.50000
1525941861,9339.50000,9342.50000
1525810790,9227.30000,9232.60000
1525941863,9340.10000,9342.50000
1525810792,9227.40000,9229.00000
1525984188,9069.70000,9071.30000
1525858171,9115.00000,9115.30000
1525941868,9340.40000,9342.40000
1525941869,9340.40000,9342.50000
1525941871,9340.40000,9342.10000
1525941872,9340.40000,9341.60000
1525810801,9227.40000,9233.40000
1525810802,9227.70000,9233.40000
1525941875,9340.50000,9342.50000
1525810804,9227.80000,9232.60000
1525941877,9341.20000,9342.50000
1525941879,9341.20000,9341.40000
1525941880,9341.20000,9341.70000
1525810809,9227.70000,9230.60000
1525810810,9227.40000,9230.60000
1525941883,9341.20000,9341.30000
1525810813,9227.40000,9231.10000
1525810815,9227.90000,9231.10000
1525984192,9070.30000,9071.20000
1525941891,9341.20000,9342.50000
1525941893,9341.20000,9341.30000
1525941894,9341.20000,9342.50000
1525941895,9341.20000,9341.30000
1525810824,9227.00000,9231.00000
1525810825,9227.90000,9230.80000
1525810828,9228.00000,9231.00000
1525810829,9228.00000,9230.50000
1525810834,9228.60000,9230.50000
1525810835,9228.00000,9230.50000
1525810839,9228.60000,9230.50000
1525810847,9228.60000,9232.60000
1525810848,9228.70000,9232.60000
1525810850,9228.80000,9232.60000
1525810851,9230.40000,9232.50000
1525810854,9230.50000,9232.30000
1525810855,9230.50000,9232.60000
1525810857,9230.50000,9234.40000
1525810861,9230.50000,9234.00000
1525810862,9230.60000,9234.00000
1525810863,9231.90000,9234.00000
1525810864,9231.90000,9233.80000
1525810865,9230.60000,9233.80000
1525810866,9231.90000,9233.90000
1525810871,9232.00000,9233.90000
1525780991,9100.00000,9104.40000
1525810874,9232.00000,9233.90000
1525810875,9232.80000,9233.90000
1525810876,9232.00000,9233.90000
1525810877,9230.70000,9233.40000
1525810878,9230.70000,9233.30000
1525810879,9232.40000,9236.00000
1525810880,9232.50000,9233.80000
1525810881,9232.60000,9233.80000
1525810882,9232.70000,9233.80000
1525810884,9232.80000,9233.80000
1525810888,9232.90000,9233.80000
1525765751,9360.00000,9360.80000
1525810893,9232.90000,9236.00000
1525906184,9314.00000,9318.30000
1525810896,9233.00000,9236.00000
1525810897,9234.90000,9236.00000
1525810898,9233.00000,9235.90000
1525810900,9235.50000,9235.90000
1525941974,9335.50000,9341.30000
1525941976,9335.60000,9341.30000
1525810905,9232.90000,9235.50000
1525810906,9232.90000,9235.90000
1525810907,9232.90000,9234.00000
1525941980,9335.70000,9341.20000
1525941984,9335.70000,9341.00000
1525941985,9336.00000,9338.90000
1525962363,9334.40000,9335.00000
1525810916,9233.90000,9235.00000
1525810918,9233.90000,9236.00000
1525810919,9233.90000,9234.00000
1525941997,9335.70000,9335.80000
1525989111,9104.70000,9105.40000
1525810928,9233.90000,9234.10000
1525942002,9335.70000,9335.90000
1525942004,9335.80000,9335.90000
1525942006,9335.70000,9335.90000
1525810937,9233.90000,9234.00000
1525810939,9234.00000,9234.10000
1525783979,9126.80000,9134.40000
1525918677,9290.00000,9296.20000
1525810944,9234.00000,9238.90000
1525810945,9234.00000,9234.10000
1525922401,9310.60000,9315.00000
1525942021,9335.80000,9335.90000
1525942024,9335.70000,9335.90000
1525810953,9234.00000,9238.90000
1525810954,9234.00000,9234.20000
1525942027,9335.80000,9335.90000
1525942032,9335.90000,9338.50000
1525942033,9335.80000,9338.50000
1525942035,9335.90000,9338.50000
1525942037,9335.80000,9342.00000
1525942038,9335.80000,9338.40000
1525810967,9234.00000,9234.10000
1525810968,9234.00000,9234.20000
1525942041,9335.90000,9336.00000
1525942042,9335.90000,9338.50000
1525810972,9227.90000,9234.10000
1525810973,9228.00000,9234.10000
1525942046,9336.00000,9336.30000
1525942047,9335.80000,9336.30000
1525942048,9335.80000,9336.00000
1525942049,9336.90000,9337.80000
1525810978,9228.00000,9233.90000
1525942051,9335.80000,9338.50000
1525942052,9335.80000,9335.90000
1525810981,9228.00000,9233.80000
1525810983,9234.00000,9234.10000
1525942056,9335.90000,9337.70000
1525942057,9335.80000,9337.60000
1525942058,9335.90000,9337.60000
1525942059,9336.30000,9337.60000
1525810988,9234.00000,9236.50000
1525810990,9228.10000,9234.10000
1525810991,9228.10000,9236.50000
1525810992,9228.30000,9236.50000
1525810993,9228.30000,9234.10000
1525810995,9233.90000,9236.00000
1525810996,9228.10000,9236.00000
1525810997,9234.10000,9236.00000
1525810998,9234.10000,9236.00000
1525810999,9234.10000,9235.90000
1525811001,9234.10000,9235.90000
1525811002,9234.10000,9235.90000
1525811003,9234.70000,9235.90000
1525811005,9234.00000,9235.90000
1525942080,9330.50000,9335.50000
1525811010,9233.90000,9235.90000
1525811011,9234.20000,9235.90000
1525942084,9330.40000,9335.50000
1525942085,9330.50000,9335.50000
1525811014,9233.90000,9235.90000
1525811016,9234.00000,9235.90000
1525811017,9234.00000,9234.40000
1525942090,9330.60000,9334.60000
1525942091,9331.00000,9334.60000
1525811021,9234.10000,9234.40000
1525942095,9331.10000,9334.60000
1525811025,9234.00000,9234.40000
1525942099,9331.60000,9334.60000
1525811028,9234.00000,9234.10000
1525811029,9233.90000,9234.10000
1525811030,9234.20000,9235.90000
1525942103,9331.00000,9334.60000
1525942105,9331.10000,9334.60000
1525811034,9234.10000,9235.90000
1525942108,9331.60000,9337.30000
1525942109,9331.10000,9337.30000
1525942111,9334.20000,9337.50000
1525811040,9234.10000,9235.80000
1525942113,9331.20000,9337.20000
1525811042,9233.90000,9235.80000
1525811044,9233.90000,9234.30000
1525942118,9331.70000,9336.90000
1525811047,9234.00000,9234.30000
1525942120,9331.00000,9334.50000
1525942121,9331.80000,9334.50000
1525942122,9331.80000,9336.90000
1525942123,9331.80000,9336.30000
1525942124,9331.90000,9336.70000
1525942125,9331.00000,9336.70000
1525858020,9111.20000,9113.30000
1525942127,9331.00000,9336.60000
1525942128,9330.50000,9336.60000
1525942129,9332.00000,9336.80000
1525942130,9332.10000,9335.40000
1525942133,9332.00000,9335.40000
1525942134,9332.00000,9339.00000
1525942135,9332.10000,9336.30000
1525942137,9332.10000,9338.40000
1525942139,9332.10000,9339.00000
1525932377,9307.40000,9307.80000
1525765781,9359.20000,9360.60000
1525942144,9332.20000,9338.10000
1525811074,9226.90000,9233.90000
1525942147,9332.20000,9339.00000
1525811076,9226.90000,9235.80000
1525942151,9337.10000,9337.20000
1525811082,9227.20000,9233.20000
1525811083,9227.20000,9229.10000
1525811085,9226.90000,9229.10000
1525811087,9226.90000,9227.30000
1525811089,9226.90000,9227.10000
1525811091,9226.00000,9226.90000
1525811092,9226.00000,9227.10000
1525942166,9337.10000,9339.00000
1525896857,9291.90000,9299.80000
1525942168,9337.20000,9339.00000
1525896858,9297.60000,9299.80000
1525811103,9217.00000,9227.10000
1525811105,9217.00000,9227.30000
1525811106,9220.00000,9226.20000
1525811108,9222.60000,9226.20000
1525811109,9220.10000,9226.20000
1525811110,9220.30000,9226.20000
1525811111,9220.10000,9226.20000
1525942184,9337.30000,9348.40000
1525942185,9337.20000,9348.40000
1525811114,9220.40000,9226.20000
1525942187,9337.20000,9347.90000
1525942188,9337.20000,9348.40000
1525811117,9220.40000,9226.10000
1525811118,9223.70000,9226.10000
1525942191,9337.20000,9348.40000
1525942192,9337.20000,9343.60000
1525811121,9223.20000,9226.10000
1525811122,9222.60000,9226.10000
1525942195,9337.20000,9343.30000
1525942196,9337.20000,9348.30000
1525811126,9223.70000,9226.10000
1525811127,9220.10000,9226.10000
1525811128,9223.80000,9226.10000
1525811129,9221.10000,9225.40000
1525811130,9220.10000,9225.40000
1525811131,9223.10000,9225.40000
1525811132,9220.10000,9225.40000
1525811133,9220.40000,9225.40000
1525811134,9220.10000,9222.60000
1525811135,9220.10000,9225.30000
1525811136,9220.10000,9223.20000
1525811137,9220.10000,9225.30000
1525811138,9220.10000,9223.10000
1525811140,9220.10000,9225.30000
1525811141,9220.30000,9223.40000
1525811142,9220.30000,9225.20000
1525811143,9222.10000,9225.20000
1525811144,9220.30000,9222.90000
1525942217,9337.50000,9342.30000
1525811147,9220.10000,9222.90000
1525942220,9337.60000,9342.30000
1525811149,9217.90000,9222.90000
1525942222,9337.60000,9342.20000
1525811151,9216.00000,9222.90000
1525811152,9221.00000,9225.40000
1525811153,9220.10000,9222.80000
1525811154,9220.00000,9222.60000
1525942227,9337.50000,9342.20000
1525811156,9220.40000,9222.60000
1525942229,9337.60000,9342.20000
1525811158,9220.00000,9222.60000
1525811159,9218.00000,9222.60000
1525811161,9220.00000,9222.60000
1525811163,9219.60000,9221.00000
1525811164,9219.70000,9221.00000
1525811165,9216.10000,9221.00000
1525811166,9218.10000,9221.00000
1525811167,9218.10000,9221.00000
1525811168,9220.00000,9221.00000
1525942241,9337.70000,9342.10000
1525942244,9337.60000,9342.10000
1525942247,9337.60000,9342.00000
1525811176,9218.00000,9220.90000
1525811177,9218.00000,9221.00000
1525811179,9218.10000,9221.00000
1525811180,9218.10000,9220.80000
1525811181,9219.00000,9220.80000
1525942254,9337.60000,9341.90000
1525942256,9332.20000,9341.80000
1525942258,9333.60000,9341.80000
1525942260,9333.60000,9338.00000
1525811189,9219.10000,9220.80000
1525942266,9335.00000,9338.00000
1525811196,9219.10000,9220.70000
1525942269,9333.60000,9338.00000
1525942270,9335.00000,9338.00000
1525942271,9332.30000,9338.00000
1525942273,9335.00000,9338.00000
1525811203,9219.10000,9220.60000
1525811206,9219.10000,9220.80000
1525942280,9335.00000,9337.90000
1525942281,9335.00000,9335.10000
1525811210,9216.00000,9220.80000
1525942285,9335.00000,9337.80000
1525811214,9216.10000,9220.80000
1525942287,9332.30000,9337.80000
1525942288,9332.30000,9338.00000
1525942289,9332.60000,9338.00000
1525811218,9216.20000,9220.80000
1525942291,9334.30000,9336.10000
1525942292,9332.60000,9336.10000
1525811221,9217.80000,9220.80000
1525942294,9334.90000,9338.00000
1525811224,9217.80000,9221.00000
1525942297,9332.60000,9338.00000
1525942301,9335.70000,9338.00000
1525811230,9217.90000,9221.00000
1525811232,9217.90000,9219.40000
1525942305,9334.50000,9337.90000
1525942306,9334.50000,9336.40000
1525811235,9218.00000,9219.40000
1525942308,9332.80000,9337.90000
1525942309,9334.60000,9336.20000
1525942310,9332.80000,9336.20000
1525942311,9332.60000,9337.90000
1525942312,9332.60000,9336.00000
1525811241,9218.10000,9219.40000
1525942314,9334.50000,9338.00000
1525811243,9218.10000,9218.20000
1525942317,9334.60000,9337.20000
1525809501,9255.10000,9258.20000
1525942324,9334.60000,9341.50000
1525811253,9218.10000,9218.20000
1525942326,9332.60000,9341.50000
1525811255,9218.10000,9221.00000
1525942328,9332.50000,9334.70000
1525811257,9218.10000,9218.30000
1525811259,9218.10000,9218.20000
1525942332,9334.60000,9340.50000
1525942333,9338.00000,9340.50000
1525768773,9379.00000,9385.90000
1525942337,9338.00000,9338.10000
1525942340,9338.00000,9340.40000
1525942341,9338.00000,9340.50000
1525942342,9338.00000,9339.20000
1525942343,9338.00000,9338.90000
1525942344,9338.00000,9338.80000
1525942345,9332.60000,9340.40000
1525942346,9333.90000,9338.80000
1525942347,9333.90000,9339.10000
1525811276,9218.10000,9221.00000
1525811278,9218.10000,9220.90000
1525811279,9218.20000,9220.90000
1525942352,9336.50000,9337.80000
1525811281,9218.20000,9221.00000
1525811283,9218.20000,9220.90000
1525811284,9218.30000,9220.90000
1525811285,9218.30000,9221.00000
1525811286,9218.90000,9221.00000
1525942359,9334.00000,9338.10000
1525811288,9218.90000,9220.90000
1525811289,9218.40000,9220.50000
1525942362,9334.10000,9340.30000
1525811291,9219.00000,9220.50000
1525942365,9334.10000,9335.00000
1525942366,9334.30000,9335.00000
1525942370,9334.10000,9335.00000
1525811299,9218.00000,9219.20000
1525811303,9218.00000,9219.10000
1525942380,9334.10000,9335.00000
1525811309,9218.10000,9219.10000
1525942382,9334.10000,9334.90000
1525811312,9218.20000,9219.10000
1525811313,9218.10000,9219.00000
1525811314,9218.10000,9218.30000
1525942389,9334.10000,9336.80000
1525942390,9334.20000,9336.80000
1525942393,9334.10000,9336.80000
1525811325,9218.10000,9218.20000
1525811327,9218.10000,9221.00000
1525811330,9218.10000,9218.90000
1525811331,9218.10000,9221.00000
1525811332,9218.10000,9221.00000
1525811333,9218.10000,9218.30000
1525936370,9301.80000,9304.10000
1525984279,9073.00000,9081.30000
1525942412,9334.20000,9334.50000
1525942417,9334.30000,9334.50000
1525770899,9333.00000,9337.50000
1525942421,9334.40000,9334.50000
1525984282,9073.10000,9081.30000
1525811359,9218.10000,9218.20000
1525811365,9218.10000,9218.30000
1525989617,9096.00000,9104.00000
1525984284,9073.30000,9081.20000
1525811377,9218.10000,9218.20000
1525942450,9334.50000,9344.70000
1525942453,9336.00000,9344.70000
1525811385,9210.00000,9216.00000
1525942458,9336.30000,9344.70000
1525811387,9213.00000,9216.00000
1525811388,9213.00000,9215.90000
1525942462,9336.30000,9344.60000
1525811392,9213.00000,9213.10000
1525984288,9073.10000,9081.30000
1525942466,9336.10000,9339.40000
1525811395,9212.00000,9213.10000
1525811397,9210.00000,9213.10000
1525942470,9336.40000,9344.40000
1525811399,9213.00000,9213.10000
1525942474,9336.40000,9340.60000
1525942475,9336.30000,9340.60000
1525983660,9081.50000,9082.40000
1525942477,9336.50000,9340.50000
1525811407,9210.00000,9213.10000
1525910805,9320.30000,9323.90000
1525942481,9336.60000,9340.50000
1525811410,9210.10000,9213.10000
1525984291,9073.10000,9077.00000
1525811413,9212.00000,9213.10000
1525942487,9336.60000,9344.30000
1525942488,9340.60000,9344.30000
1525942489,9344.30000,9344.60000
1525942490,9336.60000,9344.70000
1525942491,9336.60000,9341.30000
1525942492,9336.30000,9344.70000
1525811421,9211.00000,9212.20000
1525942494,9336.30000,9348.40000
1525942495,9336.70000,9348.40000
1525942496,9336.70000,9344.70000
1525942497,9336.70000,9345.00000
1525942498,9344.30000,9345.00000
1525942500,9344.30000,9344.40000
1525811429,9210.00000,9212.20000
1525811431,9210.00000,9211.00000
1525914931,9328.10000,9331.90000
1525984295,9073.60000,9081.00000
1525897473,9282.10000,9283.10000
1525811437,9210.10000,9210.90000
1525811438,9210.10000,9211.00000
1525811440,9210.10000,9210.90000
1525811441,9210.00000,9210.90000
1525811444,9210.00000,9210.10000
1525811445,9210.00000,9210.90000
1525984297,9071.50000,9075.80000
1525942521,9338.00000,9344.40000
1525942523,9338.00000,9344.50000
1525942525,9337.20000,9344.30000
1525942527,9337.30000,9344.50000
1525942531,9337.40000,9344.50000
1525811460,9209.60000,9209.80000
1525942534,9337.40000,9344.60000
1525942535,9337.40000,9344.50000
1525811464,9209.60000,9209.70000
1525811465,9209.60000,9209.80000
1525811466,9209.60000,9209.70000
1525942539,9337.40000,9344.40000
1525942540,9337.40000,9344.50000
1525942542,9337.70000,9344.50000
1525942543,9337.70000,9344.40000
1525942544,9337.70000,9344.50000
1525942546,9337.70000,9344.40000
1525942547,9337.80000,9344.40000
1525942551,9337.80000,9340.70000
1525942552,9337.90000,9340.70000
1525942553,9337.90000,9344.30000
1525918767,9294.00000,9295.00000
1525942556,9338.00000,9344.40000
1525942557,9338.00000,9348.30000
1525942558,9338.20000,9344.30000
1525942560,9338.20000,9348.30000
1525942561,9338.00000,9348.30000
1525811492,9209.60000,9209.80000
1525942565,9339.00000,9348.20000
1525811494,9209.60000,9209.70000
1525942568,9339.00000,9344.40000
1525942569,9339.00000,9348.20000
1525942570,9339.00000,9348.10000
1525942571,9338.50000,9344.30000
1525942572,9337.90000,9344.30000
1525942573,9338.80000,9344.30000
1525811502,9209.60000,9209.80000
1525942579,9337.90000,9344.30000
1525942580,9338.80000,9344.30000
1525811510,9208.40000,9209.60000
1525942584,9339.10000,9344.30000
1525942585,9339.10000,9344.20000
1525811514,9208.40000,9209.50000
1525811515,9208.40000,9208.50000
1525811518,9208.40000,9209.50000
1525942591,9338.80000,9344.10000
1525811520,9208.40000,9209.00000
1525811521,9208.40000,9209.50000
1525942594,9337.90000,9344.10000
1525852573,9030.70000,9040.20000
1525811524,9208.40000,9208.60000
1525942597,9338.20000,9342.20000
1525942598,9338.20000,9344.00000
1525811527,9208.40000,9208.50000
1525942600,9338.20000,9344.10000
1525942601,9338.20000,9341.70000
1525942602,9338.30000,9343.90000
1525942603,9338.30000,9344.00000
1525811532,9208.40000,9208.60000
1525942605,9338.40000,9341.60000
1525942608,9338.60000,9341.60000
1525811538,9211.10000,9215.00000
1525811539,9208.40000,9214.90000
1525811540,9208.50000,9214.90000
1525811542,9210.00000,9214.90000
1525811543,9210.90000,9214.90000
1525811545,9214.80000,9214.90000
1525811546,9214.80000,9215.00000
1525942621,9338.00000,9340.10000
1525942623,9338.00000,9342.00000
1525942625,9338.00000,9342.00000
1525811557,9214.80000,9214.90000
1525942635,9338.00000,9342.00000
1525934900,9268.90000,9275.00000
1525984317,9075.40000,9080.90000
1525811568,9214.80000,9215.00000
1525984318,9080.00000,9080.90000
1525811575,9214.90000,9215.00000
1525942655,9337.90000,9342.00000
1525942666,9336.10000,9337.90000
1525942671,9336.10000,9341.90000
1525942672,9336.20000,9341.90000
1525942673,9336.20000,9341.80000
1525984323,9080.00000,9080.40000
1525942676,9336.30000,9341.80000
1525986127,9089.00000,9093.90000
1525942680,9336.40000,9341.80000
1525942684,9336.60000,9341.80000
1525942687,9336.60000,9342.00000
1525942690,9336.50000,9342.00000
1525942691,9336.60000,9341.10000
1525942694,9334.10000,9341.10000
1525942695,9334.20000,9341.10000
1525942696,9337.80000,9341.10000
1525942697,9336.90000,9341.00000
1525942701,9336.10000,9341.10000
1525942702,9341.00000,9341.10000
1525942703,9336.10000,9341.10000
1525942704,9341.10000,9342.00000
1525942706,9337.10000,9342.00000
1525942707,9337.10000,9340.90000
1525942714,9337.20000,9340.90000
1525942715,9337.20000,9340.00000
1525942717,9338.40000,9340.00000
1525942718,9337.20000,9340.00000
1525942719,9337.10000,9340.00000
1525940640,9353.20000,9355.50000
1525942722,9338.10000,9340.00000
1525942723,9337.10000,9340.00000
1525942724,9337.80000,9340.00000
1525942725,9337.10000,9340.00000
1525811655,9212.10000,9215.00000
1525942728,9337.10000,9340.00000
1525942729,9337.10000,9340.00000
1525811659,9214.80000,9215.00000
1525942732,9337.10000,9340.00000
1525811662,9214.90000,9215.00000
1525942735,9337.10000,9339.90000
1525942737,9332.30000,9339.90000
1525811666,9214.80000,9215.00000
1525811668,9214.80000,9214.90000
1525942741,9332.30000,9340.00000
1525942742,9337.10000,9340.00000
1525942747,9337.20000,9340.00000
1525811678,9214.90000,9215.00000
1525942756,9337.20000,9339.90000
1525918801,9291.10000,9295.00000
1525942768,9337.30000,9339.90000
1525942772,9337.30000,9340.00000
1525937830,9315.50000,9326.00000
1525942788,9337.20000,9339.20000
1525984342,9081.40000,9086.30000
1525942790,9337.20000,9340.00000
1525942792,9337.20000,9340.00000
1525942795,9337.20000,9339.40000
1525942796,9337.20000,9340.00000
1525942802,9337.20000,9339.40000
1525942803,9337.20000,9339.10000
1525942804,9337.20000,9339.40000
1525942805,9337.20000,9340.00000
1525918809,9294.90000,9295.00000
1525942811,9337.20000,9339.40000
1525942813,9337.20000,9339.10000
1525942814,9337.20000,9340.00000
1525942815,9337.20000,9340.00000
1525942823,9337.20000,9339.30000
1525942824,9337.20000,9340.00000
1525942827,9337.20000,9340.00000
1525942830,9337.20000,9340.00000
1525942839,9337.20000,9339.30000
1525942842,9337.70000,9339.30000
1525942843,9337.20000,9339.30000
1525942844,9337.90000,9339.30000
1525942845,9337.20000,9339.30000
1525942846,9337.20000,9348.40000
1525942847,9338.10000,9348.40000
1525942848,9338.10000,9348.30000
1525984352,9081.40000,9082.90000
1525942851,9338.10000,9348.30000
1525942852,9338.10000,9347.40000
1525942853,9338.10000,9342.90000
1525942854,9338.10000,9347.40000
1525942855,9338.10000,9343.60000
1525942856,9338.10000,9347.40000
1525942859,9338.40000,9342.70000
1525942860,9338.40000,9342.50000
1525942863,9338.10000,9342.50000
1525942869,9337.20000,9342.50000
1525942872,9337.20000,9342.40000
1525942876,9337.20000,9342.50000
1525811805,9214.80000,9214.90000
1525942878,9337.40000,9342.40000
1525942884,9337.40000,9342.40000
1525918822,9293.70000,9295.00000
1525942886,9337.50000,9342.50000
1525942889,9337.50000,9342.50000
1525942890,9337.60000,9341.50000
1525918823,9291.20000,9295.00000
1525942892,9339.10000,9342.50000
1525942895,9339.20000,9342.50000
1525942899,9339.20000,9341.60000
1525811828,9207.70000,9214.90000
1525942901,9339.20000,9342.50000
1525811830,9207.70000,9214.80000
1525811832,9207.70000,9214.40000
1525811833,9207.70000,9210.60000
1525942906,9339.20000,9342.50000
1525811836,9207.70000,9207.80000
1525984362,9081.40000,9081.50000
1525942911,9339.20000,9341.60000
1525942914,9339.20000,9342.50000
1525918827,9294.40000,9295.00000
1525942916,9339.20000,9342.40000
1525942918,9339.20000,9340.80000
1525942926,9339.20000,9340.70000
1525811856,9203.90000,9207.70000
1525942929,9339.20000,9339.30000
1525811858,9203.90000,9207.60000
1525811861,9201.00000,9203.90000
1525942934,9337.20000,9339.20000
1525765913,9349.80000,9360.30000
1525942936,9337.20000,9339.10000
1525811866,9201.00000,9204.30000
1525942939,9337.20000,9338.60000
1525811869,9201.00000,9201.20000
1525811871,9201.00000,9204.30000
1525811873,9201.00000,9204.30000
1525811874,9201.10000,9204.30000
1525811875,9200.00000,9204.30000
1525811877,9200.00000,9204.20000
1525942950,9332.30000,9337.20000
1525811879,9200.00000,9204.20000
1525811882,9201.20000,9204.20000
1525811883,9201.20000,9204.10000
1525942956,9332.20000,9337.10000
1525942957,9332.20000,9332.30000
1525811888,9201.20000,9204.10000
1525811889,9198.20000,9204.00000
1525811890,9202.20000,9203.90000
1525942963,9332.20000,9337.30000
1525942964,9332.20000,9336.20000
1525811893,9201.20000,9203.90000
1525811894,9201.20000,9203.90000
1525940681,9355.20000,9355.50000
1525811897,9201.20000,9204.20000
1525811898,9201.20000,9204.20000
1525811899,9198.30000,9204.20000
1525811900,9198.40000,9204.20000
1525811901,9202.40000,9204.20000
1525811905,9202.40000,9204.30000
1525942978,9332.20000,9336.20000
1525811909,9198.50000,9207.80000
1525811910,9198.60000,9207.80000
1525811911,9198.60000,9207.70000
1525811912,9202.90000,9207.70000
1525811913,9198.60000,9207.70000
1525811914,9198.50000,9207.70000
1525811915,9203.10000,9207.70000
1525811916,9203.30000,9207.80000
1525942992,9336.00000,9336.20000
1525811921,9203.30000,9210.00000
1525811922,9203.30000,9207.30000
1525811923,9203.30000,9210.00000
1525811924,9203.30000,9206.80000
1525811927,9203.40000,9206.80000
1525811932,9203.40000,9206.80000
1525811933,9203.40000,9206.80000
1525811934,9205.20000,9209.80000
1525811935,9205.20000,9210.00000
1525811936,9205.20000,9209.70000
1525811937,9205.30000,9209.70000
1525811938,9205.30000,9210.00000
1525811939,9206.30000,9209.90000
1525811940,9206.30000,9209.60000
1525943013,9332.30000,9336.10000
1525811942,9206.30000,9210.00000
1525811943,9209.50000,9209.90000
1525943016,9332.30000,9336.00000
1525943017,9332.40000,9336.00000
1525811946,9209.50000,9210.00000
1525943019,9332.30000,9336.00000
1525943021,9332.30000,9336.10000
1525811950,9209.50000,9210.00000
1525943024,9332.20000,9335.90000
1525811953,9209.50000,9209.90000
1525943028,9332.20000,9336.00000
1525915173,9329.90000,9335.20000
1525811959,9206.40000,9210.00000
1525811960,9209.80000,9210.00000
1525811967,9209.90000,9210.00000
1525849481,9072.00000,9074.70000
1525943041,9333.20000,9335.20000
1525943042,9333.00000,9335.20000
1525943043,9332.20000,9335.20000
1525943045,9332.20000,9335.10000
1525943047,9332.20000,9335.20000
1525943048,9332.20000,9335.00000
1525943052,9332.20000,9335.00000
1525943054,9332.20000,9332.80000
1525943055,9332.20000,9335.00000
1525943056,9332.20000,9334.20000
1525943059,9332.20000,9334.10000
1525811988,9209.90000,9215.00000
1525811989,9210.00000,9215.00000
1525811990,9209.90000,9215.00000
1525811991,9211.00000,9215.00000
1525811992,9214.90000,9215.00000
1525943069,9332.20000,9334.20000
1525943070,9332.40000,9334.20000
1525943071,9332.20000,9334.10000
1525943076,9332.20000,9334.00000
1525943082,9332.20000,9334.10000
1525943088,9332.20000,9334.00000
1525943092,9332.20000,9334.20000
1525943093,9332.20000,9333.90000
1525984393,9081.50000,9082.00000
1525943096,9332.20000,9334.10000
1525943097,9332.20000,9333.90000
1525943101,9332.20000,9333.80000
1525962549,9334.30000,9342.30000
1525797109,9155.70000,9155.90000
1525943109,9332.20000,9333.90000
1525770524,9360.10000,9362.40000
1525985257,9072.90000,9073.10000
1525943116,9332.20000,9333.80000
1525962552,9335.00000,9342.30000
1525984398,9081.50000,9081.70000
1525943127,9332.20000,9333.70000
1525918863,9293.80000,9295.00000
1525943134,9332.20000,9333.80000
1525943142,9332.20000,9333.90000
1525943143,9332.40000,9334.20000
1525943144,9332.50000,9334.20000
1525943145,9333.80000,9337.10000
1525935502,9272.00000,9278.90000
1525943147,9333.80000,9337.20000
1525943149,9333.90000,9337.20000
1525943150,9333.80000,9337.20000
1525943151,9333.90000,9337.30000
1525943152,9334.80000,9337.30000
1525943153,9332.20000,9337.30000
1525943155,9333.90000,9337.30000
1525962559,9332.40000,9342.30000
1525943165,9333.90000,9338.50000
1525943167,9333.90000,9338.50000
1525943168,9337.30000,9338.50000
1525943169,9334.00000,9338.60000
1525943171,9334.00000,9337.60000
1525943172,9334.10000,9337.60000
1525984407,9081.50000,9086.10000
1525984409,9081.50000,9086.10000
1525943194,9334.20000,9344.70000
1525943198,9334.20000,9348.20000
1525943199,9334.20000,9348.10000
1525943200,9334.20000,9348.00000
1525943201,9334.20000,9347.00000
1525943202,9334.30000,9347.00000
1525984411,9081.50000,9086.00000
1525943204,9334.30000,9341.80000
1525943205,9334.50000,9341.80000
1525943207,9334.50000,9346.80000
1525943208,9334.60000,9346.80000
1525984412,9083.00000,9083.90000
1525943211,9334.90000,9346.80000
1525943212,9334.90000,9341.40000
1525943213,9334.90000,9345.00000
1525984413,9083.00000,9086.00000
1525943217,9334.70000,9344.90000
1525922409,9310.60000,9315.60000
1525943219,9335.20000,9344.90000
1525943222,9335.20000,9344.00000
1525943223,9335.20000,9340.30000
1525984415,9083.10000,9084.60000
1525943228,9334.50000,9340.30000
1525943231,9335.30000,9340.30000
1525943233,9334.50000,9340.30000
1525943235,9334.80000,9340.30000
1525943236,9337.40000,9340.30000
1525943237,9337.40000,9340.20000
1525984417,9081.50000,9084.40000
1525784020,9127.20000,9134.30000
1525943248,9337.40000,9340.30000
1525943249,9337.40000,9340.10000
1525943251,9334.40000,9340.10000
1525943254,9339.50000,9340.10000
1525943258,9339.50000,9340.20000
1525962575,9334.30000,9342.00000
1525943264,9334.50000,9340.20000
1525943265,9334.40000,9340.20000
1525943267,9340.10000,9340.20000
1525943272,9340.10000,9340.30000
1525940732,9355.20000,9355.50000
1525943274,9340.10000,9340.30000
1525943277,9334.60000,9340.30000
1525943281,9334.70000,9340.30000
1525943283,9334.80000,9340.30000
1525943289,9335.10000,9340.30000
1525943293,9335.10000,9340.20000
1525943294,9335.10000,9340.30000
1525812223,9214.80000,9214.90000
1525943297,9334.60000,9340.30000
1525943300,9334.90000,9340.30000
1525943304,9336.80000,9340.30000
1525943305,9334.90000,9340.30000
1525943306,9336.90000,9340.30000
1525943307,9334.90000,9340.30000
1525943308,9334.70000,9340.30000
1525943309,9334.60000,9340.30000
1525943310,9334.60000,9334.70000
1525943311,9334.70000,9340.30000
1525943312,9335.00000,9340.30000
1525812246,9211.10000,9214.90000
1525943321,9334.70000,9340.20000
1525812250,9211.10000,9214.80000
1525943323,9335.10000,9340.20000
1525943324,9335.30000,9340.10000
1525962586,9334.10000,9334.80000
1525943327,9335.30000,9340.00000
1525812257,9211.10000,9214.70000
1525962587,9334.10000,9334.70000
1525943333,9334.70000,9339.90000
1525812263,9211.10000,9214.60000
1525943336,9335.30000,9336.40000
1525812265,9211.10000,9212.00000
1525943338,9335.30000,9336.10000
1525812269,9210.00000,9211.20000
1525812274,9210.00000,9211.10000
1525797117,9155.70000,9155.80000
1525943349,9335.30000,9335.40000
1525812278,9210.00000,9211.20000
1525812280,9210.00000,9211.00000
1525943353,9335.30000,9339.80000
1525943354,9335.30000,9335.40000
1525897055,9290.20000,9297.50000
1525812287,9200.40000,9203.60000
1525812290,9195.30000,9203.60000
1525812291,9200.50000,9203.60000
1525812293,9200.50000,9208.10000
1525812295,9200.50000,9200.60000
1525812296,9195.50000,9200.60000
1525812298,9195.50000,9200.50000
1525812299,9164.80000,9200.50000
1525812300,9196.00000,9200.50000
1525812301,9196.00000,9200.40000
1525812302,9185.80000,9195.10000
1525812305,9185.80000,9195.00000
1525812307,9187.70000,9195.00000
1525812310,9185.80000,9186.20000
1525984441,9085.40000,9089.40000
1525812312,9185.90000,9186.20000
1525812321,9186.00000,9186.10000
1525812323,9186.00000,9186.20000
1525812324,9186.00000,9186.10000
1525812331,9182.90000,9186.10000
1525812334,9184.00000,9186.10000
1525943408,9335.30000,9340.30000
1525943410,9335.30000,9340.20000
1525812339,9184.00000,9186.00000
1525812340,9184.40000,9185.60000
1525812341,9183.00000,9185.50000
1525812342,9184.10000,9185.50000
1525812343,9184.40000,9186.00000
1525943416,9335.30000,9340.00000
1525943417,9335.30000,9335.40000
1525812346,9184.40000,9190.80000
1525812347,9184.10000,9186.00000
1525943421,9335.40000,9339.80000
1525943423,9335.30000,9335.60000
1525812352,9179.20000,9186.00000
1525812355,9179.30000,9185.90000
1525812356,9181.90000,9185.90000
1525812357,9184.10000,9185.90000
1525812358,9179.30000,9185.90000
1525812360,9184.10000,9185.90000
1525812363,9179.30000,9185.80000
1525812366,9179.30000,9184.00000
1525943440,9335.30000,9335.50000
1525812369,9179.30000,9183.90000
1525765998,9357.00000,9360.90000
1525812377,9179.30000,9183.90000
1525943451,9335.30000,9339.80000
1525943452,9335.30000,9335.40000
1525812381,9179.30000,9183.80000
1525812383,9174.00000,9183.80000
1525812384,9174.00000,9174.10000
1525812389,9169.40000,9174.10000
1525812390,9174.00000,9174.10000
1525914963,9329.30000,9332.00000
1525812397,9173.20000,9174.10000
1525812398,9174.00000,9174.10000
1525812399,9173.20000,9174.10000
1525812401,9174.00000,9174.10000
1525812403,9173.20000,9174.10000
1525782747,9126.60000,9131.00000
1525812409,9173.20000,9174.00000
1525812411,9173.20000,9173.30000
1525812412,9173.20000,9174.00000
1525812413,9173.20000,9173.30000
1525812415,9170.00000,9173.40000
1525812416,9161.40000,9172.80000
1525812417,9160.50000,9173.20000
1525812418,9170.20000,9172.40000
1525812419,9170.20000,9173.20000
1525812420,9170.20000,9172.60000
1525812421,9170.90000,9172.60000
1525812422,9164.00000,9172.60000
1525812423,9170.90000,9172.50000
1525812425,9164.00000,9171.10000
1525812427,9159.40000,9171.10000
1525812428,9164.10000,9171.10000
1525812429,9171.00000,9173.90000
1525812432,9171.00000,9173.80000
1525812435,9171.10000,9173.80000
1525812439,9171.20000,9173.80000
1525812441,9173.70000,9173.80000
1525940774,9355.20000,9355.50000
1525812458,9176.20000,9176.50000
1525812460,9173.70000,9176.50000
1525943535,9335.40000,9344.90000
1525812464,9173.80000,9176.50000
1525943537,9335.50000,9344.90000
1525984467,9085.70000,9093.80000
1525943542,9335.60000,9344.90000
1525943543,9335.60000,9344.80000
1525812472,9173.90000,9176.50000
1525812474,9176.40000,9176.50000
1525943548,9335.50000,9344.80000
1525943549,9335.90000,9344.80000
1525812479,9174.00000,9176.50000
1525812480,9176.40000,9176.50000
1525943556,9343.60000,9344.30000
1525943558,9343.60000,9344.50000
1525943560,9343.60000,9344.80000
1525943561,9343.60000,9344.40000
1525943563,9336.20000,9344.40000
1525943564,9335.50000,9344.40000
1525943566,9343.60000,9344.40000
1525943567,9343.60000,9345.40000
1525943568,9343.60000,9344.30000
1525943570,9343.60000,9343.80000
1525984474,9085.30000,9093.80000
1525924331,9328.30000,9329.80000
1525920062,9309.00000,9313.80000
1525943592,9343.60000,9343.70000
1525892653,9276.10000,9281.40000
1525827139,9142.80000,9145.20000
1525943615,9335.30000,9343.60000
1525943616,9335.90000,9343.60000
1525943617,9335.90000,9343.50000
1525943618,9335.90000,9336.00000
1525943622,9335.30000,9335.90000
1525918945,9297.10000,9300.00000
1525943624,9335.30000,9336.00000
1525943626,9334.70000,9335.30000
1525943629,9334.70000,9334.80000
1525943630,9333.80000,9334.70000
1525943632,9333.80000,9334.70000
1525943633,9332.20000,9334.70000
1525943634,9332.20000,9333.00000
1525943637,9332.20000,9332.90000
1525943642,9330.00000,9332.20000
1525812572,9176.40000,9176.50000
1525943645,9330.00000,9330.20000
1525943647,9330.00000,9330.10000
1525943655,9323.10000,9330.00000
1525943656,9323.10000,9329.90000
1525943657,9323.10000,9329.00000
1525943659,9323.10000,9326.10000
1525943660,9323.10000,9323.30000
1525943666,9323.20000,9323.30000
1525943668,9323.10000,9323.30000
1525943669,9323.20000,9323.30000
1525812598,9176.30000,9176.50000
1525918953,9301.10000,9303.90000
1525943672,9323.00000,9323.30000
1525812602,9176.30000,9176.40000
1525812605,9173.80000,9176.40000
1525812606,9176.30000,9176.40000
1525812608,9176.30000,9176.50000
1525812610,9176.40000,9176.50000
1525812611,9176.30000,9176.40000
1525812614,9176.30000,9182.50000
1525812615,9176.30000,9176.40000
1525943690,9323.00000,9323.20000
1525943691,9323.10000,9323.20000
1525812627,9176.30000,9176.60000
1525943704,9323.10000,9329.10000
1525943707,9323.20000,9329.10000
1525943708,9323.20000,9330.00000
1525943713,9323.20000,9329.00000
1525943714,9323.20000,9329.90000
1525943715,9323.20000,9327.60000
1525943716,9323.00000,9325.50000
1525943719,9323.50000,9325.40000
1525943720,9323.50000,9325.30000
1525812649,9176.40000,9176.60000
1525943722,9323.00000,9323.60000
1525812651,9176.40000,9176.50000
1525943727,9322.00000,9322.50000
1525943729,9322.00000,9322.40000
1525943733,9322.00000,9322.40000
1525943735,9322.00000,9322.10000
1525812665,9176.30000,9176.50000
1525812666,9168.00000,9176.30000
1525812667,9168.00000,9176.40000
1525812670,9168.00000,9176.50000
1525812671,9176.40000,9176.50000
1525812672,9164.30000,9175.70000
1525812673,9164.30000,9175.70000
1525812675,9168.30000,9175.70000
1525812678,9164.30000,9175.70000
1525812679,9164.60000,9175.70000
1525943753,9322.00000,9322.20000
1525812683,9164.30000,9175.70000
1525812684,9164.30000,9175.60000
1525943757,9322.00000,9325.30000
1525943758,9322.00000,9322.20000
1525943760,9322.00000,9322.80000
1525943761,9322.00000,9322.10000
1525943763,9317.70000,9322.10000
1525812692,9164.30000,9175.50000
1525943765,9317.80000,9322.10000
1525943767,9317.80000,9322.00000
1525943770,9317.80000,9319.30000
1525812701,9164.30000,9175.40000
1525943774,9317.90000,9319.30000
1525943775,9317.90000,9318.90000
1525812704,9164.30000,9175.00000
1525943778,9317.90000,9319.30000
1525943779,9317.90000,9318.80000
1525812708,9164.30000,9167.00000
1525812710,9164.30000,9174.90000
1525812711,9164.30000,9166.80000
1525893151,9270.30000,9274.90000
1525943785,9318.40000,9318.80000
1525943786,9317.90000,9318.80000
1525812715,9164.30000,9166.70000
1525943788,9318.50000,9318.80000
1525943792,9318.50000,9318.80000
1525943794,9317.90000,9318.80000
1525812723,9164.40000,9166.60000
1525943798,9318.00000,9318.80000
1525943799,9314.20000,9315.00000
1525812728,9164.40000,9166.50000
1525943801,9314.30000,9315.00000
1525812730,9164.80000,9166.50000
1525943804,9314.40000,9314.90000
1525812733,9165.80000,9166.50000
1525812734,9164.40000,9166.50000
1525812735,9164.40000,9166.40000
1525943809,9314.60000,9314.90000
1525943812,9314.70000,9314.90000
1525812742,9166.40000,9166.50000
1525812743,9164.40000,9166.50000
1525812744,9164.40000,9166.40000
1525812746,9164.40000,9164.70000
1525943819,9314.80000,9314.90000
1525812748,9164.40000,9164.60000
1525812749,9164.30000,9164.60000
1525812751,9164.90000,9166.40000
1525989545,9093.80000,9095.10000
1525812753,9165.50000,9172.40000
1525812754,9164.40000,9172.40000
1525812755,9164.40000,9166.40000
1525943832,9314.40000,9314.90000
1525943833,9314.30000,9314.90000
1525943836,9313.10000,9314.90000
1525936798,9288.40000,9298.80000
1525943839,9314.40000,9314.90000
1525943844,9309.90000,9314.90000
1525943845,9310.00000,9315.00000
1525943846,9314.60000,9315.00000
1525849508,9071.90000,9074.70000
1525943855,9314.60000,9314.80000
1525812786,9164.40000,9166.30000
1525943859,9314.70000,9314.80000
1525812789,9164.40000,9166.30000
1525812790,9166.40000,9171.60000
1525812791,9164.40000,9166.30000
1525812792,9164.40000,9171.30000
1525943865,9314.90000,9315.00000
1525812794,9164.40000,9171.10000
1525812795,9164.40000,9169.00000
1525812797,9164.40000,9167.10000
1525812799,9164.40000,9166.30000
1525812800,9164.40000,9167.10000
1525812802,9164.40000,9166.30000
1525812803,9164.80000,9166.30000
1525812804,9164.80000,9168.90000
1525812805,9164.80000,9166.60000
1525812806,9164.80000,9168.80000
1525812807,9164.80000,9165.00000
1525849509,9072.40000,9074.70000
1525923706,9322.60000,9330.30000
1525812815,9164.90000,9165.00000
1525770948,9337.10000,9337.50000
1525853874,9070.60000,9071.20000
1525812826,9164.30000,9165.00000
1525812827,9164.30000,9164.90000
1525812830,9164.30000,9164.60000
1525812832,9164.90000,9165.00000
1525943906,9317.80000,9332.80000
1525943907,9317.80000,9334.90000
1525943910,9317.80000,9331.00000
1525812839,9164.30000,9166.30000
1525812840,9164.60000,9166.30000
1525812841,9164.60000,9165.00000
1525943914,9326.90000,9327.10000
1525812843,9164.30000,9165.00000
1525812845,9164.80000,9165.00000
1525943921,9327.00000,9327.10000
1525812850,9164.30000,9164.80000
1525812853,9164.30000,9165.00000
1525812855,9164.90000,9165.00000
1525812857,9164.30000,9165.00000
1525812862,9164.30000,9166.10000
1525943936,9327.10000,9327.20000
1525812866,9165.00000,9166.10000
1525812867,9164.50000,9166.10000
1525812868,9164.50000,9166.00000
1525812869,9164.30000,9166.00000
1525897153,9284.20000,9285.00000
1525943945,9327.10000,9334.70000
1525812874,9166.10000,9166.30000
1525984535,9086.00000,9088.90000
1525812877,9166.10000,9166.30000
1525812878,9166.10000,9166.20000
1525943957,9326.90000,9327.30000
1525943960,9326.90000,9334.90000
1525943961,9327.00000,9334.90000
1525910615,9320.20000,9320.40000
1525943963,9327.00000,9332.00000
1525943964,9326.90000,9332.00000
1525943966,9326.90000,9331.90000
1525943967,9327.00000,9331.90000
1525812896,9166.10000,9166.30000
1525943970,9327.00000,9332.90000
1525943971,9326.90000,9332.90000
1525943972,9326.90000,9327.00000
1525812901,9166.10000,9166.30000
1525943974,9326.90000,9332.90000
1525812903,9166.10000,9166.30000
1525943976,9327.20000,9332.90000
1525812906,9166.20000,9166.30000
1525962695,9334.70000,9334.80000
1525943984,9327.30000,9332.90000
1525943986,9327.50000,9332.90000
1525943989,9327.00000,9332.90000
1525943991,9327.00000,9332.80000
1525943995,9327.30000,9332.80000
1525944004,9332.40000,9332.80000
1525944006,9327.40000,9336.40000
1525944007,9331.70000,9339.10000
1525944008,9331.70000,9339.00000
1525944009,9327.40000,9339.10000
1525944010,9327.50000,9335.80000
1525944013,9331.90000,9335.80000
1525944014,9327.50000,9335.80000
1525944015,9327.50000,9335.80000
1525944016,9327.60000,9335.80000
1525944017,9327.80000,9335.80000
1525944019,9330.90000,9335.80000
1525897166,9284.20000,9284.70000
1525944022,9330.90000,9335.70000
1525944024,9331.00000,9335.70000
1525893159,9267.60000,9272.50000
1525944027,9331.00000,9335.70000
1525944030,9331.10000,9335.70000
1525919013,9300.80000,9310.10000
1525944035,9331.10000,9335.80000
1525944037,9331.20000,9335.80000
1525944039,9331.20000,9335.70000
1525944040,9331.10000,9335.70000
1525944041,9331.20000,9335.80000
1525944042,9331.30000,9335.80000
1525984551,9086.60000,9093.60000
1525944044,9331.30000,9335.80000
1525944045,9331.10000,9335.80000
1525940861,9355.50000,9363.00000
1525987009,9090.00000,9098.90000
1525944050,9331.10000,9331.30000
1525812980,9164.30000,9166.30000
1525812981,9164.30000,9166.20000
1525984553,9086.90000,9093.60000
1525812985,9164.40000,9166.20000
1525944058,9327.20000,9331.30000
1525944059,9327.10000,9331.30000
1525944065,9327.10000,9331.20000
1525944066,9327.20000,9331.20000
1525812996,9164.40000,9166.30000
1525944072,9327.30000,9331.20000
1525813001,9166.20000,9166.30000
1525813002,9164.40000,9166.30000
1525897175,9284.20000,9288.30000
1525944076,9327.10000,9331.20000
1525809794,9229.10000,9233.80000
1525984557,9086.10000,9093.50000
1525813008,9164.40000,9164.60000
1525944081,9327.10000,9331.10000
1525813012,9164.40000,9166.30000
1525944085,9327.60000,9331.10000
1525944086,9331.00000,9331.10000
1525813023,9154.40000,9166.30000
1525813024,9154.40000,9166.20000
1525813025,9155.40000,9166.20000
1525813028,9155.50000,9160.00000
1525813030,9153.90000,9160.00000
1525813034,9157.20000,9160.00000
1525813035,9157.80000,9162.00000
1525813036,9151.00000,9159.90000
1525813037,9154.20000,9159.90000
1525813039,9154.20000,9159.90000
1525813040,9151.10000,9159.90000
1525813041,9154.40000,9159.90000
1525813042,9154.40000,9157.40000
1525813043,9154.40000,9157.30000
1525813044,9154.40000,9159.90000
1525813045,9154.40000,9157.20000
1525813046,9151.00000,9159.80000
1525813047,9151.00000,9159.80000
1525813048,9157.10000,9159.80000
1525813051,9155.60000,9159.80000
1525813052,9155.70000,9159.00000
1525813055,9155.70000,9158.80000
1525813056,9155.70000,9159.00000
1525813060,9155.70000,9161.90000
1525813061,9155.70000,9158.90000
1525813062,9155.70000,9158.70000
1525813063,9155.70000,9159.00000
1525813064,9155.70000,9158.50000
1525813065,9155.70000,9159.00000
1525813067,9155.70000,9158.30000
1525813068,9155.70000,9158.20000
1525813069,9151.10000,9158.20000
1525813072,9151.20000,9158.20000
1525813073,9151.20000,9158.20000
1525813074,9154.30000,9158.90000
1525813075,9154.30000,9159.00000
1525813076,9154.30000,9161.90000
1525813077,9159.00000,9161.90000
1525813079,9159.00000,9160.00000
1525813080,9151.40000,9160.00000
1525766116,9354.50000,9361.00000
1525813083,9151.50000,9160.00000
1525813085,9151.50000,9160.00000
1525813086,9151.00000,9160.40000
1525897189,9284.20000,9284.80000
1525813089,9151.00000,9160.00000
1525813090,9151.80000,9160.00000
1525984571,9083.60000,9097.80000
1525813092,9155.10000,9160.00000
1525813096,9155.10000,9160.40000
1525813099,9155.20000,9160.40000
1525813101,9155.20000,9161.90000
1525984573,9087.60000,9097.80000
1525813104,9155.40000,9161.90000
1525813105,9155.40000,9161.00000
1525813106,9155.20000,9161.00000
1525944179,9327.00000,9335.80000
1525813108,9155.50000,9160.10000
1525766121,9354.60000,9361.00000
1525944184,9327.00000,9329.30000
1525813115,9155.50000,9160.00000
1525813118,9151.30000,9160.00000
1525813120,9151.30000,9159.90000
1525813121,9151.00000,9159.90000
1525813123,9155.60000,9159.00000
1525935509,9275.10000,9278.90000
1525984577,9097.70000,9097.80000
1525813129,9155.60000,9157.80000
1525813130,9155.60000,9157.70000
1525813131,9155.60000,9158.30000
1525813132,9156.10000,9158.90000
1525984578,9088.80000,9097.80000
1525813134,9156.10000,9157.60000
1525813135,9155.60000,9157.60000
1525813136,9155.60000,9157.00000
1525940888,9356.20000,9362.30000
1525944210,9317.50000,9327.10000
1525813139,9155.90000,9157.00000
1525944212,9317.60000,9327.10000
1525813142,9156.20000,9158.00000
1525944215,9317.70000,9322.90000
1525813144,9156.20000,9157.90000
1525813145,9155.90000,9157.90000
1525944218,9317.90000,9322.80000
1525813147,9155.90000,9157.00000
1525813148,9155.90000,9157.00000
1525944221,9317.90000,9320.80000
1525944222,9317.90000,9320.60000
1525984581,9088.90000,9097.80000
1525813152,9156.00000,9157.00000
1525813154,9156.00000,9157.90000
1525813155,9156.10000,9157.90000
1525944228,9317.00000,9320.60000
1525944229,9315.30000,9320.60000
1525944230,9315.40000,9320.60000
1525813159,9156.10000,9156.20000
1525901895,9226.00000,9233.20000
1525813163,9156.20000,9157.00000
1525944236,9317.10000,9320.50000
1525813166,9156.20000,9158.90000
1525944239,9317.00000,9320.40000
1525944240,9317.10000,9319.60000
1525813169,9156.30000,9157.00000
1525813170,9156.30000,9158.90000
1525766131,9356.00000,9360.90000
1525813172,9157.50000,9158.90000
1525813173,9156.30000,9158.90000
1525813174,9156.30000,9156.50000
1525944247,9315.00000,9317.20000
1525944248,9314.90000,9317.20000
1525813177,9158.90000,9159.80000
1525813178,9157.70000,9159.80000
1525813179,9157.70000,9159.80000
1525813180,9159.00000,9159.80000
1525813181,9156.40000,9161.30000
1525813182,9159.00000,9161.30000
1525944255,9315.00000,9317.20000
1525813184,9159.00000,9161.00000
1525944257,9314.90000,9317.20000
1525813188,9155.90000,9161.00000
1525962742,9332.10000,9333.00000
1525813190,9155.90000,9156.50000
1525809825,9229.10000,9234.30000
1525813192,9156.00000,9156.50000
1525984588,9088.90000,9096.90000
1525813194,9157.20000,9161.40000
1525813195,9155.90000,9156.00000
1525944270,9316.50000,9320.60000
1525944271,9315.10000,9320.60000
1525944272,9315.10000,9319.70000
1525807459,9223.90000,9233.00000
1525944277,9315.20000,9319.70000
1525944280,9315.20000,9320.60000
1525944281,9315.20000,9319.60000
1525770961,9337.30000,9337.50000
1525944285,9315.10000,9319.60000
1525813215,9155.90000,9160.90000
1525944288,9315.20000,9323.00000
1525984592,9089.00000,9096.90000
1525944290,9315.20000,9326.40000
1525813219,9156.00000,9160.90000
1525944292,9323.00000,9326.20000
1525813221,9156.00000,9160.60000
1525944294,9326.40000,9329.20000
1525944295,9315.50000,9319.00000
1525813225,9156.00000,9161.30000
1525813227,9156.00000,9160.30000
1525944301,9317.10000,9319.00000
1525813231,9156.00000,9161.40000
1525944304,9317.90000,9319.00000
1525944305,9318.90000,9319.00000
1525813234,9156.00000,9161.30000
1525813235,9156.00000,9161.00000
1525813238,9156.30000,9161.00000
1525813239,9156.30000,9160.90000
1525813243,9156.30000,9159.00000
1525940906,9355.50000,9355.80000
1525813247,9156.30000,9158.90000
1525813249,9156.00000,9158.90000
1525809835,9230.30000,9233.50000
1525962753,9331.60000,9333.00000
1525813266,9156.10000,9158.90000
1525813268,9156.20000,9158.90000
1525962756,9331.60000,9333.00000
1525935510,9272.10000,9278.90000
1525813280,9156.10000,9158.90000
1525901899,9226.10000,9233.20000
1525813284,9157.40000,9158.90000
1525813290,9157.50000,9158.90000
1525944366,9320.90000,9334.00000
1525813295,9157.60000,9169.30000
1525944369,9321.00000,9336.00000
1525944370,9324.00000,9336.00000
1525944373,9324.10000,9330.00000
1525944374,9324.10000,9335.40000
1525944375,9329.00000,9335.40000
1525813304,9157.70000,9164.00000
1525813305,9157.70000,9170.90000
1525813306,9157.80000,9170.80000
1525944379,9324.10000,9328.00000
1525813308,9157.80000,9170.70000
1525813309,9160.90000,9170.70000
1525813310,9163.80000,9170.60000
1525813311,9163.80000,9170.50000
1525813313,9167.90000,9170.50000
1525944386,9325.20000,9327.90000
1525944387,9324.40000,9327.90000
1525944388,9326.00000,9327.90000
1525944389,9325.30000,9327.90000
1525944390,9325.30000,9327.90000
1525813319,9167.90000,9170.60000
1525944392,9325.30000,9327.90000
1525944393,9324.10000,9335.50000
1525813322,9168.00000,9170.60000
1525944395,9326.50000,9335.50000
1525813324,9168.00000,9171.20000
1525813325,9168.00000,9168.10000
1525944400,9325.00000,9335.40000
1525944402,9325.10000,9329.70000
1525944403,9325.10000,9329.60000
1525944405,9325.30000,9329.60000
1525944407,9325.10000,9329.60000
1525813339,9168.00000,9171.20000
1525813340,9170.60000,9171.20000
1525944415,9326.40000,9329.60000
1525944416,9325.20000,9329.60000
1525944417,9327.60000,9335.20000
1525944418,9326.50000,9335.30000
1525944420,9327.10000,9335.30000
1525944421,9327.10000,9335.30000
1525944423,9327.10000,9331.70000
1525813352,9170.70000,9171.20000
1525939875,9354.40000,9356.50000
1525944426,9327.20000,9331.70000
1525813355,9171.20000,9185.30000
1525813356,9174.20000,9174.50000
1525813357,9175.30000,9189.10000
1525813358,9181.30000,9189.10000
1525813359,9181.30000,9189.00000
1525944432,9327.30000,9330.60000
1525944433,9327.30000,9336.00000
1525944434,9327.30000,9336.00000
1525944435,9327.30000,9328.00000
1525944436,9327.20000,9328.00000
1525813366,9182.10000,9188.80000
1525813367,9182.10000,9193.20000
1525766164,9360.90000,9361.70000
1525813370,9182.20000,9193.20000
1525813371,9182.40000,9193.40000
1525813373,9182.40000,9193.50000
1525813375,9182.40000,9193.10000
1525813376,9182.20000,9193.10000
1525944450,9327.30000,9328.00000
1525813379,9182.20000,9193.00000
1525813385,9182.20000,9193.40000
1525944459,9327.20000,9328.00000
1525813388,9182.50000,9193.40000
1525813389,9182.50000,9192.70000
1525962776,9332.90000,9333.00000
1525813394,9182.20000,9192.70000
1525813397,9182.20000,9192.60000
1525813398,9182.30000,9192.60000
1525897241,9280.00000,9285.00000
1525813401,9182.60000,9192.60000
1525813403,9182.60000,9193.50000
1525813405,9182.40000,9193.40000
1525813407,9182.40000,9192.50000
1525813409,9182.40000,9192.30000
1525813410,9182.50000,9192.30000
1525813414,9182.60000,9192.20000
1525897244,9279.90000,9284.90000
1525813418,9182.60000,9193.40000
1525813422,9182.70000,9193.40000
1525897245,9280.30000,9284.90000
1525813427,9182.80000,9193.40000
1525813430,9192.30000,9193.30000
1525813433,9182.90000,9191.50000
1525813436,9182.90000,9191.40000
1525944509,9327.40000,9328.00000
1525813439,9182.90000,9191.50000
1525813440,9182.90000,9191.30000
1525813444,9183.00000,9191.30000
1525944522,9327.30000,9328.00000
1525813451,9183.00000,9191.50000
1525944524,9327.40000,9328.00000
1525944525,9327.60000,9328.00000
1525813454,9183.00000,9191.40000
1525813455,9183.00000,9191.30000
1525944531,9327.90000,9328.00000
1525813460,9182.30000,9191.30000
1525813462,9182.30000,9191.00000
1525813466,9182.30000,9191.30000
1525813470,9182.30000,9190.70000
1525813476,9182.30000,9191.30000
1525813478,9182.30000,9190.40000
1525770970,9337.30000,9337.50000
1525813481,9182.30000,9191.50000
1525813485,9182.30000,9190.60000
1525984637,9096.90000,9097.80000
1525813491,9182.10000,9188.00000
1525944565,9335.00000,9336.00000
1525944567,9335.10000,9336.00000
1525813496,9182.10000,9187.80000
1525944569,9335.10000,9335.90000
1525813499,9182.10000,9187.00000
1525944573,9335.20000,9335.90000
1525813504,9182.10000,9186.80000
1525805887,9214.00000,9220.00000
1525813508,9182.10000,9187.50000
1525813509,9182.10000,9186.50000
1525813510,9182.10000,9186.00000
1525813512,9182.10000,9184.60000
1525813519,9182.10000,9184.50000
1525813520,9182.10000,9184.00000
1525813523,9182.20000,9184.00000
1525813527,9182.20000,9184.50000
1525813529,9182.20000,9184.00000
1525813531,9182.20000,9183.70000
1525813533,9182.20000,9184.00000
1525813536,9182.20000,9184.40000
1525944609,9335.80000,9335.90000
1525944610,9335.20000,9335.90000
1525944611,9335.40000,9335.90000
1525813540,9182.20000,9184.00000
1525944615,9335.50000,9335.90000
1525813545,9182.20000,9183.10000
1525962802,9333.10000,9334.80000
1525944622,9335.60000,9335.90000
1525813551,9182.20000,9184.00000
1525813554,9182.20000,9184.30000
1525813555,9182.20000,9183.70000
1525944629,9335.50000,9335.90000
1525813561,9182.20000,9184.00000
1525923731,9322.40000,9327.30000
1525813565,9182.20000,9183.40000
1525944638,9335.60000,9335.90000
1525766197,9357.00000,9360.90000
1525813571,9182.20000,9184.30000
1525813572,9182.20000,9183.00000
1525897270,9283.20000,9284.80000
1525944647,9335.50000,9335.90000
1525984652,9097.90000,9100.00000
1525813579,9182.20000,9184.30000
1525919367,9308.30000,9309.00000
1525813581,9182.20000,9183.00000
1525813585,9182.20000,9182.70000
1525813586,9182.00000,9182.70000
1525944660,9335.80000,9335.90000
1525813590,9182.00000,9182.90000
1525813591,9182.10000,9182.40000
1525813595,9182.00000,9182.40000
1525813596,9182.30000,9182.40000
1525813597,9182.00000,9182.40000
1525940965,9355.40000,9355.70000
1525813611,9182.10000,9182.90000
1525766205,9356.90000,9360.40000
1525897278,9279.90000,9284.40000
1525766207,9357.50000,9360.40000
1525809898,9238.90000,9239.00000
1525813631,9182.10000,9182.80000
1525813635,9182.10000,9182.50000
1525944711,9335.60000,9335.90000
1525813642,9182.10000,9182.40000
1525944716,9335.50000,9335.90000
1525944717,9335.50000,9335.70000
1525944718,9335.50000,9335.90000
1525897283,9279.90000,9285.00000
1525813652,9182.10000,9182.20000
1525944725,9335.60000,9335.90000
1525944726,9335.60000,9335.90000
1525944727,9335.80000,9335.90000
1525944728,9335.70000,9335.90000
1525944731,9335.70000,9335.90000
1525944733,9335.80000,9335.90000
1525897285,9279.90000,9287.20000
1525944742,9335.90000,9338.00000
1525944743,9337.80000,9338.00000
1525813672,9169.00000,9182.20000
1525944745,9337.90000,9338.00000
1525813676,9169.10000,9182.20000
1525924165,9327.00000,9328.70000
1525813681,9169.10000,9181.30000
1525813685,9169.40000,9181.30000
1525813687,9169.40000,9181.20000
1525813691,9169.20000,9181.20000
1525813693,9169.20000,9181.10000
1525813694,9169.50000,9181.10000
1525813696,9169.50000,9181.00000
1525984672,9100.00000,9109.20000
1525813702,9169.60000,9181.00000
1525984673,9100.00000,9108.20000
1525784071,9134.10000,9134.30000
1525813706,9169.60000,9180.70000
1525813709,9169.90000,9180.70000
1525813714,9169.60000,9180.40000
1525813716,9169.90000,9180.40000
1525813718,9170.00000,9180.40000
1525813721,9170.00000,9181.10000
1525813725,9169.60000,9181.10000
1525813726,9169.60000,9180.10000
1525813727,9170.30000,9180.10000
1525940987,9351.40000,9355.80000
1525944807,9337.80000,9338.00000
1525813738,9170.40000,9181.00000
1525813742,9170.50000,9181.00000
1525940989,9351.40000,9355.70000
1525813744,9170.50000,9179.80000
1525944817,9337.90000,9338.00000
1525813747,9170.40000,9179.80000
1525813748,9170.60000,9179.80000
1525813749,9170.60000,9180.70000
1525813755,9170.60000,9179.50000
1525813756,9170.80000,9179.50000
1525936831,9286.40000,9296.20000
1525897301,9279.90000,9285.80000
1525813761,9170.70000,9180.70000
1525944834,9337.80000,9338.00000
1525813763,9170.90000,9180.70000
1525944836,9337.90000,9338.00000
1525944837,9337.90000,9338.00000
1525813767,9171.00000,9180.70000
1525813771,9171.20000,9180.70000
1525813773,9171.10000,9180.70000
1525813775,9171.30000,9180.70000
1525927396,9347.10000,9348.60000
1525809923,9239.10000,9239.90000
1525813782,9171.30000,9181.00000
1525944855,9337.80000,9337.90000
1525813784,9171.60000,9181.00000
1525813787,9171.10000,9181.00000
1525813788,9171.40000,9181.00000
1525766234,9355.60000,9359.70000
1525813790,9171.90000,9180.90000
1525813795,9172.00000,9180.90000
1525813801,9172.30000,9180.90000
1525940999,9355.60000,9355.70000
1525813804,9172.30000,9181.00000
1525813805,9172.40000,9181.00000
1525813808,9172.60000,9181.00000
1525919155,9310.00000,9316.10000
1525813812,9172.40000,9181.00000
1525929885,9342.60000,9344.60000
1525813816,9172.90000,9181.00000
1525936833,9285.00000,9296.20000
1525813822,9173.00000,9181.00000
1525813823,9173.10000,9181.00000
1525944901,9337.90000,9338.00000
1525813830,9173.00000,9180.60000
1525813831,9172.50000,9181.00000
1525813832,9173.20000,9181.00000
1525813834,9173.40000,9181.00000
1525944909,9337.80000,9338.00000
1525944912,9337.80000,9337.90000
1525813844,9173.50000,9181.00000
1525813845,9173.60000,9181.00000
1525813849,9173.80000,9181.00000
1525941007,9355.60000,9355.70000
1525813854,9173.90000,9181.00000
1525813855,9173.90000,9183.80000
1525813857,9173.90000,9182.00000
1525813860,9173.70000,9182.00000
1525813861,9174.00000,9182.00000
1525813864,9174.00000,9183.80000
1525813866,9174.20000,9182.40000
1525813867,9174.50000,9182.40000
1525813870,9174.60000,9182.40000
1525813874,9174.90000,9182.40000
1525813875,9174.90000,9182.10000
1525813876,9174.90000,9182.00000
1525984702,9102.20000,9102.40000
1525936835,9286.70000,9296.20000
1525813879,9174.60000,9181.90000
1525813880,9175.00000,9181.90000
1525944956,9337.80000,9348.20000
1525979159,9098.30000,9116.50000
1525813888,9175.10000,9181.90000
1525813890,9175.30000,9181.90000
1525813892,9175.40000,9181.90000
1525813897,9175.50000,9181.90000
1525813898,9175.50000,9182.90000
1525813900,9175.60000,9182.90000
1525770984,9337.40000,9337.50000
1525813902,9175.70000,9182.90000
1525813903,9175.80000,9182.00000
1525813905,9175.80000,9181.60000
1525944979,9328.70000,9337.90000
1525813908,9175.60000,9181.60000
1525813909,9175.90000,9181.60000
1525944983,9328.80000,9337.90000
1525813912,9175.90000,9181.90000
1525944986,9334.20000,9337.90000
1525944987,9337.80000,9337.90000
1525944988,9334.30000,9337.90000
1525813917,9176.00000,9181.90000
1525944990,9335.00000,9337.90000
1525919173,9310.60000,9316.20000
1525813920,9176.20000,9181.90000
1525835131,9052.70000,9059.80000
1525944997,9342.40000,9345.70000
1525915014,9328.10000,9332.00000
1525813927,9176.10000,9181.90000
1525813929,9176.30000,9181.90000
1525945002,9342.40000,9342.50000
1525813931,9176.00000,9181.90000
1525971753,9338.10000,9346.80000
1525813934,9174.50000,9181.90000
1525813935,9176.20000,9181.90000
1525813937,9176.40000,9181.90000
1525936837,9286.70000,9296.50000
1525813941,9176.40000,9188.00000
1525813942,9176.40000,9188.00000
1525984713,9102.40000,9107.60000
1525813944,9176.30000,9188.00000
1525813945,9176.30000,9187.90000
1525813947,9176.70000,9182.00000
1525813950,9176.60000,9180.00000
1525813953,9176.50000,9180.00000
1525813956,9175.00000,9180.00000
1525813957,9176.70000,9180.00000
1525972107,9325.20000,9331.10000
1525919180,9310.60000,9316.10000
1525813964,9174.50000,9180.00000
1525936838,9286.00000,9296.50000
1525813969,9174.60000,9180.00000
1525813974,9176.80000,9180.00000
1525813976,9174.90000,9180.00000
1525813979,9174.60000,9180.00000
1525813981,9175.00000,9180.00000
1525923745,9322.20000,9327.10000
1525962875,9337.80000,9342.00000
1525813990,9175.10000,9180.00000
1525813998,9175.20000,9180.00000
1525897342,9279.90000,9287.10000
1525814007,9175.30000,9180.00000
1525766271,9355.60000,9359.30000
1525809962,9246.70000,9248.90000
1525814014,9175.20000,9180.00000
1525766272,9355.60000,9360.90000
1525945090,9342.40000,9345.70000
1525814019,9175.40000,9180.00000
1525766273,9355.60000,9359.20000
1525814025,9175.20000,9180.00000
1525945098,9342.40000,9345.70000
1525936840,9286.00000,9296.40000
1525945101,9342.40000,9343.00000
1525814031,9175.30000,9180.00000
1525919192,9307.00000,9315.80000
1525814034,9175.40000,9180.00000
1525945107,9343.00000,9344.00000
1525945109,9342.40000,9344.00000
1525814039,9175.30000,9180.00000
1525945112,9344.00000,9345.70000
1525814041,9175.50000,9180.00000
1525941039,9355.60000,9355.80000
1525945118,9343.50000,9344.00000
1525766277,9356.20000,9361.10000
1525945120,9343.60000,9345.70000
1525945122,9343.90000,9345.70000
1525984731,9102.40000,9102.80000
1525945125,9343.90000,9344.20000
1525945126,9343.90000,9345.70000
1525945127,9342.40000,9345.70000
1525945128,9342.40000,9345.70000
1525945129,9344.20000,9345.50000
1525945130,9342.40000,9345.50000
1525945132,9342.40000,9345.70000
1525814061,9174.50000,9180.00000
1525945134,9343.80000,9345.50000
1525945135,9343.90000,9345.50000
1525945136,9344.20000,9345.50000
1525945137,9342.50000,9345.50000
1525945138,9344.30000,9345.50000
1525814067,9174.60000,9180.00000
1525814069,9174.70000,9180.00000
1525945142,9342.50000,9345.50000
1525945144,9342.40000,9345.50000
1525945145,9344.30000,9345.40000
1525945146,9342.40000,9345.40000
1525814075,9174.80000,9180.00000
1525945148,9344.40000,9345.40000
1525814077,9174.90000,9180.00000
1525945150,9344.40000,9345.40000
1525814081,9174.80000,9180.00000
1525945154,9342.40000,9345.40000
1525814083,9175.00000,9180.00000
1525945161,9343.30000,9345.40000
1525945162,9342.40000,9345.40000
1525945165,9342.40000,9345.30000
1525814095,9175.10000,9180.00000
1525814097,9175.20000,9180.00000
1525945171,9342.40000,9345.30000
1525945173,9342.40000,9345.30000
1525814103,9175.10000,9180.00000
1525945178,9342.50000,9345.30000
1525814108,9174.50000,9180.00000
1525945181,9343.40000,9345.30000
1525945182,9342.50000,9345.30000
1525945183,9343.60000,9345.30000
1525945184,9342.50000,9345.30000
1525814113,9174.50000,9179.90000
1525814114,9174.60000,9179.90000
1525814117,9174.70000,9179.90000
1525814118,9174.90000,9179.90000
1525814123,9174.90000,9180.00000
1525814129,9175.00000,9180.00000
1525945203,9343.70000,9345.30000
1525814133,9175.00000,9178.50000
1525945206,9343.80000,9345.30000
1525945207,9343.80000,9345.20000
1525945208,9343.90000,9345.30000
1525945209,9343.90000,9345.10000
1525945210,9343.80000,9345.10000
1525814139,9175.00000,9180.00000
1525814140,9174.50000,9180.00000
1525945214,9342.50000,9344.00000
1525963031,9325.00000,9330.80000
1525814145,9174.70000,9180.00000
1525814146,9174.50000,9180.00000
1525897366,9279.90000,9285.00000
1525945223,9342.80000,9344.00000
1525945224,9342.50000,9344.00000
1525945225,9342.50000,9344.00000
1525945226,9342.60000,9345.30000
1525814155,9174.80000,9180.00000
1525814159,9174.60000,9180.00000
1525814161,9175.00000,9180.00000
1525945237,9342.60000,9343.90000
1525945238,9342.80000,9343.90000
1525945239,9342.60000,9343.90000
1525945240,9342.90000,9343.90000
1525945241,9343.00000,9343.90000
1525962906,9331.10000,9338.00000
1525814175,9175.10000,9180.00000
1525814177,9175.20000,9180.00000
1525962907,9331.10000,9337.90000
1525945253,9343.50000,9343.90000
1525945254,9343.80000,9343.90000
1525814183,9175.00000,9180.00000
1525945256,9343.60000,9343.90000
1525945259,9343.70000,9343.90000
1525949939,9366.70000,9374.00000
1525897374,9279.90000,9284.90000
1525945270,9343.60000,9343.90000
1525809993,9247.10000,9248.70000
1525814200,9167.90000,9179.70000
1525814202,9165.40000,9179.70000
1525962911,9325.70000,9330.00000
1525945276,9343.60000,9343.90000
1525814205,9168.00000,9179.70000
1525945278,9343.70000,9343.90000
1525766304,9356.20000,9359.70000
1525814210,9168.00000,9180.00000
1525814211,9165.60000,9180.00000
1525814212,9168.10000,9180.00000
1525945286,9343.60000,9343.90000
1525814216,9168.20000,9180.00000
1525945290,9343.60000,9343.90000
1525949940,9366.80000,9372.00000
1525814222,9168.20000,9179.70000
1525814225,9168.20000,9180.00000
1525962915,9325.50000,9329.00000
1525945300,9342.50000,9343.90000
1525945301,9342.50000,9343.70000
1525814231,9165.70000,9180.00000
1525814233,9165.80000,9180.00000
1525814235,9168.00000,9180.00000
1525814237,9168.10000,9180.00000
1525945310,9342.50000,9343.60000
1525814242,9168.20000,9180.00000
1525984763,9102.40000,9104.40000
1525945320,9342.50000,9342.60000
1525814251,9168.10000,9180.00000
1525814252,9166.00000,9180.00000
1525814259,9166.10000,9180.00000
1525945334,9342.50000,9343.60000
1525814264,9166.10000,9179.70000
1525814265,9166.20000,9179.70000
1525945338,9342.50000,9343.90000
1525814268,9166.20000,9180.00000
1525766314,9356.20000,9361.50000
1525814270,9166.30000,9179.40000
1525945343,9342.50000,9343.90000
1525945344,9342.50000,9343.20000
1525766315,9356.20000,9361.30000
1525814276,9179.40000,9180.00000
1525814277,9166.30000,9180.00000
1525945350,9343.00000,9343.10000
1525945351,9343.00000,9343.20000
1525945352,9343.00000,9343.10000
1525814281,9166.30000,9179.70000
1525814283,9166.40000,9179.70000
1525814285,9166.40000,9180.00000
1525814287,9179.70000,9180.00000
1525945360,9342.40000,9343.00000
1525814289,9166.50000,9179.70000
1525945362,9329.90000,9342.40000
1525945364,9330.00000,9342.40000
1525945366,9330.00000,9342.40000
1525945367,9330.10000,9342.40000
1525945368,9330.10000,9345.30000
1525945369,9341.00000,9345.20000
1525814298,9166.60000,9179.70000
1525814300,9166.70000,9179.70000
1525814302,9166.70000,9180.00000
1525945376,9330.40000,9345.10000
1525814305,9166.80000,9180.00000
1525814306,9166.80000,9179.40000
1525814307,9166.90000,9179.40000
1525945382,9333.30000,9340.60000
1525945383,9333.30000,9339.30000
1525945384,9331.10000,9333.30000
1525945385,9331.10000,9333.20000
1525814314,9166.90000,9180.00000
1525945387,9331.10000,9333.00000
1525962930,9322.30000,9325.50000
1525814318,9179.40000,9180.00000
1525814319,9166.90000,9180.00000
1525945392,9327.00000,9332.90000
1525814321,9167.20000,9180.00000
1525945394,9330.20000,9332.90000
1525962931,9325.50000,9325.60000
1525945396,9330.30000,9332.90000
1525814325,9167.30000,9179.70000
1525945399,9330.20000,9333.20000
1525814328,9167.10000,9179.70000
1525945401,9330.30000,9332.80000
1525814331,9167.50000,9179.90000
1525814335,9167.60000,9179.90000
1525814336,9167.60000,9179.40000
1525814339,9167.70000,9179.40000
1525945413,9330.30000,9332.70000
1525945414,9330.30000,9339.00000
1525945416,9330.30000,9332.50000
1525814345,9167.80000,9179.40000
1525945419,9330.30000,9338.90000
1525814348,9167.80000,9179.90000
1525945421,9330.30000,9338.80000
1525945422,9330.30000,9335.20000
1525911076,9310.00000,9316.30000
1525971306,9342.50000,9354.20000
1525945425,9330.60000,9335.20000
1525814354,9168.00000,9179.10000
1525814357,9168.00000,9179.90000
1525945431,9330.30000,9339.10000
1525945432,9330.30000,9338.80000
1525945433,9330.30000,9334.00000
1525945434,9330.30000,9333.90000
1525945435,9330.30000,9338.80000
1525945436,9330.30000,9339.00000
1525945437,9330.30000,9339.00000
1525945439,9330.30000,9334.40000
1525945440,9330.30000,9335.20000
1525945442,9330.40000,9335.20000
1525949945,9366.70000,9371.90000
1525945445,9330.50000,9335.20000
1525814374,9167.70000,9178.50000
1525945447,9330.60000,9339.00000
1525945448,9330.50000,9334.90000
1525945449,9330.50000,9339.00000
1525945450,9330.80000,9335.90000
1525945451,9330.80000,9335.80000
1525814380,9168.20000,9179.60000
1525945456,9330.90000,9338.90000
1525945457,9330.90000,9340.50000
1525945459,9331.00000,9340.50000
1525945460,9331.00000,9336.10000
1525814389,9168.30000,9179.60000
1525945462,9331.20000,9336.10000
1525945465,9331.30000,9336.10000
1525945467,9331.30000,9342.70000
1525945469,9331.40000,9342.70000
1525814398,9168.30000,9179.90000
1525814399,9168.50000,9179.90000
1525945474,9331.40000,9340.90000
1525945475,9331.50000,9337.50000
1525814404,9168.50000,9179.90000
1525945477,9331.40000,9340.80000
1525945478,9331.40000,9340.80000
1525945479,9331.70000,9340.80000
1525945480,9330.20000,9340.80000
1525945481,9340.00000,9340.80000
1525945483,9340.00000,9340.10000
1525945484,9331.50000,9339.30000
1525945486,9331.50000,9339.20000
1525814415,9168.60000,9179.90000
1525945489,9331.50000,9334.30000
1525945490,9330.20000,9339.20000
1525945491,9330.20000,9334.20000
1525945493,9330.20000,9334.80000
1525945494,9330.20000,9334.70000
1525945495,9330.20000,9334.60000
1525945496,9330.20000,9334.10000
1525962948,9320.10000,9325.50000
1525814426,9168.60000,9179.60000
1525814427,9168.90000,9179.60000
1525945501,9330.20000,9339.20000
1525814431,9168.90000,9179.90000
1525945505,9330.20000,9338.60000
1525814435,9168.90000,9179.30000
1525945509,9330.20000,9338.50000
1525945510,9330.20000,9334.90000
1525945511,9330.20000,9338.50000
1525984796,9102.40000,9104.40000
1525945514,9321.80000,9335.60000
1525897415,9280.00000,9284.80000
1525945516,9321.50000,9335.60000
1525945517,9321.90000,9335.60000
1525945518,9326.00000,9335.50000
1525945519,9326.00000,9335.50000
1525945520,9332.30000,9335.50000
1525814450,9169.10000,9179.30000
1525919262,9311.50000,9314.90000
1525814454,9169.40000,9179.30000
1525945530,9332.40000,9335.50000
1525919263,9313.00000,9315.00000
1525814460,9168.70000,9179.30000
1525945535,9332.40000,9335.10000
1525814464,9169.50000,9179.30000
1525814469,9169.80000,9179.30000
1525935518,9272.10000,9278.90000
1525814477,9169.70000,9179.30000
1525814478,9169.90000,9179.30000
1525814481,9170.00000,9179.30000
1525814482,9170.00000,9179.90000
1525814483,9170.00000,9179.00000
1525945556,9332.60000,9335.50000
1525814486,9170.20000,9179.00000
1525814488,9170.20000,9179.90000
1525814490,9170.10000,9178.70000
1525814492,9170.20000,9178.70000
1525945565,9332.70000,9335.50000
1525814494,9170.20000,9179.90000
1525814495,9170.40000,9179.90000
1525814497,9170.20000,9178.40000
1525945571,9332.50000,9335.50000
1525814502,9170.60000,9179.90000
1525971772,9337.20000,9346.20000
1525814504,9170.60000,9179.60000
1525814506,9170.70000,9179.60000
1525984807,9100.00000,9102.40000
1525945580,9332.70000,9335.50000
1525814511,9170.70000,9179.90000
1525814515,9171.00000,9179.30000
1525814517,9171.00000,9179.90000
1525814519,9171.10000,9179.00000
1525945592,9333.00000,9335.50000
1525814522,9171.10000,9179.90000
1525945596,9332.50000,9335.50000
1525945597,9333.10000,9335.50000
1525814527,9171.10000,9178.70000
1525814529,9171.10000,9179.90000
1525814530,9171.40000,9179.90000
1525971773,9344.00000,9346.20000
1525814534,9171.50000,9178.40000
1525945607,9332.60000,9335.50000
1525814537,9171.50000,9179.90000
1525814540,9171.60000,9179.90000
1525814541,9171.60000,9178.10000
1525814542,9171.90000,9178.10000
1525945616,9339.80000,9341.00000
1525814545,9171.90000,9179.90000
1525814547,9171.70000,9179.90000
1525814548,9172.00000,9179.90000
1525945621,9339.80000,9340.30000
1525945623,9339.80000,9340.30000
1525945624,9339.80000,9340.90000
1525814553,9172.10000,9179.90000
1525814555,9172.30000,9179.90000
1525945628,9339.80000,9339.90000
1525814558,9170.10000,9179.90000
1525814560,9172.40000,9179.90000
1525945633,9339.80000,9340.00000
1525814562,9170.20000,9179.90000
1525945635,9339.80000,9339.90000
1525814564,9170.20000,9179.60000
1525945638,9339.80000,9340.00000
1525945639,9339.80000,9340.00000
1525814568,9170.40000,9179.90000
1525814569,9170.20000,9179.90000
1525814570,9170.20000,9179.30000
1525945643,9339.80000,9340.00000
1525814572,9170.50000,9179.30000
1525814578,9170.50000,9180.00000
1525814579,9170.60000,9179.90000
1525945653,9339.80000,9341.00000
1525814584,9170.30000,9179.90000
1525814585,9170.40000,9179.90000
1525945658,9339.80000,9342.30000
1525766367,9356.50000,9361.90000
1525945660,9339.80000,9342.60000
1525814589,9170.70000,9179.60000
1525945663,9339.80000,9340.70000
1525814592,9170.80000,9179.60000
1525814595,9170.80000,9179.90000
1525814599,9171.10000,9179.90000
1525814600,9171.10000,9179.30000
1525814601,9170.80000,9179.30000
1525814605,9170.80000,9179.90000
1525814608,9170.80000,9179.00000
1525814610,9171.10000,9179.00000
1525814611,9171.10000,9179.90000
1525814614,9171.10000,9179.60000
1525945687,9339.80000,9342.30000
1525814616,9171.40000,9179.60000
1525814621,9170.80000,9179.60000
1525945694,9332.70000,9342.80000
1525945695,9332.70000,9342.70000
1525814625,9171.70000,9179.60000
1525945700,9332.70000,9342.70000
1525814629,9172.00000,9179.60000
1525814633,9170.80000,9179.60000
1525945706,9333.00000,9338.70000
1525814636,9171.10000,9179.60000
1525945709,9333.00000,9338.60000
1525945710,9333.00000,9336.20000
1525945713,9332.40000,9336.20000
1525945715,9333.10000,9336.20000
1525814644,9170.80000,9179.60000
1525945717,9331.20000,9336.20000
1525945718,9331.20000,9336.20000
1525814647,9171.40000,9179.90000
1525945720,9325.60000,9336.20000
1525945722,9331.20000,9336.20000
1525945723,9331.20000,9336.20000
1525945724,9325.70000,9336.20000
1525945725,9325.70000,9336.20000
1525814654,9170.80000,9179.90000
1525945727,9332.20000,9336.20000
1525945728,9331.40000,9336.20000
1525945730,9331.60000,9336.20000
1525814659,9171.70000,9179.50000
1525814661,9170.80000,9179.50000
1525814663,9170.90000,9179.50000
1525814664,9172.00000,9179.40000
1525814665,9172.00000,9179.50000
1525814666,9170.90000,9179.50000
1525814667,9171.10000,9180.00000
1525814668,9171.00000,9180.00000
1525945741,9331.90000,9336.20000
1525945742,9331.80000,9336.20000
1525814673,9171.10000,9180.00000
1525945746,9331.90000,9336.20000
1525814676,9173.70000,9180.00000
1525945750,9332.00000,9336.20000
1525963049,9325.10000,9332.00000
1525936862,9287.00000,9296.20000
1525814692,9174.00000,9180.00000
1525945765,9332.00000,9336.20000
1525814694,9173.80000,9180.00000
1525814695,9174.10000,9180.00000
1525814696,9174.30000,9180.00000
1525814698,9174.40000,9180.00000
1525814703,9173.80000,9180.00000
1525945777,9332.00000,9335.00000
1525915040,9328.10000,9330.00000
1525945780,9331.90000,9335.00000
1525814709,9173.80000,9180.00000
1525945783,9332.80000,9335.00000
1525814714,9175.00000,9180.00000
1525945789,9332.10000,9335.00000
1525945791,9332.10000,9335.00000
1525814720,9175.00000,9180.00000
1525814723,9173.80000,9180.00000
1525945796,9334.00000,9335.00000
1525814725,9175.00000,9180.00000
1525814727,9175.00000,9180.00000
1525814731,9173.80000,9180.00000
1525814734,9175.00000,9180.00000
1525945808,9334.10000,9335.00000
1525814738,9173.80000,9180.00000
1525814739,9176.80000,9180.00000
1525771012,9337.70000,9346.00000
1525814743,9176.90000,9180.00000
1525941156,9350.00000,9355.80000
1525945819,9334.20000,9335.00000
1525945822,9334.30000,9335.00000
1525814751,9177.00000,9180.00000
1525945827,9334.40000,9335.00000
1525945832,9334.50000,9335.00000
1525814761,9176.90000,9180.00000
1525814764,9177.10000,9180.00000
1525984850,9100.00000,9102.40000
1525945838,9334.30000,9335.00000
1525945839,9334.40000,9335.00000
1525945841,9334.50000,9335.00000
1525814771,9177.20000,9180.00000
1525814773,9177.10000,9180.00000
1525945846,9334.40000,9335.00000
1525814775,9178.00000,9180.00000
1525814779,9178.10000,9180.00000
1525814785,9178.20000,9180.00000
1525814790,9178.10000,9180.00000
1525963009,9319.00000,9324.30000
1525814794,9178.30000,9188.00000
1525814795,9178.10000,9188.00000
1525814796,9178.10000,9182.30000
1525814797,9178.10000,9191.20000
1525814799,9183.20000,9187.90000
1525893313,9267.00000,9267.20000
1525971309,9342.50000,9349.50000
1525945876,9334.50000,9335.00000
1525814807,9183.30000,9187.90000
1525945886,9334.40000,9335.00000
1525814815,9183.40000,9187.90000
1525814816,9183.30000,9187.90000
1525814821,9183.40000,9187.90000
1525814824,9183.30000,9187.90000
1525945901,9334.50000,9335.00000
1525814830,9183.40000,9187.90000
1525945904,9334.60000,9335.00000
1525814833,9183.30000,9187.90000
1525945908,9334.70000,9335.00000
1525945916,9334.60000,9335.00000
1525766410,9356.20000,9356.50000
1525814851,9187.00000,9187.90000
1525814855,9187.70000,9187.90000
1525945932,9334.70000,9335.00000
1525945937,9334.90000,9335.00000
1525814866,9187.70000,9193.10000
1525814868,9187.70000,9193.10000
1525814869,9187.10000,9193.10000
1525814870,9187.10000,9193.00000
1525814874,9190.10000,9193.00000
1525784110,9135.40000,9136.30000
1525963024,9320.00000,9327.90000
1525941179,9353.10000,9355.80000
1525945958,9332.10000,9335.00000
1525945959,9334.90000,9335.00000
1525945960,9332.10000,9335.00000
1525945961,9334.90000,9335.00000
1525945964,9332.10000,9335.00000
1525945965,9334.70000,9335.00000
