time,bid,ask
1525776390,9302.80000,9309.90000
1525776395,9302.80000,9316.90000
1525776396,9302.80000,9309.80000
1525776397,9302.80000,9316.80000
1525776398,9302.80000,9309.70000
1525776400,9302.80000,9314.90000
1525776401,9302.80000,9306.80000
1525776402,9302.80000,9309.60000
1525776403,9302.80000,9306.70000
1525776404,9302.80000,9306.60000
1525776405,9303.10000,9306.60000
1525776407,9302.80000,9315.90000
1525776408,9302.80000,9306.80000
1525776410,9302.80000,9306.50000
1525776412,9302.80000,9306.40000
1525776415,9302.80000,9306.80000
1525776416,9302.80000,9306.70000
1525776417,9302.80000,9306.30000
1525776419,9302.90000,9316.60000
1525776420,9302.90000,9316.70000
1525776421,9302.90000,9306.20000
1525776424,9303.00000,9306.20000
1525776426,9303.00000,9315.00000
1525776427,9302.90000,9314.90000
1525776431,9303.10000,9314.90000
1525776433,9303.10000,9315.90000
1525776435,9303.20000,9315.90000
1525776436,9303.30000,9315.00000
1525776438,9303.30000,9315.80000
1525776442,9303.30000,9315.70000
1525776443,9305.00000,9315.70000
1525776447,9305.10000,9320.20000
1525798240,9144.70000,9149.00000
1525776451,9305.10000,9320.10000
1525776452,9305.10000,9319.00000
1525776453,9305.10000,9313.30000
1525776454,9305.10000,9313.20000
1525776455,9305.30000,9313.20000
1525776456,9305.50000,9313.10000
1525776459,9305.50000,9313.00000
1525776462,9305.80000,9313.00000
1525776465,9305.90000,9313.00000
1525776466,9305.90000,9312.90000
1525776469,9306.10000,9312.90000
1525773707,9312.60000,9319.60000
1525776477,9306.20000,9312.90000
1525776484,9311.00000,9312.90000
1525776491,9311.10000,9312.90000
1525776492,9312.00000,9312.90000
1525776493,9312.00000,9313.00000
1525776494,9312.00000,9312.90000
1525776497,9312.10000,9312.90000
1525776499,9312.90000,9313.00000
1525776508,9312.80000,9312.90000
1525776509,9312.80000,9312.90000
1525776513,9312.80000,9313.00000
1525776514,9312.80000,9327.00000
1525776515,9312.80000,9326.90000
1525776516,9312.90000,9325.00000
1525776520,9312.90000,9324.90000
1525776521,9312.80000,9312.90000
1525776523,9312.80000,9324.90000
1525776524,9312.80000,9319.60000
1525776526,9312.80000,9324.90000
1525776527,9312.80000,9327.00000
1525776528,9313.20000,9327.00000
1525776529,9313.20000,9324.80000
1525776530,9313.20000,9326.90000
1525776531,9313.20000,9324.70000
1525776533,9313.20000,9319.40000
1525776536,9312.90000,9319.40000
1525776537,9312.90000,9319.30000
1525776538,9313.50000,9319.30000
1525776540,9313.00000,9319.30000
1525776541,9312.90000,9319.30000
1525776543,9312.40000,9319.30000
1525776547,9312.50000,9319.30000
1525776548,9313.30000,9319.30000
1525776549,9312.10000,9312.40000
1525776551,9310.10000,9312.30000
1525776552,9310.10000,9312.10000
1525776553,9312.00000,9312.10000
1525776561,9310.10000,9312.10000
1525776562,9310.10000,9312.10000
1525776563,9310.10000,9319.10000
1525776564,9310.10000,9319.00000
1525776565,9311.00000,9319.00000
1525776567,9310.70000,9319.00000
1525776568,9310.10000,9312.00000
1525776569,9310.10000,9315.00000
1525776570,9311.30000,9315.00000
1525776574,9310.10000,9315.00000
1525776578,9310.10000,9314.90000
1525776579,9310.70000,9314.90000
1525776580,9310.10000,9314.90000
1525776581,9310.10000,9314.90000
1525798263,9144.50000,9144.70000
1525776594,9310.10000,9315.00000
1525798265,9144.50000,9145.40000
1525776605,9314.80000,9315.00000
1525776606,9314.80000,9314.90000
1525776632,9310.10000,9315.00000
1525776635,9313.80000,9315.00000
1525776638,9313.80000,9314.90000
1525776640,9313.80000,9314.80000
1525776647,9311.00000,9314.80000
1525776651,9314.70000,9314.80000
1525776661,9311.00000,9314.80000
1525776662,9311.00000,9314.70000
1525776666,9311.00000,9311.10000
1525776687,9306.70000,9311.00000
1525776690,9310.00000,9311.00000
1525776691,9310.00000,9310.90000
1525776696,9309.00000,9310.90000
1525776698,9306.70000,9310.90000
1525776699,9306.70000,9310.60000
1525776702,9309.00000,9310.50000
1525776709,9306.70000,9310.50000
1525776712,9306.70000,9310.40000
1525776713,9309.00000,9310.20000
1525776714,9310.00000,9310.20000
1525776716,9310.00000,9310.40000
1525776719,9310.00000,9310.20000
1525776729,9310.10000,9310.20000
1525775308,9318.60000,9328.00000
1525776732,9310.00000,9310.20000
1525776733,9310.00000,9310.10000
1525776737,9310.00000,9311.00000
1525776738,9310.00000,9311.00000
1525776739,9310.10000,9311.00000
1525776742,9310.10000,9311.00000
1525776743,9310.10000,9310.70000
1525776744,9310.10000,9311.00000
1525776745,9310.10000,9310.90000
1525776748,9310.10000,9310.80000
1525776751,9310.10000,9310.80000
1525776752,9310.10000,9310.30000
1525776754,9310.10000,9310.80000
1525776755,9310.10000,9310.50000
1525776756,9310.10000,9310.30000
1525776757,9310.10000,9310.80000
1525776758,9310.00000,9310.80000
1525776760,9310.10000,9310.80000
1525776766,9310.20000,9310.80000
1525776767,9310.70000,9310.80000
1525776774,9310.70000,9319.30000
1525776776,9310.70000,9319.40000
1525776777,9310.70000,9319.20000
1525776779,9310.70000,9319.30000
1525776787,9311.00000,9319.30000
1525776796,9311.10000,9319.30000
1525776799,9311.30000,9319.30000
1525773022,9264.60000,9267.00000
1525776803,9311.10000,9319.30000
1525776808,9311.40000,9319.30000
1525776811,9311.10000,9319.30000
1525776812,9311.70000,9319.30000
1525776847,9311.70000,9319.20000
1525776855,9311.70000,9319.20000
1525765386,9353.90000,9360.00000
1525765707,9359.70000,9362.00000
1525776870,9311.70000,9319.30000
1525776873,9311.70000,9319.30000
1525776874,9311.70000,9315.60000
1525776875,9311.70000,9319.30000
1525776876,9311.70000,9319.30000
1525776881,9311.20000,9315.80000
1525776882,9311.20000,9319.30000
1525776886,9311.20000,9315.40000
1525776890,9311.20000,9319.30000
1525776893,9311.20000,9315.30000
1525776894,9311.20000,9319.30000
1525776895,9311.20000,9315.10000
1525776896,9311.20000,9319.30000
1525776901,9311.20000,9313.10000
1525776902,9311.20000,9319.30000
1525776903,9311.20000,9311.40000
1525776904,9311.20000,9319.30000
1525776907,9311.20000,9313.40000
1525776909,9311.20000,9313.30000
1525776910,9311.30000,9313.30000
1525776916,9311.50000,9313.30000
1525776926,9306.70000,9313.30000
1525776928,9306.70000,9313.10000
1525776929,9310.00000,9313.10000
1525776931,9310.00000,9313.00000
1525776934,9310.10000,9313.00000
1525776935,9310.00000,9313.00000
1525776936,9310.10000,9313.10000
1525776937,9309.00000,9313.10000
1525776938,9310.10000,9313.10000
1525776940,9309.00000,9312.70000
1525776941,9309.00000,9313.10000
1525776944,9309.20000,9313.10000
1525776945,9309.00000,9313.10000
1525776946,9306.70000,9313.10000
1525776948,9310.00000,9313.10000
1525776949,9310.00000,9313.00000
1525776953,9310.00000,9313.10000
1525776955,9310.00000,9312.70000
1525776956,9306.70000,9312.70000
1525776957,9310.00000,9313.10000
1525776964,9309.00000,9313.10000
1525776966,9309.00000,9313.10000
1525776972,9309.00000,9313.30000
1525776974,9306.70000,9313.30000
1525776975,9309.00000,9313.30000
1525776976,9309.00000,9313.30000
1525773028,9267.70000,9273.00000
1525776982,9306.70000,9313.20000
1525776985,9309.00000,9313.20000
1525776987,9309.00000,9313.10000
1525776992,9306.70000,9313.00000
1525776995,9308.00000,9313.00000
1525776998,9308.00000,9312.70000
1525777000,9306.80000,9312.70000
1525777002,9308.00000,9312.70000
1525777003,9308.00000,9312.60000
1525777009,9307.00000,9312.60000
1525777011,9306.80000,9312.60000
1525777012,9306.70000,9312.30000
1525777016,9306.70000,9312.60000
1525777022,9306.70000,9312.00000
1525777024,9307.00000,9312.00000
1525777028,9307.00000,9312.60000
1525777031,9307.00000,9311.70000
1525777034,9307.00000,9312.60000
1525777035,9307.00000,9311.40000
1525777039,9306.70000,9311.30000
1525777040,9306.70000,9312.60000
1525777041,9306.70000,9311.20000
1525777042,9306.70000,9311.10000
1525777045,9306.70000,9311.00000
1525777049,9306.70000,9310.80000
1525777050,9306.70000,9310.90000
1525777051,9306.70000,9306.80000
1525777066,9306.70000,9310.50000
1525777068,9306.70000,9310.40000
1525777071,9306.70000,9310.40000
1525777072,9306.70000,9307.70000
1525777080,9301.20000,9307.60000
1525777083,9306.00000,9307.60000
1525777087,9306.00000,9307.70000
1525777089,9305.00000,9307.70000
1525777091,9305.00000,9310.60000
1525777092,9305.60000,9310.60000
1525777093,9305.00000,9307.60000
1525777096,9305.40000,9307.60000
1525777098,9305.00000,9307.60000
1525777099,9301.20000,9307.60000
1525777101,9306.00000,9308.20000
1525777103,9306.00000,9308.10000
1525777106,9306.00000,9308.20000
1525777107,9305.00000,9308.20000
1525777108,9305.00000,9308.00000
1525777109,9301.20000,9308.00000
1525777110,9305.60000,9308.00000
1525777111,9305.00000,9308.00000
1525777112,9305.70000,9308.00000
1525777113,9305.60000,9308.00000
1525777114,9305.70000,9308.00000
1525777115,9305.70000,9309.90000
1525777116,9305.70000,9308.20000
1525777118,9305.70000,9309.90000
1525777120,9305.70000,9312.40000
1525777121,9306.00000,9312.40000
1525777123,9306.00000,9312.10000
1525777127,9305.70000,9312.40000
1525777129,9305.80000,9309.50000
1525777130,9306.00000,9311.40000
1525777131,9306.00000,9308.20000
1525777132,9306.30000,9308.20000
1525777133,9294.00000,9305.30000
1525777134,9294.00000,9297.80000
1525777139,9294.40000,9305.10000
1525777141,9294.00000,9296.20000
1525777142,9294.00000,9305.10000
1525777143,9294.00000,9295.30000
1525777144,9294.50000,9302.00000
1525777145,9294.50000,9302.00000
1525777147,9294.10000,9302.00000
1525777148,9293.00000,9295.30000
1525777149,9293.00000,9294.50000
1525777150,9293.00000,9294.50000
1525777151,9293.00000,9294.40000
1525777153,9293.10000,9294.40000
1525777154,9291.20000,9294.40000
1525777155,9291.30000,9294.40000
1525777157,9291.30000,9293.30000
1525777158,9291.30000,9294.40000
1525777159,9292.00000,9292.80000
1525777160,9292.00000,9292.50000
1525777162,9292.00000,9300.80000
1525777163,9292.10000,9292.40000
1525777164,9292.10000,9300.70000
1525777165,9294.40000,9300.70000
1525777166,9294.40000,9301.00000
1525777167,9294.40000,9296.90000
1525777168,9294.70000,9296.90000
1525777169,9294.50000,9296.80000
1525777170,9294.50000,9296.90000
1525777171,9294.50000,9296.80000
1525777172,9294.40000,9296.80000
1525777176,9294.60000,9296.80000
1525777177,9294.40000,9296.80000
1525777178,9294.50000,9296.80000
1525777187,9294.50000,9296.80000
1525777188,9294.50000,9299.60000
1525777190,9294.50000,9296.20000
1525777191,9294.50000,9295.40000
1525777192,9294.40000,9299.60000
1525777193,9294.60000,9299.80000
1525777194,9294.50000,9295.40000
1525777197,9294.50000,9295.00000
1525777209,9295.00000,9295.40000
1525777210,9295.00000,9298.50000
1525777212,9295.00000,9295.20000
1525777213,9295.00000,9298.50000
1525777215,9295.00000,9296.20000
1525777219,9294.50000,9298.20000
1525803830,9159.10000,9166.90000
1525777222,9294.50000,9296.10000
1525777231,9294.50000,9296.10000
1525777233,9294.50000,9297.90000
1525777235,9295.90000,9297.90000
1525777239,9295.90000,9296.10000
1525777240,9295.90000,9297.90000
1525777241,9295.90000,9298.50000
1525777242,9295.90000,9298.50000
1525777244,9295.90000,9297.20000
1525777250,9295.00000,9297.20000
1525803835,9166.00000,9166.70000
1525777252,9295.00000,9296.90000
1525768983,9393.00000,9393.50000
1525777260,9295.00000,9296.80000
1525777264,9295.10000,9296.90000
1525777265,9295.10000,9299.90000
1525777267,9296.60000,9299.90000
1525777270,9296.60000,9298.80000
1525777273,9296.60000,9298.60000
1525777274,9296.60000,9298.50000
1525777275,9294.40000,9295.00000
1525777279,9294.50000,9295.00000
1525777280,9294.40000,9295.00000
1525777282,9294.40000,9294.90000
1525777287,9294.40000,9294.80000
1525777288,9294.40000,9294.60000
1525777291,9294.40000,9295.00000
1525771074,9337.90000,9338.00000
1525777294,9294.40000,9294.50000
1525803843,9166.60000,9166.70000
1525770511,9360.40000,9364.90000
1525777328,9294.40000,9295.00000
1525777329,9294.50000,9295.00000
1525777334,9294.60000,9295.00000
1525777336,9294.90000,9295.00000
1525777338,9294.60000,9295.00000
1525777341,9294.70000,9295.00000
1525777342,9294.60000,9295.00000
1525777346,9294.50000,9295.00000
1525777349,9294.70000,9295.00000
1525777350,9294.50000,9294.80000
1525777351,9294.40000,9294.80000
1525777352,9294.40000,9295.00000
1525777353,9294.40000,9294.60000
1525777358,9294.40000,9294.50000
1525771928,9300.70000,9302.70000
1525777401,9294.40000,9295.00000
1525777402,9294.40000,9294.50000
1525777403,9294.40000,9295.00000
1525777405,9294.40000,9294.50000
1525777407,9294.40000,9295.00000
1525777408,9294.40000,9295.00000
1525806737,9240.40000,9242.00000
1525771097,9337.70000,9337.90000
1525777438,9294.50000,9295.00000
1525777441,9294.40000,9295.00000
1525777443,9294.40000,9294.90000
1525777446,9294.40000,9295.00000
1525777449,9294.40000,9294.60000
1525777452,9294.40000,9294.90000
1525777456,9294.40000,9295.00000
1525777458,9294.40000,9294.90000
1525777459,9294.40000,9295.00000
1525777461,9294.40000,9294.90000
1525777462,9291.20000,9294.90000
1525777463,9291.20000,9294.80000
1525777466,9291.20000,9294.60000
1525777470,9291.20000,9294.80000
1525777474,9291.20000,9294.70000
1525777477,9291.30000,9294.50000
1525777484,9291.40000,9295.00000
1525777485,9294.60000,9295.00000
1525777491,9294.60000,9294.90000
1525771108,9337.70000,9337.80000
1525777498,9294.60000,9294.70000
1525777499,9294.80000,9294.90000
1525773535,9284.30000,9292.00000
1525777506,9294.80000,9295.00000
1525777509,9294.80000,9294.90000
1525777520,9294.60000,9294.90000
1525777526,9294.60000,9294.80000
1525777534,9294.60000,9294.90000
1525777541,9294.60000,9294.80000
1525777545,9294.60000,9294.70000
1525777548,9291.20000,9294.70000
1525777552,9291.20000,9295.00000
1525765687,9358.10000,9362.00000
1525777555,9291.20000,9294.60000
1525803886,9165.70000,9166.40000
1525777558,9291.30000,9294.60000
1525777564,9291.30000,9294.50000
1525777573,9291.30000,9294.40000
1525777583,9291.30000,9295.00000
1525777584,9291.30000,9294.40000
1525777587,9291.30000,9294.30000
1525777591,9291.40000,9294.90000
1525777602,9291.30000,9294.90000
1525777604,9291.30000,9295.00000
1525777605,9291.40000,9295.00000
1525777607,9291.50000,9295.00000
1525777608,9291.30000,9295.00000
1525777609,9291.50000,9295.00000
1525777614,9291.60000,9295.00000
1525777620,9291.20000,9295.00000
1525777621,9291.30000,9295.00000
1525777622,9291.30000,9294.90000
1525777626,9283.90000,9294.90000
1525777627,9283.90000,9294.90000
1525777628,9288.00000,9294.80000
1525777630,9288.00000,9289.80000
1525777634,9286.10000,9289.80000
1525777635,9288.30000,9289.80000
1525777637,9284.20000,9289.80000
1525777639,9284.80000,9289.80000
1525773050,9269.20000,9286.30000
1525777642,9284.80000,9291.00000
1525777643,9285.00000,9291.00000
1525777645,9285.10000,9291.00000
1525777646,9285.10000,9290.90000
1525777647,9285.40000,9290.90000
1525777649,9285.10000,9290.90000
1525777651,9285.00000,9290.90000
1525777652,9285.70000,9290.90000
1525777653,9285.70000,9290.40000
1525777654,9285.70000,9290.90000
1525777658,9285.70000,9285.80000
1525777659,9284.20000,9285.80000
1525777661,9285.00000,9285.80000
1525777665,9285.10000,9285.80000
1525777669,9285.10000,9285.30000
1525777682,9283.10000,9285.30000
1525777683,9283.10000,9285.30000
1525777685,9285.00000,9285.30000
1525777691,9283.20000,9285.30000
1525777692,9282.20000,9285.00000
1525777693,9282.30000,9285.00000
1525777696,9282.20000,9282.30000
1525777697,9282.20000,9285.80000
1525777698,9282.30000,9285.80000
1525777702,9283.00000,9285.80000
1525777705,9283.10000,9285.80000
1525777707,9284.20000,9290.90000
1525777708,9284.30000,9292.50000
1525777710,9284.30000,9290.80000
1525777711,9284.30000,9292.50000
1525777712,9284.00000,9292.50000
1525771144,9333.60000,9336.30000
1525777714,9284.40000,9292.50000
1525777715,9284.40000,9292.40000
1525777729,9284.40000,9292.30000
1525777731,9284.70000,9292.30000
1525777738,9284.70000,9292.20000
1525777739,9284.70000,9292.30000
1525777741,9284.00000,9292.30000
1525777742,9284.10000,9292.20000
1525777744,9284.10000,9292.10000
1525777745,9285.00000,9292.10000
1525777748,9282.30000,9292.00000
1525777749,9282.40000,9292.00000
1525777750,9282.40000,9285.00000
1525777751,9282.40000,9285.00000
1525777752,9284.00000,9285.00000
1525777757,9284.10000,9291.90000
1525777759,9284.10000,9291.80000
1525798150,9144.60000,9149.00000
1525777763,9284.10000,9291.70000
1525777764,9280.00000,9291.70000
1525777766,9284.40000,9291.70000
1525777768,9284.40000,9291.60000
1525777770,9284.40000,9284.50000
1525777775,9280.00000,9284.50000
1525777779,9280.00000,9284.40000
1525798462,9146.00000,9147.30000
1525777785,9280.00000,9284.30000
1525777790,9280.00000,9284.40000
1525777793,9280.00000,9281.10000
1525777795,9280.00000,9284.30000
1525777796,9280.10000,9284.30000
1525777797,9280.00000,9284.30000
1525777801,9280.00000,9284.30000
1525777802,9280.00000,9284.50000
1525777804,9280.00000,9284.50000
1525777805,9280.00000,9283.80000
1525777808,9280.00000,9283.70000
1525777809,9280.00000,9283.80000
1525777810,9280.00000,9283.70000
1525777811,9280.00000,9280.10000
1525777831,9272.90000,9280.10000
1525777835,9272.90000,9280.00000
1525777840,9272.90000,9279.90000
1525777841,9270.00000,9279.90000
1525777842,9273.20000,9279.90000
1525777844,9272.00000,9279.90000
1525777848,9272.00000,9280.00000
1525777850,9272.10000,9280.00000
1525777851,9272.30000,9280.00000
1525777853,9272.20000,9280.00000
1525777854,9272.40000,9280.00000
1525777855,9267.00000,9280.00000
1525797747,9142.60000,9147.70000
1525777857,9266.10000,9280.00000
1525777858,9267.10000,9280.00000
1525777859,9271.00000,9280.00000
1525777862,9271.00000,9279.90000
1525777863,9271.10000,9279.90000
1525802518,9140.80000,9141.70000
1525777868,9273.30000,9279.90000
1525777869,9270.10000,9279.80000
1525777870,9271.00000,9279.80000
1525777871,9273.40000,9279.80000
1525777872,9273.50000,9279.50000
1525777873,9273.40000,9279.50000
1525803939,9166.40000,9166.90000
1525777876,9273.50000,9279.50000
1525777880,9273.50000,9279.40000
1525803940,9166.50000,9166.90000
1525777882,9273.50000,9279.50000
1525777883,9273.50000,9279.30000
1525777884,9273.50000,9279.40000
1525777886,9273.60000,9279.50000
1525777887,9273.60000,9279.40000
1525777888,9273.60000,9279.10000
1525777892,9273.60000,9278.80000
1525777894,9273.60000,9273.80000
1525777897,9273.60000,9280.10000
1525777900,9269.40000,9273.00000
1525777903,9270.00000,9273.00000
1525777905,9270.10000,9273.00000
1525777906,9271.00000,9273.00000
1525777909,9271.00000,9273.00000
1525777910,9271.00000,9273.00000
1525777913,9271.10000,9273.00000
1525777915,9271.00000,9273.00000
1525777918,9271.10000,9273.00000
1525777922,9272.20000,9273.00000
1525777928,9272.30000,9273.00000
1525777930,9272.30000,9280.10000
1525799247,9126.70000,9130.00000
1525777939,9272.60000,9280.10000
1525777940,9272.60000,9284.00000
1525777943,9272.60000,9283.90000
1525777945,9272.40000,9283.90000
1525777949,9272.40000,9283.80000
1525777950,9272.90000,9283.80000
1525777960,9272.90000,9284.00000
1525777964,9272.90000,9283.90000
1525777968,9272.90000,9283.80000
1525777971,9272.90000,9283.00000
1525777981,9272.90000,9282.90000
1525777983,9272.90000,9273.60000
1525777989,9272.40000,9273.60000
1525777993,9272.50000,9273.60000
1525777996,9272.50000,9273.60000
1525777998,9272.40000,9273.60000
1525778002,9272.30000,9273.60000
1525778003,9272.40000,9273.60000
1525778004,9271.20000,9273.60000
1525778005,9271.20000,9271.30000
1525771193,9336.30000,9338.00000
1525778011,9267.80000,9271.20000
1525778013,9267.90000,9271.20000
1525778014,9267.80000,9271.20000
1525778015,9268.60000,9273.60000
1525778017,9268.00000,9271.00000
1525778018,9267.70000,9270.60000
1525778019,9268.60000,9273.60000
1525778020,9267.80000,9273.60000
1525778021,9268.60000,9273.60000
1525778022,9267.80000,9273.60000
1525778023,9268.60000,9273.60000
1525778024,9268.90000,9273.60000
1525778026,9268.60000,9271.20000
1525778027,9267.80000,9271.20000
1525778028,9269.00000,9271.20000
1525778029,9269.90000,9273.60000
1525778030,9269.00000,9273.60000
1525778031,9269.00000,9271.10000
1525778033,9267.80000,9271.10000
1525778034,9267.80000,9271.10000
1525778035,9267.80000,9271.10000
1525778036,9267.80000,9271.10000
1525778037,9266.00000,9273.60000
1525778038,9267.80000,9273.60000
1525778039,9267.90000,9273.60000
1525778040,9268.00000,9273.60000
1525778041,9268.00000,9273.50000
1525778043,9271.10000,9271.30000
1525778054,9271.10000,9273.50000
1525778055,9271.10000,9271.20000
1525765740,9359.80000,9360.80000
1525770516,9360.00000,9362.50000
1525778081,9266.00000,9271.20000
1525778083,9266.00000,9271.10000
1525778084,9266.00000,9271.10000
1525778086,9271.10000,9271.20000
1525778112,9260.10000,9262.60000
1525778113,9259.10000,9271.20000
1525778114,9259.10000,9266.00000
1525778115,9259.10000,9259.50000
1525778116,9258.70000,9258.90000
1525803266,9092.40000,9092.50000
1525778118,9257.00000,9258.70000
1525778119,9250.00000,9258.70000
1525778120,9250.10000,9252.40000
1525803980,9166.60000,9166.80000
1525778122,9240.20000,9250.00000
1525778124,9240.20000,9250.00000
1525778125,9240.20000,9248.90000
1525778126,9240.20000,9246.00000
1525778128,9240.20000,9240.30000
1525778138,9240.10000,9240.30000
1525778139,9240.00000,9240.30000
1525778140,9235.10000,9239.70000
1525778142,9235.20000,9240.30000
1525778143,9235.10000,9240.00000
1525778144,9235.10000,9239.60000
1525771216,9333.70000,9336.60000
1525778148,9235.00000,9235.10000
1525778152,9231.00000,9232.30000
1525778153,9231.00000,9235.10000
1525778154,9226.00000,9231.80000
1525778155,9222.50000,9229.20000
1525778156,9222.50000,9223.30000
1525778157,9222.60000,9223.30000
1525778160,9222.50000,9222.60000
1525778161,9220.40000,9221.50000
1525778163,9220.40000,9222.60000
1525778164,9220.00000,9221.20000
1525765758,9359.90000,9360.80000
1525778166,9220.00000,9222.50000
1525778168,9220.00000,9221.40000
1525778169,9220.00000,9220.20000
1525778170,9220.00000,9222.50000
1525778175,9220.00000,9222.40000
1525778176,9218.20000,9220.30000
1525778177,9218.20000,9220.00000
1525778179,9218.20000,9218.30000
1525778180,9212.00000,9215.00000
1525778181,9212.00000,9214.90000
1525778183,9212.00000,9213.00000
1525778185,9212.10000,9213.00000
1525778186,9212.10000,9212.50000
1525778190,9212.00000,9212.40000
1525778195,9212.30000,9212.90000
1525778200,9212.40000,9212.90000
1525778201,9212.40000,9212.80000
1525778204,9212.40000,9212.50000
1525778206,9212.00000,9212.30000
1525778207,9212.00000,9212.50000
1525778208,9212.00000,9212.60000
1525778210,9212.00000,9212.50000
1525800211,9151.70000,9152.40000
1525778214,9203.30000,9212.50000
1525778215,9175.10000,9212.50000
1525778216,9212.10000,9212.50000
1525778217,9212.10000,9212.40000
1525778218,9206.00000,9210.10000
1525804712,9226.90000,9227.00000
1525778222,9206.00000,9206.10000
1525778223,9202.00000,9203.00000
1525778226,9202.10000,9202.90000
1525778228,9202.10000,9202.80000
1525778231,9193.30000,9199.10000
1525778234,9193.80000,9199.10000
1525778235,9193.80000,9202.90000
1525778236,9194.60000,9202.90000
1525778237,9194.90000,9199.00000
1525778238,9194.10000,9199.00000
1525778240,9194.10000,9198.90000
1525778245,9194.10000,9194.20000
1525778246,9187.50000,9194.20000
1525778248,9188.70000,9194.20000
1525778249,9189.00000,9194.10000
1525778251,9189.00000,9194.10000
1525778252,9189.00000,9194.00000
1525778253,9189.00000,9193.00000
1525778254,9189.00000,9189.10000
1525778256,9185.80000,9189.10000
1525778257,9184.10000,9189.10000
1525778258,9189.00000,9189.10000
1525778263,9185.80000,9189.10000
1525778264,9180.20000,9189.00000
1525778266,9178.60000,9189.00000
1525778267,9175.50000,9180.20000
1525778268,9182.90000,9189.00000
1525778269,9190.00000,9191.30000
1525778271,9175.50000,9191.30000
1525778272,9173.10000,9179.40000
1525778273,9179.90000,9191.20000
1525778274,9179.90000,9188.90000
1525778277,9179.90000,9188.80000
1525778278,9181.00000,9188.80000
1525778280,9181.00000,9181.10000
1525778283,9179.00000,9181.10000
1525778286,9182.00000,9188.60000
1525778288,9182.00000,9188.80000
1525778289,9182.00000,9188.70000
1525778290,9182.00000,9185.10000
1525778291,9182.10000,9185.00000
1525778292,9182.10000,9188.70000
1525778293,9179.00000,9188.60000
1525778294,9182.10000,9188.60000
1525778295,9179.60000,9188.60000
1525778296,9182.20000,9188.60000
1525778297,9182.20000,9188.50000
1525778299,9182.40000,9188.50000
1525778301,9182.40000,9188.20000
1525778302,9179.80000,9181.10000
1525778304,9180.00000,9181.10000
1525778307,9181.10000,9186.90000
1525778308,9181.10000,9188.10000
1525778310,9182.50000,9188.10000
1525778311,9182.50000,9188.20000
1525778314,9182.50000,9186.60000
1525778315,9185.20000,9186.60000
1525778318,9185.20000,9188.20000
1525778321,9185.20000,9188.10000
1525778323,9185.20000,9186.60000
1525778325,9185.30000,9186.60000
1525778327,9185.30000,9188.10000
1525778328,9186.60000,9191.40000
1525778329,9185.40000,9191.40000
1525778331,9185.30000,9191.40000
1525778332,9185.40000,9191.40000
1525765786,9356.80000,9360.60000
1525778336,9185.50000,9186.30000
1525778341,9186.20000,9186.30000
1525778343,9186.20000,9191.30000
1525778344,9186.30000,9191.30000
1525778346,9186.20000,9191.30000
1525778348,9189.40000,9191.30000
1525765789,9356.80000,9360.60000
1525778357,9189.40000,9189.60000
1525778358,9188.10000,9189.40000
1525778359,9185.50000,9188.10000
1525778360,9185.50000,9189.30000
1525778361,9185.20000,9185.50000
1525778363,9185.20000,9188.00000
1525778364,9185.20000,9188.00000
1525778365,9186.10000,9188.00000
1525778367,9188.80000,9200.00000
1525778368,9188.80000,9198.20000
1525778370,9197.40000,9198.20000
1525778375,9197.40000,9198.20000
1525778378,9193.10000,9199.90000
1525778379,9193.20000,9197.80000
1525778383,9193.20000,9197.80000
1525778384,9196.50000,9197.80000
1525778390,9193.20000,9197.80000
1525778391,9193.20000,9197.70000
1525778392,9193.20000,9199.90000
1525778394,9193.30000,9199.90000
1525778395,9195.00000,9199.90000
1525778398,9195.10000,9200.00000
1525778399,9195.20000,9200.00000
1525778405,9196.00000,9196.50000
1525778407,9196.10000,9196.50000
1525778408,9199.60000,9199.90000
1525778411,9199.70000,9200.00000
1525778418,9199.80000,9200.00000
1525778419,9199.90000,9200.00000
1525778429,9197.80000,9199.60000
1525778432,9198.00000,9199.90000
1525778433,9197.80000,9199.90000
1525778434,9197.80000,9199.30000
1525778437,9197.90000,9199.30000
1525778438,9201.00000,9207.40000
1525778441,9201.10000,9207.40000
1525778442,9201.10000,9207.40000
1525778444,9206.80000,9207.40000
1525778447,9216.80000,9217.00000
1525778451,9216.90000,9217.00000
1525778452,9217.00000,9221.30000
1525778458,9217.10000,9221.30000
1525778461,9221.30000,9228.40000
1525778462,9216.90000,9221.70000
1525778463,9216.90000,9228.40000
1525778464,9217.20000,9228.30000
1525778465,9217.20000,9228.20000
1525778466,9217.30000,9228.20000
1525778467,9218.00000,9228.20000
1525778468,9218.00000,9228.30000
1525778469,9218.00000,9228.10000
1525778470,9227.50000,9228.10000
1525778471,9218.10000,9227.50000
1525778472,9221.30000,9227.50000
1525778475,9228.00000,9228.10000
1525778477,9228.10000,9232.10000
1525778478,9228.10000,9232.10000
1525778479,9228.20000,9232.30000
1525778481,9228.20000,9230.00000
1525778483,9228.20000,9229.90000
1525765812,9343.80000,9349.50000
1525778492,9228.20000,9229.80000
1525778493,9228.30000,9229.80000
1525778495,9228.30000,9230.00000
1525778497,9228.30000,9229.60000
1525778499,9228.30000,9229.60000
1525778501,9228.40000,9229.60000
1525778504,9228.50000,9229.60000
1525778508,9228.40000,9229.60000
1525778511,9226.50000,9227.50000
1525778513,9221.40000,9227.50000
1525778514,9221.70000,9227.50000
1525778515,9221.70000,9229.50000
1525778516,9221.80000,9228.50000
1525778518,9225.50000,9228.50000
1525778521,9225.60000,9227.50000
1525778525,9227.30000,9227.40000
1525778527,9227.30000,9227.50000
1525778528,9225.60000,9227.30000
1525778530,9225.40000,9227.30000
1525778531,9225.50000,9227.50000
1525778532,9225.60000,9227.40000
1525778533,9227.30000,9227.40000
1525778534,9225.70000,9227.30000
1525778537,9225.70000,9227.40000
1525778538,9225.80000,9227.40000
1525778541,9225.40000,9227.40000
1525778543,9225.80000,9227.40000
1525778547,9225.60000,9227.40000
1525778550,9225.60000,9226.90000
1525778551,9225.60000,9227.40000
1525778554,9225.70000,9227.40000
1525778555,9225.70000,9227.40000
1525778556,9225.60000,9227.40000
1525778557,9225.60000,9227.40000
1525778558,9225.40000,9225.60000
1525778560,9225.40000,9232.30000
1525778561,9222.00000,9225.40000
1525778562,9222.00000,9225.50000
1525778564,9221.80000,9225.50000
1525778565,9221.90000,9225.50000
1525778567,9225.40000,9225.50000
1525778568,9225.40000,9232.30000
1525778569,9225.40000,9232.00000
1525778571,9222.00000,9225.40000
1525778572,9222.00000,9232.00000
1525778573,9222.00000,9232.00000
1525778574,9226.00000,9232.00000
1525778576,9222.00000,9232.00000
1525778577,9226.10000,9232.30000
1525778578,9226.10000,9232.00000
1525778579,9226.20000,9230.60000
1525778584,9222.40000,9230.60000
1525765828,9349.40000,9354.60000
1525778588,9224.50000,9230.50000
1525778590,9222.40000,9224.50000
1525778591,9222.50000,9230.50000
1525778592,9225.50000,9230.50000
1525778594,9225.50000,9230.40000
1525778595,9227.40000,9228.10000
1525778596,9227.40000,9232.30000
1525778597,9227.40000,9230.40000
1525778598,9227.40000,9229.10000
1525778605,9227.40000,9229.00000
1525778606,9222.80000,9229.00000
1525778610,9221.80000,9228.40000
1525778611,9221.80000,9226.00000
1525778612,9221.40000,9226.00000
1525778613,9221.30000,9226.00000
1525778614,9221.30000,9225.90000
1525778615,9221.30000,9221.70000
1525778617,9221.30000,9221.60000
1525778620,9221.30000,9221.50000
1525778627,9221.40000,9221.50000
1525778629,9221.40000,9221.60000
1525778634,9221.40000,9221.50000
1525778641,9221.30000,9221.40000
1525765839,9349.50000,9359.40000
1525778656,9210.50000,9221.40000
1525778657,9210.50000,9221.40000
1525778658,9210.50000,9221.30000
1525778660,9210.50000,9217.00000
1525778662,9213.30000,9216.50000
1525778663,9210.50000,9216.50000
1525778664,9204.70000,9216.50000
1525778665,9204.90000,9216.50000
1525778666,9213.90000,9217.00000
1525778667,9214.90000,9217.00000
1525778668,9215.00000,9221.10000
1525778670,9215.60000,9221.10000
1525778671,9206.10000,9219.50000
1525778672,9206.20000,9218.00000
1525778674,9215.30000,9217.90000
1525778675,9206.50000,9217.90000
1525778676,9215.90000,9217.90000
1525778677,9216.00000,9217.90000
1525778678,9216.10000,9217.90000
1525778679,9215.40000,9218.00000
1525778680,9215.40000,9217.80000
1525778681,9211.00000,9217.50000
1525778682,9211.00000,9217.80000
1525778683,9220.00000,9221.30000
1525778686,9220.00000,9221.20000
1525778687,9220.00000,9220.10000
1525765846,9349.40000,9359.40000
1525778699,9211.30000,9220.10000
1525778700,9211.40000,9220.10000
1525778702,9211.20000,9213.70000
1525778706,9211.20000,9220.00000
1525778708,9215.70000,9220.00000
1525778710,9215.70000,9220.10000
1525778711,9215.70000,9219.90000
1525778718,9215.70000,9220.00000
1525778719,9215.70000,9219.90000
1525778721,9215.70000,9220.10000
1525778723,9211.20000,9220.10000
1525778724,9211.20000,9219.80000
1525778727,9211.20000,9219.70000
1525778728,9219.00000,9219.70000
1525765852,9350.10000,9360.50000
1525778730,9219.00000,9219.60000
1525778733,9211.40000,9219.00000
1525778735,9211.40000,9218.90000
1525778737,9211.40000,9224.10000
1525778738,9211.40000,9224.00000
1525778739,9211.10000,9213.20000
1525778741,9211.10000,9211.40000
1525778743,9211.30000,9211.40000
1525778747,9211.30000,9218.50000
1525778748,9211.40000,9218.40000
1525778750,9211.40000,9215.70000
1525778751,9211.40000,9218.40000
1525778753,9211.40000,9216.10000
1525778757,9211.80000,9216.00000
1525778758,9211.40000,9216.00000
1525778759,9211.00000,9211.30000
1525778761,9211.40000,9216.00000
1525778762,9211.20000,9216.00000
1525778763,9211.40000,9216.00000
1525778764,9211.20000,9211.30000
1525774179,9297.60000,9305.30000
1525804092,9166.80000,9169.00000
1525778797,9211.10000,9211.30000
1525778799,9211.20000,9211.30000
1525765865,9350.20000,9360.30000
1525778815,9210.50000,9211.20000
1525778816,9211.20000,9211.40000
1525778817,9210.50000,9211.40000
1525778820,9210.50000,9211.40000
1525778821,9211.10000,9211.40000
1525778822,9210.50000,9211.40000
1525771329,9280.10000,9290.30000
1525778824,9210.50000,9211.30000
1525778826,9210.50000,9211.40000
1525778829,9210.40000,9211.40000
1525778830,9211.20000,9211.40000
1525778832,9211.30000,9211.40000
1525778833,9211.20000,9211.40000
1525778834,9210.40000,9211.40000
1525778842,9210.40000,9210.50000
1525778843,9210.40000,9211.40000
1525804101,9169.00000,9181.10000
1525778848,9210.40000,9215.80000
1525778849,9210.40000,9215.50000
1525778850,9210.40000,9215.50000
1525778851,9210.40000,9215.50000
1525778852,9210.40000,9213.20000
1525778854,9211.30000,9213.20000
1525778855,9211.30000,9213.10000
1525778856,9211.50000,9213.10000
1525778858,9213.60000,9215.10000
1525804103,9169.00000,9181.20000
1525778861,9213.60000,9214.90000
1525778862,9213.60000,9215.30000
1525778863,9213.60000,9214.80000
1525778864,9213.60000,9214.70000
1525778865,9213.60000,9214.80000
1525778866,9213.60000,9214.60000
1525778867,9213.60000,9214.70000
1525778868,9213.60000,9213.70000
1525778870,9210.40000,9213.70000
1525778871,9210.40000,9213.60000
1525778877,9210.40000,9213.50000
1525778878,9210.40000,9210.70000
1525765877,9351.00000,9360.30000
1525778880,9210.40000,9210.50000
1525771340,9276.60000,9288.10000
1525765880,9351.10000,9360.20000
1525778904,9199.70000,9210.50000
1525778905,9199.20000,9210.50000
1525778906,9199.20000,9210.40000
1525778907,9199.20000,9205.10000
1525778912,9199.20000,9205.10000
1525778913,9199.20000,9205.00000
1525778914,9199.30000,9205.00000
1525778915,9199.30000,9205.00000
1525778916,9201.60000,9205.00000
1525778918,9201.70000,9205.00000
1525778919,9201.90000,9205.00000
1525778921,9201.70000,9205.00000
1525778922,9202.00000,9204.90000
1525771346,9276.60000,9283.70000
1525778926,9199.80000,9204.90000
1525778938,9199.80000,9205.00000
1525804117,9170.10000,9182.70000
1525778944,9201.20000,9205.00000
1525778946,9201.20000,9210.40000
1525778947,9201.20000,9207.80000
1525778949,9201.20000,9207.80000
1525778950,9199.80000,9202.70000
1525778954,9199.90000,9202.70000
1525778955,9202.70000,9207.70000
1525778959,9202.70000,9207.60000
1525778960,9202.70000,9207.60000
1525778961,9202.70000,9207.60000
1525778962,9202.70000,9204.20000
1525778963,9204.80000,9207.50000
1525778964,9204.80000,9204.90000
1525778973,9199.90000,9200.00000
1525778979,9200.00000,9207.20000
1525778980,9208.60000,9211.50000
1525778981,9199.90000,9207.90000
1525778982,9200.00000,9211.40000
1525804271,9194.30000,9198.80000
1525778984,9200.00000,9211.40000
1525778985,9200.00000,9211.20000
1525778988,9200.00000,9211.50000
1525778989,9200.10000,9211.10000
1525778991,9210.70000,9213.80000
1525778992,9210.70000,9211.40000
1525778994,9210.70000,9212.60000
1525778996,9210.70000,9215.80000
1525778997,9210.70000,9212.40000
1525778998,9210.90000,9215.80000
1525779001,9210.90000,9215.90000
1525779003,9210.90000,9214.20000
1525779005,9210.80000,9214.20000
1525779006,9211.00000,9214.10000
1525779007,9211.00000,9215.80000
1525779008,9211.00000,9213.50000
1525779009,9211.00000,9213.30000
1525779011,9211.80000,9215.70000
1525779014,9211.80000,9214.30000
1525779015,9211.80000,9215.60000
1525779017,9211.20000,9214.40000
1525779019,9211.00000,9214.30000
1525779020,9210.10000,9218.70000
1525779021,9212.50000,9218.70000
1525779022,9212.50000,9218.70000
1525779023,9212.50000,9217.10000
1525779030,9212.50000,9217.00000
1525779032,9213.10000,9216.40000
1525779033,9213.10000,9217.00000
1525779035,9213.10000,9213.30000
1525779042,9213.10000,9216.90000
1525779043,9213.10000,9214.80000
1525771366,9287.30000,9290.00000
1525779047,9213.10000,9214.00000
1525779049,9213.10000,9213.90000
1525779050,9213.10000,9213.20000
1525779054,9213.10000,9213.80000
1525779056,9213.10000,9213.20000
1525779057,9213.10000,9213.20000
1525779059,9210.00000,9213.20000
1525779061,9213.10000,9213.70000
1525779062,9213.10000,9213.20000
1525779063,9213.10000,9213.60000
1525779064,9213.10000,9213.20000
1525779068,9213.10000,9213.90000
1525779071,9213.10000,9213.80000
1525779075,9213.10000,9213.70000
1525779078,9213.10000,9213.60000
1525779079,9213.10000,9213.50000
1525779081,9213.10000,9213.40000
1525779085,9213.10000,9213.30000
1525779086,9213.10000,9213.20000
1525779099,9213.10000,9213.20000
1525779100,9213.10000,9213.40000
1525779104,9213.10000,9217.00000
1525779108,9213.10000,9215.00000
1525779109,9213.10000,9216.90000
1525779110,9213.10000,9214.00000
1525779111,9213.30000,9214.00000
1525779113,9213.10000,9214.00000
1525779114,9213.10000,9213.90000
1525779116,9213.10000,9214.00000
1525779117,9213.10000,9214.00000
1525779119,9213.10000,9218.70000
1525779120,9213.10000,9216.00000
1525779122,9213.30000,9216.00000
1525779123,9215.00000,9216.00000
1525779124,9215.00000,9215.30000
1525779128,9213.10000,9215.30000
1525779132,9213.10000,9215.00000
1525779135,9213.20000,9215.00000
1525779147,9213.20000,9214.90000
1525779149,9213.30000,9214.90000
1525779150,9213.20000,9214.90000
1525779153,9213.20000,9214.40000
1525779154,9213.10000,9213.20000
1525779162,9214.90000,9216.50000
1525779165,9214.90000,9216.40000
1525779167,9214.90000,9216.40000
1525779169,9215.10000,9216.40000
1525779170,9214.90000,9216.00000
1525779171,9215.20000,9216.30000
1525804156,9190.00000,9199.90000
1525779182,9215.30000,9216.30000
1525779184,9215.00000,9216.30000
1525779187,9215.30000,9216.30000
1525779192,9215.30000,9216.20000
1525771391,9287.40000,9290.00000
1525779196,9216.10000,9216.20000
1525779213,9216.20000,9216.30000
1525779214,9216.20000,9216.30000
1525779216,9216.90000,9218.90000
1525779219,9217.00000,9225.70000
1525779220,9217.00000,9222.90000
1525779222,9217.10000,9222.80000
1525779224,9216.40000,9222.80000
1525779225,9217.10000,9222.80000
1525779227,9222.80000,9222.90000
1525779228,9222.80000,9232.30000
1525779229,9222.80000,9232.20000
1525779230,9222.80000,9232.10000
1525779231,9222.80000,9232.00000
1525779233,9222.90000,9228.00000
1525804166,9199.90000,9200.00000
1525779238,9223.00000,9228.00000
1525779241,9223.00000,9232.20000
1525779242,9222.90000,9232.10000
1525779244,9228.00000,9232.10000
1525779245,9231.90000,9232.20000
1525779246,9231.90000,9232.00000
1525779257,9231.90000,9232.00000
1525779258,9231.90000,9236.90000
1525779259,9231.90000,9235.20000
1525779260,9228.10000,9235.20000
1525779261,9228.10000,9230.80000
1525779263,9230.70000,9230.80000
1525779266,9230.70000,9240.00000
1525779267,9230.70000,9236.80000
1525779269,9230.80000,9239.90000
1525779270,9230.80000,9236.70000
1525779272,9230.80000,9236.70000
1525779273,9230.80000,9234.40000
1525779275,9230.80000,9236.70000
1525779276,9230.80000,9236.60000
1525779277,9230.80000,9236.60000
1525779279,9230.80000,9236.60000
1525779280,9230.80000,9239.60000
1525779282,9231.10000,9239.50000
1525779283,9231.10000,9236.50000
1525779284,9231.10000,9234.50000
1525779285,9231.10000,9234.40000
1525804446,9217.00000,9220.00000
1525779287,9231.10000,9234.30000
1525779288,9231.10000,9244.40000
1525779289,9232.00000,9232.80000
1525779290,9232.00000,9240.90000
1525779291,9232.00000,9240.90000
1525779292,9232.00000,9244.30000
1525779293,9232.70000,9240.80000
1525779294,9232.70000,9240.70000
1525779295,9232.70000,9237.60000
1525779297,9233.00000,9237.60000
1525779300,9232.80000,9237.50000
1525779302,9235.80000,9237.50000
1525779303,9235.80000,9237.40000
1525779304,9235.80000,9239.70000
1525779305,9232.80000,9234.30000
1525779306,9232.10000,9232.80000
1525779307,9232.00000,9232.10000
1525779310,9230.80000,9232.00000
1525779312,9231.90000,9232.00000
1525804179,9201.40000,9204.70000
1525779316,9230.80000,9232.00000
1525779318,9230.90000,9232.00000
1525779319,9231.10000,9236.00000
1525804180,9201.40000,9204.60000
1525779323,9230.80000,9236.00000
1525779324,9230.80000,9236.00000
1525779325,9230.80000,9232.00000
1525804181,9201.80000,9204.60000
1525779329,9230.80000,9235.80000
1525779330,9230.80000,9231.90000
1525779332,9230.80000,9231.90000
1525804182,9203.20000,9204.60000
1525779339,9231.80000,9231.90000
1525779340,9230.80000,9235.50000
1525779342,9230.80000,9231.90000
1525779343,9230.90000,9235.40000
1525779346,9231.80000,9235.40000
1525779348,9231.00000,9235.40000
1525779349,9232.00000,9234.30000
1525779350,9231.00000,9234.30000
1525804185,9201.90000,9204.20000
1525779354,9232.00000,9234.20000
1525779357,9232.00000,9234.10000
1525779359,9231.00000,9231.50000
1525804187,9201.50000,9203.20000
1525779377,9231.30000,9231.50000
1525779384,9231.30000,9233.10000
1525779392,9231.40000,9233.60000
1525779398,9231.40000,9232.80000
1525779400,9231.40000,9233.60000
1525779402,9231.40000,9232.50000
1525779406,9231.50000,9235.90000
1525779407,9231.30000,9235.90000
1525779409,9231.30000,9235.60000
1525779414,9231.30000,9235.90000
1525779418,9231.40000,9235.30000
1525779419,9232.00000,9235.30000
1525779421,9232.10000,9235.80000
1525804197,9199.00000,9204.20000
1525779425,9232.00000,9232.10000
1525776117,9286.20000,9290.90000
1525779431,9232.00000,9235.50000
1525779441,9232.10000,9235.50000
1525779442,9232.00000,9235.50000
1525779443,9232.00000,9234.70000
1525779445,9232.10000,9234.70000
1525779446,9232.10000,9235.90000
1525779449,9232.20000,9235.90000
1525779453,9232.30000,9235.90000
1525779455,9232.30000,9235.00000
1525779456,9232.30000,9235.90000
1525779458,9232.30000,9235.00000
1525779459,9232.30000,9235.90000
1525779460,9232.70000,9235.90000
1525779463,9232.00000,9235.10000
1525779464,9232.80000,9235.10000
1525779465,9232.80000,9234.70000
1525779466,9232.00000,9234.70000
1525779467,9232.10000,9235.10000
1525779469,9232.10000,9234.80000
1525779472,9231.10000,9234.80000
1525779474,9232.10000,9234.80000
1525779476,9231.10000,9234.80000
1525779481,9231.00000,9234.80000
1525779486,9231.40000,9234.80000
1525779487,9231.00000,9234.80000
1525779488,9231.00000,9234.70000
1525779494,9231.00000,9234.60000
1525779498,9231.00000,9234.50000
1525779502,9231.00000,9234.30000
1525779507,9231.00000,9234.20000
1525779508,9231.00000,9233.00000
1525779512,9231.00000,9231.10000
1525765983,9356.90000,9360.90000
1525771446,9291.10000,9295.20000
1525779542,9231.00000,9232.70000
1525779544,9231.00000,9232.90000
1525779545,9231.00000,9231.20000
1525779547,9231.00000,9231.10000
1525771450,9291.20000,9302.30000
1525779551,9231.00000,9231.20000
1525779553,9231.00000,9231.10000
1525771451,9291.20000,9294.30000
1525779557,9231.00000,9231.10000
1525769653,9396.90000,9401.80000
1525779560,9231.00000,9231.20000
1525804220,9197.00000,9203.10000
1525779566,9231.00000,9231.10000
1525779568,9231.00000,9231.20000
1525779569,9231.00000,9231.10000
1525779570,9231.00000,9231.20000
1525779572,9231.00000,9231.10000
1525770526,9360.00000,9362.40000
1525804223,9201.60000,9212.00000
1525771457,9294.20000,9295.10000
1525779593,9231.00000,9231.20000
1525779596,9231.00000,9231.20000
1525779597,9231.00000,9231.10000
1525765997,9357.00000,9361.00000
1525765998,9357.00000,9360.90000
1525804228,9205.90000,9209.60000
1525804229,9205.90000,9208.00000
1525798768,9122.40000,9132.50000
1525804230,9205.90000,9206.00000
1525779622,9231.00000,9232.50000
1525773116,9291.70000,9294.00000
1525779624,9231.10000,9232.40000
1525779626,9231.00000,9232.40000
1525779628,9231.00000,9232.30000
1525779629,9231.00000,9231.10000
1525766005,9357.10000,9360.90000
1525774208,9305.10000,9305.30000
1525796031,9168.70000,9176.90000
1525774209,9305.00000,9305.30000
1525779689,9228.00000,9231.00000
1525779693,9228.00000,9230.90000
1525779695,9228.00000,9230.80000
1525779697,9228.00000,9228.10000
1525775301,9318.30000,9329.40000
1525798783,9128.00000,9136.40000
1525774210,9305.50000,9315.50000
1525779713,9226.80000,9228.00000
1525779715,9226.80000,9227.90000
1525779718,9226.80000,9226.90000
1525766017,9352.90000,9358.30000
1525804247,9205.90000,9206.00000
1525798786,9128.10000,9136.00000
1525779726,9212.80000,9226.80000
1525779731,9212.80000,9224.90000
1525779733,9212.80000,9224.80000
1525779736,9212.90000,9217.10000
1525779740,9212.90000,9217.00000
1525779743,9212.90000,9216.90000
1525779746,9212.90000,9216.90000
1525779747,9212.90000,9216.90000
1525779748,9212.80000,9212.90000
1525779758,9212.80000,9213.00000
1525766024,9355.20000,9357.10000
1525779766,9212.90000,9213.00000
1525779767,9212.80000,9212.90000
1525766026,9353.50000,9358.00000
1525766027,9355.30000,9358.00000
1525779791,9210.10000,9212.90000
1525779794,9212.00000,9212.90000
1525779799,9212.00000,9217.00000
1525779800,9212.00000,9212.20000
1525779801,9210.10000,9212.20000
1525779802,9210.10000,9212.10000
1525779803,9204.70000,9210.00000
1525779805,9215.00000,9217.00000
1525772928,9248.60000,9260.10000
1525779809,9215.00000,9215.10000
1525804262,9194.00000,9213.20000
1525798801,9128.60000,9137.00000
1525774419,9314.80000,9320.00000
1525771500,9298.30000,9299.00000
1525804269,9194.30000,9207.90000
1525804270,9194.30000,9202.60000
1525779862,9202.60000,9215.00000
1525773124,9291.80000,9295.00000
1525779866,9202.60000,9214.90000
1525779867,9202.70000,9213.50000
1525779868,9208.60000,9213.40000
1525779869,9202.70000,9213.30000
1525779871,9203.80000,9213.30000
1525779872,9203.80000,9205.40000
1525779873,9202.70000,9213.20000
1525779874,9202.70000,9206.00000
1525766043,9354.20000,9360.80000
1525779877,9203.00000,9206.00000
1525779880,9202.70000,9206.00000
1525779882,9202.70000,9205.90000
1525804274,9194.60000,9202.60000
1525779887,9201.20000,9205.90000
1525779889,9204.90000,9205.90000
1525779891,9205.00000,9205.90000
1525779892,9201.20000,9205.90000
1525779893,9206.00000,9212.90000
1525779894,9206.00000,9212.80000
1525779896,9206.10000,9212.70000
1525779898,9206.10000,9206.80000
1525779899,9206.10000,9212.70000
1525779901,9206.10000,9212.70000
1525779902,9206.10000,9207.10000
1525779903,9206.10000,9212.70000
1525779904,9206.10000,9206.30000
1525779905,9206.20000,9206.30000
1525779908,9206.20000,9212.50000
1525771510,9299.80000,9312.80000
1525766049,9354.30000,9360.90000
1525779914,9206.20000,9210.40000
1525779915,9206.20000,9212.50000
1525779916,9206.50000,9212.50000
1525779917,9206.50000,9210.30000
1525779920,9206.20000,9210.30000
1525779922,9206.20000,9212.40000
1525779927,9206.30000,9212.40000
1525779928,9206.50000,9212.40000
1525798820,9129.00000,9137.00000
1525779932,9206.50000,9212.30000
1525779933,9206.30000,9212.30000
1525779937,9206.30000,9212.30000
1525779938,9206.30000,9212.00000
1525779939,9206.30000,9212.30000
1525766054,9353.50000,9360.90000
1525779942,9206.20000,9212.30000
1525779947,9212.50000,9214.60000
1525779948,9212.50000,9214.50000
1525779952,9206.20000,9214.50000
1525779953,9206.20000,9214.40000
1525779954,9206.40000,9214.40000
1525779955,9206.40000,9214.30000
1525779956,9206.30000,9214.30000
1525779957,9206.30000,9214.20000
1525779958,9206.30000,9214.20000
1525779959,9206.30000,9214.00000
1525779960,9206.40000,9214.00000
1525779963,9213.90000,9214.00000
1525779964,9213.90000,9214.10000
1525779967,9213.90000,9214.20000
1525779968,9213.90000,9214.00000
1525771522,9297.00000,9309.20000
1525779985,9213.90000,9214.50000
1525779986,9214.00000,9214.50000
1525779987,9214.00000,9214.40000
1525779991,9214.10000,9214.40000
1525771524,9292.00000,9301.60000
1525779994,9214.50000,9214.90000
1525779995,9214.10000,9215.00000
1525780003,9214.10000,9214.90000
1525780004,9214.00000,9214.10000
1525780005,9213.90000,9214.00000
1525780006,9213.90000,9214.90000
1525780009,9214.00000,9214.90000
1525780012,9214.00000,9214.10000
1525780017,9214.10000,9215.00000
1525780019,9214.20000,9215.00000
1525780025,9214.20000,9214.90000
1525780027,9214.20000,9215.00000
1525798837,9129.20000,9138.00000
1525780032,9214.10000,9215.00000
1525780036,9213.90000,9215.00000
1525798838,9129.20000,9137.70000
1525780038,9215.00000,9222.50000
1525780043,9215.10000,9222.50000
1525780045,9214.10000,9222.50000
1525780046,9214.10000,9222.90000
1525780047,9215.00000,9222.90000
1525780048,9215.00000,9222.80000
1525774239,9305.50000,9315.50000
1525804773,9223.00000,9226.70000
1525780053,9215.10000,9222.80000
1525780057,9215.20000,9222.80000
1525780059,9215.10000,9222.80000
1525780062,9215.10000,9222.60000
1525780063,9222.50000,9222.60000
1525775313,9318.20000,9328.00000
1525780067,9215.10000,9222.60000
1525780069,9215.00000,9222.50000
1525780070,9215.20000,9222.50000
1525780072,9221.40000,9222.40000
1525780073,9221.50000,9222.40000
1525780074,9215.20000,9222.40000
1525780076,9215.10000,9222.40000
1525780077,9222.20000,9222.40000
1525780081,9222.30000,9222.40000
1525780082,9222.20000,9222.40000
1525780086,9215.00000,9222.40000
1525780088,9215.00000,9222.30000
1525780092,9215.10000,9222.30000
1525780094,9215.10000,9222.00000
1525780097,9215.10000,9222.10000
1525780099,9221.90000,9222.10000
1525780100,9221.90000,9222.00000
1525804310,9198.40000,9203.20000
1525773132,9289.10000,9295.00000
1525804311,9198.40000,9198.90000
1525780108,9221.90000,9222.10000
1525780112,9221.90000,9222.00000
1525780115,9221.90000,9222.00000
1525780116,9221.90000,9222.10000
1525780117,9222.00000,9222.10000
1525804313,9198.50000,9198.90000
1525775315,9318.40000,9327.50000
1525780137,9222.10000,9222.60000
1525798855,9133.40000,9141.00000
1525780143,9222.00000,9222.60000
1525780151,9222.50000,9222.60000
1525780152,9222.50000,9226.30000
1525780157,9222.60000,9226.30000
1525773134,9289.20000,9295.00000
1525780165,9222.60000,9224.90000
1525780168,9222.60000,9224.80000
1525780169,9222.90000,9224.80000
1525780171,9222.60000,9224.60000
1525780172,9222.60000,9224.80000
1525780173,9223.00000,9224.50000
1525780174,9223.10000,9224.50000
1525780176,9223.10000,9224.40000
1525780177,9223.20000,9224.30000
1525780178,9220.10000,9224.20000
1525780180,9221.10000,9224.20000
1525780181,9220.10000,9224.20000
1525775317,9318.40000,9322.10000
1525780193,9220.10000,9224.10000
1525780195,9220.10000,9224.00000
1525780196,9220.10000,9223.90000
1525780198,9220.10000,9220.20000
1525771559,9309.40000,9310.90000
1525766098,9354.80000,9361.00000
1525780217,9220.00000,9220.20000
1525780221,9220.00000,9220.10000
1525766109,9354.40000,9360.60000
1525780339,9220.00000,9220.20000
1525780341,9220.00000,9220.20000
1525773140,9289.30000,9294.90000
1525780346,9220.00000,9220.10000
1525780361,9220.00000,9222.00000
1525780362,9220.00000,9223.80000
1525780365,9220.10000,9223.80000
1525780367,9223.00000,9223.80000
1525780368,9223.00000,9227.60000
1525780369,9223.00000,9227.90000
1525780371,9223.00000,9227.30000
1525780372,9223.10000,9231.00000
1525780374,9223.10000,9230.70000
1525780376,9224.00000,9230.90000
1525780378,9224.00000,9230.40000
1525780379,9224.10000,9230.40000
1525780383,9224.30000,9230.40000
1525780385,9224.30000,9230.90000
1525780386,9225.00000,9230.90000
1525780387,9226.80000,9228.00000
1525780388,9226.80000,9230.90000
1525780389,9225.00000,9230.90000
1525780390,9225.10000,9227.90000
1525780391,9226.90000,9230.60000
1525780392,9225.90000,9227.70000
1525780395,9225.10000,9227.70000
1525780396,9224.50000,9227.70000
1525780402,9220.00000,9227.70000
1525780403,9220.10000,9230.60000
1525780404,9220.10000,9227.60000
1525780405,9224.00000,9227.60000
1525780407,9226.00000,9230.60000
1525780408,9226.00000,9230.60000
1525780409,9226.00000,9227.60000
1525780416,9226.00000,9227.50000
1525780422,9226.00000,9227.60000
1525780429,9226.00000,9227.50000
1525780430,9226.00000,9227.40000
1525780431,9226.00000,9226.10000
1525780434,9222.30000,9225.90000
1525780436,9222.30000,9225.80000
1525780439,9222.30000,9225.70000
1525780440,9222.30000,9222.40000
1525804786,9222.00000,9223.00000
1525780443,9220.00000,9222.40000
1525780444,9222.20000,9222.30000
1525775326,9318.50000,9322.00000
1525780460,9220.00000,9222.30000
1525780465,9220.10000,9222.30000
1525780466,9220.00000,9222.30000
1525780467,9220.00000,9223.30000
1525780468,9220.10000,9223.30000
1525780469,9220.20000,9221.70000
1525780472,9220.00000,9221.50000
1525780473,9220.20000,9221.60000
1525780475,9220.20000,9221.50000
1525780476,9220.20000,9223.30000
1525780477,9220.30000,9220.90000
1525780482,9220.80000,9220.90000
1525780483,9220.30000,9220.90000
1525780486,9220.40000,9220.90000
1525780489,9220.40000,9226.00000
1525780491,9220.40000,9225.90000
1525780492,9220.40000,9225.80000
1525780493,9220.50000,9222.10000
1525780494,9220.40000,9225.90000
1525780495,9220.00000,9225.90000
1525780496,9220.40000,9225.80000
1525780498,9220.10000,9225.80000
1525780499,9220.50000,9221.90000
1525780500,9220.50000,9225.70000
1525780501,9220.50000,9222.40000
1525780502,9222.00000,9225.60000
1525780504,9222.00000,9223.00000
1525774242,9305.50000,9315.50000
1525780507,9222.10000,9223.00000
1525780508,9222.10000,9225.40000
1525780511,9222.10000,9223.00000
1525780512,9222.00000,9225.40000
1525780513,9222.60000,9225.40000
1525780514,9222.60000,9225.50000
1525780517,9222.70000,9225.50000
1525780519,9222.70000,9229.80000
1525780520,9222.70000,9229.70000
1525780521,9222.60000,9229.80000
1525780523,9220.00000,9229.80000
1525780524,9220.70000,9229.70000
1525780525,9220.00000,9229.70000
1525780526,9220.10000,9226.40000
1525780527,9226.00000,9226.40000
1525780528,9226.00000,9226.30000
1525780533,9226.00000,9226.10000
1525766153,9355.80000,9360.90000
1525780541,9226.00000,9226.20000
1525780543,9226.00000,9226.30000
1525780544,9226.00000,9226.10000
1525780545,9226.00000,9226.10000
1525780546,9226.00000,9226.10000
1525766155,9355.80000,9362.00000
1525780550,9226.00000,9226.30000
1525780552,9226.00000,9226.10000
1525780554,9226.00000,9226.20000
1525780556,9226.00000,9226.10000
1525780559,9220.10000,9225.90000
1525780561,9220.10000,9225.80000
1525780562,9220.10000,9225.80000
1525780564,9223.00000,9225.80000
1525780565,9223.00000,9225.90000
1525780567,9223.00000,9223.40000
1525780568,9223.00000,9225.80000
1525780569,9225.20000,9229.60000
1525780571,9225.20000,9229.50000
1525780573,9225.20000,9227.70000
1525780574,9225.20000,9227.60000
1525780575,9223.00000,9227.60000
1525780577,9223.00000,9227.60000
1525780579,9223.00000,9226.10000
1525780580,9223.00000,9226.00000
1525780583,9223.00000,9223.10000
1525773148,9289.80000,9294.90000
1525796062,9168.10000,9174.30000
1525766164,9360.90000,9361.70000
1525780619,9220.00000,9223.10000
1525780620,9220.00000,9223.00000
1525780622,9220.00000,9222.90000
1525780624,9220.00000,9222.80000
1525766168,9360.90000,9362.00000
1525780626,9220.00000,9220.10000
1525804400,9198.90000,9206.70000
1525804405,9205.20000,9206.70000
1525798944,9136.00000,9141.00000
1525804406,9205.20000,9211.00000
1525804795,9221.00000,9221.20000
1525780713,9215.00000,9220.10000
1525780716,9215.00000,9219.90000
1525780717,9215.00000,9216.00000
1525780720,9215.00000,9215.90000
1525780722,9215.00000,9215.10000
1525780749,9211.00000,9215.00000
1525780753,9211.00000,9211.10000
1525774245,9305.70000,9307.20000
1525798960,9129.40000,9141.00000
1525780792,9210.00000,9211.00000
1525780794,9210.00000,9210.90000
1525780796,9210.00000,9210.10000
1525780798,9208.00000,9210.00000
1525766197,9357.00000,9360.90000
1525780800,9208.00000,9209.70000
1525780802,9208.00000,9208.10000
1525780805,9206.00000,9208.00000
1525780808,9206.00000,9207.90000
1525780809,9202.90000,9206.00000
1525780811,9202.90000,9207.90000
1525780812,9202.90000,9206.10000
1525780814,9202.80000,9202.90000
1525780821,9202.70000,9202.90000
1525780822,9202.00000,9202.70000
1525780823,9202.00000,9202.60000
1525780824,9202.50000,9202.60000
1525780825,9201.20000,9202.60000
1525780826,9201.20000,9202.50000
1525780827,9196.10000,9201.90000
1525780829,9196.10000,9201.80000
1525780830,9196.10000,9199.70000
1525780831,9196.10000,9199.60000
1525780834,9196.10000,9196.20000
1525780841,9195.00000,9196.10000
1525780844,9195.00000,9196.20000
1525780845,9190.10000,9195.00000
1525780847,9190.10000,9195.30000
1525780848,9190.10000,9194.90000
1525780850,9190.10000,9190.30000
1525780851,9187.00000,9189.40000
1525780852,9185.00000,9187.00000
1525780853,9187.10000,9190.00000
1525780854,9175.60000,9190.00000
1525780855,9179.10000,9189.20000
1525780856,9179.10000,9185.10000
1525780857,9179.10000,9180.50000
1525780858,9177.00000,9180.50000
1525780859,9179.20000,9180.50000
1525780860,9177.00000,9180.50000
1525780861,9177.00000,9180.40000
1525780862,9177.10000,9179.30000
1525788053,9116.30000,9116.40000
1525780864,9177.10000,9177.30000
1525780865,9177.10000,9179.30000
1525780866,9177.10000,9180.40000
1525780867,9179.20000,9179.30000
1525780868,9177.20000,9180.30000
1525780869,9180.00000,9180.30000
1525780870,9177.20000,9177.30000
1525780872,9177.20000,9179.30000
1525780874,9177.20000,9177.30000
1525766210,9357.80000,9360.40000
1525780882,9179.00000,9180.40000
1525773158,9289.10000,9295.00000
1525780886,9179.00000,9180.30000
1525780887,9177.30000,9179.10000
1525780889,9168.70000,9171.70000
1525780892,9150.10000,9157.70000
1525780893,9145.00000,9155.80000
1525780894,9145.00000,9145.70000
1525780895,9145.10000,9145.60000
1525780897,9145.10000,9145.50000
1525780898,9145.10000,9145.50000
1525780899,9145.60000,9150.50000
1525780900,9145.10000,9145.50000
1525780903,9145.10000,9145.20000
1525780904,9145.00000,9145.20000
1525771676,9309.00000,9309.30000
1525780906,9145.20000,9146.40000
1525780907,9145.20000,9150.00000
1525780908,9145.40000,9150.40000
1525780909,9145.20000,9145.30000
1525780915,9138.70000,9145.00000
1525780916,9133.10000,9145.30000
1525780917,9134.60000,9145.30000
1525780918,9134.60000,9142.40000
1525780919,9134.70000,9139.40000
1525780921,9133.10000,9139.40000
1525780923,9131.60000,9135.60000
1525780924,9133.20000,9135.00000
1525780925,9134.00000,9139.30000
1525780926,9134.80000,9134.90000
1525780931,9133.10000,9134.00000
1525780934,9133.10000,9133.90000
1525780937,9131.60000,9133.90000
1525780938,9131.60000,9133.20000
1525780939,9131.70000,9133.20000
1525780941,9131.70000,9133.80000
1525780942,9131.70000,9133.10000
1525780943,9131.00000,9133.10000
1525780944,9131.00000,9131.80000
1525780945,9131.20000,9131.70000
1525780947,9131.20000,9131.40000
1525780948,9131.00000,9131.40000
1525771409,9288.10000,9291.50000
1525780952,9131.00000,9131.30000
1525780953,9125.20000,9127.00000
1525766223,9355.60000,9359.80000
1525780957,9125.30000,9127.00000
1525780959,9120.00000,9120.30000
1525780961,9120.00000,9125.10000
1525780962,9120.00000,9123.00000
1525780963,9120.10000,9123.00000
1525780964,9120.10000,9125.00000
1525780965,9120.10000,9123.20000
1525780967,9113.20000,9115.90000
1525780968,9110.00000,9119.90000
1525780969,9110.00000,9115.80000
1525780972,9110.00000,9110.10000
1525780973,9110.10000,9110.40000
1525780978,9110.10000,9110.30000
1525798995,9129.30000,9139.50000
1525780980,9110.00000,9110.30000
1525780981,9110.00000,9110.10000
1525780984,9104.30000,9105.00000
1525780987,9104.30000,9104.90000
1525780988,9104.40000,9104.90000
1525780989,9104.30000,9104.80000
1525780990,9104.30000,9104.40000
1525780991,9100.00000,9104.40000
1525780993,9100.00000,9104.10000
1525780994,9100.00000,9101.00000
1525780996,9088.90000,9098.60000
1525780998,9088.80000,9092.00000
1525780999,9088.80000,9089.00000
1525781001,9088.00000,9088.80000
1525781002,9083.00000,9088.50000
1525781004,9083.00000,9091.90000
1525781005,9088.70000,9091.90000
1525781006,9090.60000,9098.40000
1525781008,9090.70000,9098.40000
1525781010,9090.00000,9091.80000
1525781012,9090.80000,9091.80000
1525781015,9091.80000,9092.60000
1525781016,9091.80000,9094.30000
1525781018,9090.70000,9090.80000
1525781020,9090.00000,9090.80000
1525781021,9090.00000,9090.80000
1525781023,9090.00000,9090.70000
1525781025,9090.00000,9090.60000
1525781026,9090.10000,9090.60000
1525781028,9090.10000,9090.50000
1525781030,9083.00000,9090.50000
1525781031,9083.00000,9090.10000
1525781032,9083.00000,9089.00000
1525781033,9083.00000,9088.90000
1525781037,9083.10000,9085.90000
1525772072,9296.80000,9296.90000
1525781040,9083.00000,9085.80000
1525781041,9083.00000,9083.20000
1525781044,9081.00000,9082.70000
1525781045,9081.10000,9083.10000
1525781046,9082.70000,9083.10000
1525781047,9082.70000,9083.00000
1525781048,9070.40000,9075.00000
1525804468,9220.00000,9221.80000
1525781051,9074.50000,9075.00000
1525781052,9074.90000,9075.00000
1525781054,9075.00000,9079.80000
1525781056,9075.00000,9076.40000
1525781057,9070.40000,9072.20000
1525781058,9070.30000,9072.20000
1525781059,9070.00000,9072.20000
1525781060,9070.00000,9072.00000
1525781062,9070.00000,9070.10000
1525781069,9069.00000,9070.10000
1525781070,9069.00000,9070.10000
1525781071,9069.00000,9070.00000
1525781075,9068.00000,9068.90000
1525781076,9069.10000,9069.90000
1525781077,9069.20000,9069.90000
1525781078,9065.50000,9067.00000
1525781079,9065.00000,9068.90000
1525781080,9064.20000,9067.60000
1525781081,9064.20000,9067.60000
1525781082,9063.40000,9067.60000
1525781085,9063.40000,9067.50000
1525781087,9068.00000,9072.10000
1525781088,9065.10000,9072.10000
1525781092,9065.10000,9067.50000
1525781093,9065.20000,9072.00000
1525781094,9065.10000,9081.50000
1525781095,9065.10000,9081.40000
1525781096,9065.10000,9067.40000
1525781097,9065.10000,9067.00000
1525781100,9065.10000,9066.90000
1525781106,9065.10000,9066.90000
1525769892,9399.00000,9399.80000
1525781109,9065.10000,9066.00000
1525781111,9065.20000,9066.00000
1525781113,9065.30000,9066.00000
1525781114,9065.30000,9066.90000
1525781115,9066.80000,9066.90000
1525781118,9066.80000,9071.80000
1525781119,9066.80000,9076.80000
1525781120,9070.10000,9076.80000
1525781121,9066.80000,9081.40000
1525781123,9067.00000,9069.50000
1525781124,9066.80000,9069.50000
1525781125,9070.40000,9081.40000
1525781126,9070.40000,9085.90000
1525781127,9075.00000,9093.00000
1525781128,9075.00000,9081.00000
1525781129,9075.10000,9081.00000
1525781130,9075.10000,9089.30000
1525781131,9075.10000,9085.90000
1525781132,9080.90000,9085.90000
1525781136,9080.90000,9089.20000
1525781137,9080.90000,9089.30000
1525781138,9081.00000,9085.80000
1525781141,9081.10000,9085.80000
1525781148,9089.10000,9093.70000
1525781149,9085.70000,9093.70000
1525781151,9081.20000,9092.30000
1525781152,9081.70000,9092.30000
1525781153,9081.70000,9093.20000
1525781154,9086.40000,9092.20000
1525781155,9081.70000,9092.20000
1525781156,9084.00000,9092.20000
1525781157,9084.10000,9092.20000
1525781158,9084.10000,9090.90000
1525781160,9084.10000,9103.00000
1525781161,9084.10000,9103.10000
1525781162,9084.10000,9096.00000
1525781163,9084.10000,9089.30000
1525781164,9084.20000,9089.30000
1525781165,9086.70000,9089.30000
1525781167,9087.90000,9089.30000
1525781168,9086.20000,9089.30000
1525781169,9086.20000,9093.70000
1525781170,9088.00000,9093.70000
1525781172,9088.10000,9093.00000
1525781173,9088.10000,9093.70000
1525781174,9088.10000,9102.90000
1525781175,9088.10000,9102.90000
1525781176,9088.60000,9102.90000
1525781177,9091.50000,9102.90000
1525781178,9088.70000,9102.90000
1525781179,9088.70000,9099.30000
1525781181,9092.50000,9102.90000
1525781184,9092.50000,9101.50000
1525781185,9092.60000,9100.70000
1525781186,9092.60000,9100.90000
1525781187,9094.70000,9101.80000
1525781189,9094.70000,9102.80000
1525781190,9094.70000,9102.90000
1525781191,9094.70000,9103.30000
1525781192,9094.70000,9102.30000
1525781193,9094.80000,9102.30000
1525781194,9095.80000,9098.60000
1525781196,9094.80000,9098.60000
1525781197,9096.30000,9098.60000
1525781198,9096.30000,9103.30000
1525781199,9096.30000,9098.50000
1525781200,9096.30000,9103.20000
1525781201,9096.30000,9103.10000
1525781203,9093.00000,9093.30000
1525781206,9093.20000,9093.30000
1525781210,9093.20000,9098.30000
1525781214,9093.00000,9098.30000
1525781216,9093.30000,9097.90000
1525771728,9309.40000,9313.00000
1525781219,9093.30000,9097.80000
1525781221,9093.40000,9097.80000
1525804497,9220.00000,9222.00000
1525781227,9093.50000,9097.50000
1525781230,9093.50000,9097.80000
1525781231,9093.50000,9097.20000
1525781232,9093.50000,9094.70000
1525781233,9093.40000,9093.60000
1525781237,9093.40000,9093.50000
1525781244,9093.00000,9093.50000
1525781247,9093.10000,9093.50000
1525781248,9093.40000,9093.50000
1525781254,9093.00000,9093.10000
1525799043,9129.20000,9134.10000
1525781271,9092.30000,9093.00000
1525781275,9092.20000,9092.90000
1525781276,9092.20000,9092.50000
1525781278,9092.20000,9092.90000
1525781279,9092.20000,9093.00000
1525763351,9348.50000,9350.90000
1525781281,9088.10000,9092.90000
1525781283,9092.50000,9093.00000
1525781286,9092.50000,9092.80000
1525781287,9092.50000,9092.60000
1525781296,9092.50000,9092.80000
1525781299,9092.50000,9092.60000
1525766282,9356.20000,9361.10000
1525781312,9088.20000,9092.60000
1525781315,9088.20000,9092.50000
1525781318,9088.30000,9092.50000
1525781321,9088.30000,9091.50000
1525781325,9088.30000,9092.50000
1525781326,9088.30000,9091.00000
1525781329,9088.30000,9090.90000
1525781331,9088.90000,9090.90000
1525781332,9088.30000,9090.80000
1525781334,9088.20000,9090.80000
1525781339,9088.30000,9090.80000
1525781340,9088.20000,9090.80000
1525781341,9088.40000,9090.80000
1525781342,9088.20000,9090.80000
1525771749,9311.20000,9312.90000
1525781344,9088.20000,9090.60000
1525781346,9088.20000,9091.00000
1525781347,9088.20000,9090.50000
1525781348,9088.30000,9090.50000
1525781350,9088.30000,9090.10000
1525781352,9088.20000,9090.10000
1525781354,9088.20000,9090.10000
1525781357,9089.10000,9090.10000
1525781358,9090.00000,9090.10000
1525781361,9089.00000,9090.10000
1525781363,9090.00000,9090.10000
1525804522,9225.10000,9228.60000
1525781375,9088.20000,9090.10000
1525781376,9090.00000,9090.10000
1525804525,9225.20000,9240.50000
1525799064,9128.00000,9133.50000
1525772084,9302.90000,9308.50000
1525781401,9088.20000,9090.10000
1525781403,9090.00000,9090.10000
1525799067,9127.90000,9133.50000
1525781412,9083.70000,9090.10000
1525781416,9083.70000,9090.00000
1525781417,9088.50000,9090.00000
1525781422,9088.50000,9089.90000
1525781423,9083.70000,9085.50000
1525781428,9081.40000,9089.90000
1525781429,9085.40000,9089.70000
1525781431,9082.00000,9089.70000
1525781432,9085.40000,9089.40000
1525781436,9090.00000,9092.50000
1525781437,9093.70000,9094.30000
1525781439,9093.70000,9097.00000
1525781440,9096.40000,9097.00000
1525799072,9128.00000,9133.20000
1525781444,9099.60000,9100.00000
1525781445,9102.90000,9105.00000
1525799073,9125.80000,9133.20000
1525781448,9103.00000,9105.00000
1525781449,9104.00000,9105.00000
1525781451,9104.90000,9105.00000
1525781453,9104.90000,9111.90000
1525781454,9104.90000,9111.80000
1525781455,9105.00000,9111.80000
1525781457,9108.00000,9111.80000
1525781459,9108.00000,9113.80000
1525781460,9108.00000,9111.20000
1525781461,9108.10000,9111.20000
1525766308,9356.50000,9359.60000
1525781467,9108.20000,9120.90000
1525781468,9111.10000,9125.80000
1525781469,9111.10000,9125.60000
1525781470,9111.10000,9122.30000
1525799077,9125.80000,9132.60000
1525781472,9111.00000,9122.30000
1525781473,9111.00000,9122.30000
1525781476,9111.00000,9122.20000
1525781477,9108.20000,9122.20000
1525781478,9111.10000,9116.90000
1525781480,9111.10000,9122.20000
1525781484,9111.20000,9121.90000
1525781485,9112.00000,9121.90000
1525781486,9112.00000,9117.30000
1525781487,9112.00000,9122.20000
1525781492,9111.20000,9129.90000
1525781493,9112.00000,9129.80000
1525781494,9112.00000,9129.90000
1525781495,9117.20000,9122.00000
1525781496,9117.20000,9129.80000
1525781497,9117.20000,9129.60000
1525781498,9118.00000,9129.60000
1525781499,9118.00000,9122.20000
1525781500,9122.10000,9122.20000
1525799082,9126.00000,9129.30000
1525766315,9356.20000,9361.30000
1525781511,9125.00000,9129.50000
1525781513,9125.00000,9129.40000
1525781514,9125.10000,9129.30000
1525781515,9125.10000,9128.00000
1525781516,9125.10000,9129.30000
1525781517,9125.20000,9129.40000
1525781518,9125.20000,9129.10000
1525772088,9305.60000,9308.50000
1525781520,9125.50000,9129.10000
1525781524,9125.50000,9129.00000
1525781526,9125.60000,9129.00000
1525781527,9125.60000,9128.90000
1525781537,9125.60000,9128.80000
1525781538,9125.60000,9128.90000
1525781539,9125.60000,9128.80000
1525781540,9125.60000,9128.60000
1525781543,9125.00000,9128.60000
1525781544,9125.70000,9128.60000
1525781545,9125.70000,9128.50000
1525781547,9125.80000,9128.40000
1525781548,9128.20000,9128.60000
1525781550,9128.20000,9139.70000
1525781552,9128.20000,9128.60000
1525781553,9138.90000,9139.50000
1525774590,9328.00000,9334.00000
1525781556,9138.90000,9139.40000
1525781559,9138.90000,9139.00000
1525781562,9138.90000,9139.30000
1525781564,9138.90000,9139.00000
1525799094,9126.10000,9128.60000
1525781581,9138.90000,9139.10000
1525781587,9138.90000,9139.10000
1525781592,9138.90000,9139.00000
1525781593,9134.30000,9139.00000
1525781594,9134.30000,9138.90000
1525781598,9128.20000,9138.90000
1525781599,9138.70000,9138.90000
1525781601,9138.70000,9138.80000
1525781603,9128.20000,9128.30000
1525781611,9125.10000,9128.30000
1525781613,9127.00000,9128.30000
1525781616,9127.00000,9128.20000
1525781620,9127.00000,9127.70000
1525781621,9125.10000,9127.70000
1525781622,9126.00000,9127.70000
1525781623,9126.00000,9127.60000
1525781629,9125.00000,9127.50000
1525781634,9125.00000,9127.40000
1525781635,9125.00000,9127.00000
1525781638,9125.00000,9125.10000
1525781641,9112.60000,9120.00000
1525781643,9112.70000,9119.90000
1525781644,9112.70000,9119.80000
1525781646,9113.70000,9119.80000
1525781647,9111.20000,9119.80000
1525781648,9114.90000,9119.80000
1525781649,9115.00000,9119.30000
1525781650,9115.00000,9119.30000
1525781651,9115.00000,9119.30000
1525781652,9115.40000,9119.30000
1525781653,9114.30000,9119.30000
1525781654,9114.30000,9117.60000
1525781655,9115.30000,9117.60000
1525781657,9115.30000,9119.30000
1525781659,9117.60000,9119.30000
1525781661,9114.30000,9117.10000
1525781662,9106.40000,9112.70000
1525781664,9107.60000,9112.70000
1525781667,9112.60000,9112.70000
1525781668,9112.70000,9117.10000
1525781669,9112.70000,9117.10000
1525781671,9112.80000,9116.40000
1525781672,9113.00000,9116.40000
1525781674,9113.10000,9116.40000
1525766343,9356.20000,9356.40000
1525781676,9113.10000,9117.10000
1525781677,9113.10000,9116.30000
1525781678,9113.10000,9117.10000
1525781681,9113.20000,9117.10000
1525781682,9113.00000,9116.40000
1525781683,9113.20000,9116.40000
1525781684,9113.20000,9116.30000
1525781685,9113.20000,9116.40000
1525781686,9113.00000,9116.40000
1525781687,9108.80000,9114.50000
1525781689,9108.80000,9116.40000
1525781690,9108.80000,9112.80000
1525781691,9108.80000,9112.70000
1525781692,9111.60000,9114.40000
1525781695,9111.60000,9113.90000
1525781700,9111.60000,9113.80000
1525781701,9111.60000,9113.60000
1525781702,9106.30000,9113.60000
1525781704,9106.40000,9112.70000
1525781705,9107.00000,9112.70000
1525781707,9106.10000,9112.70000
1525781708,9106.50000,9112.70000
1525781709,9106.50000,9112.40000
1525781710,9107.40000,9112.40000
1525781711,9106.10000,9112.70000
1525781712,9106.60000,9112.70000
1525781713,9106.70000,9112.40000
1525781714,9106.70000,9112.30000
1525781715,9106.70000,9111.90000
1525781718,9106.70000,9112.20000
1525781720,9107.00000,9111.80000
1525781723,9106.70000,9112.30000
1525781724,9106.10000,9112.30000
1525781726,9107.30000,9112.30000
1525781728,9106.10000,9112.30000
1525781729,9106.10000,9110.00000
1525781731,9107.40000,9110.00000
1525781736,9107.40000,9109.50000
1525781737,9107.50000,9109.50000
1525781738,9107.50000,9109.50000
1525781740,9107.50000,9109.70000
1525781741,9106.20000,9109.10000
1525781747,9106.20000,9108.60000
1525781748,9100.40000,9108.60000
1525781749,9106.30000,9108.60000
1525781751,9106.30000,9109.10000
1525781754,9105.00000,9107.80000
1525781755,9105.10000,9107.80000
1525781756,9105.10000,9107.70000
1525781757,9105.10000,9107.70000
1525781759,9100.40000,9106.30000
1525781760,9100.50000,9103.00000
1525781762,9101.00000,9103.00000
1525781765,9102.90000,9103.00000
1525781769,9101.20000,9103.00000
1525781772,9102.90000,9103.00000
1525781776,9101.30000,9103.00000
1525781778,9102.90000,9103.00000
1525781780,9100.50000,9103.00000
1525781781,9101.10000,9102.90000
1525781784,9102.80000,9102.90000
1525807013,9210.40000,9219.80000
1525781787,9102.70000,9102.90000
1525781791,9102.70000,9102.80000
1525781797,9100.00000,9102.80000
1525781798,9100.00000,9102.70000
1525781799,9100.90000,9102.70000
1525781800,9101.20000,9102.70000
1525781801,9100.00000,9102.60000
1525781803,9100.00000,9102.40000
1525781804,9100.10000,9102.40000
1525781805,9100.20000,9102.40000
1525781807,9100.00000,9102.20000
1525781809,9100.00000,9102.40000
1525781810,9100.00000,9102.00000
1525781811,9100.00000,9102.40000
1525781813,9100.00000,9101.50000
1525781814,9100.00000,9102.10000
1525781815,9100.00000,9102.40000
1525781817,9100.00000,9102.00000
1525781818,9100.00000,9100.40000
1525781819,9094.10000,9102.10000
1525781822,9094.10000,9101.10000
1525781824,9097.00000,9101.10000
1525781826,9097.00000,9101.00000
1525781827,9097.00000,9098.80000
1525781828,9097.10000,9098.30000
1525781829,9097.10000,9098.10000
1525799137,9121.10000,9128.00000
1525781833,9092.90000,9098.10000
1525781834,9092.90000,9098.30000
1525781835,9098.10000,9098.30000
1525766370,9356.50000,9361.90000
1525781845,9098.10000,9100.00000
1525781847,9098.10000,9098.20000
1525781848,9098.10000,9100.00000
1525781849,9098.10000,9098.20000
1525781850,9093.00000,9098.20000
1525781852,9092.90000,9098.20000
1525781853,9096.00000,9098.20000
1525774251,9305.80000,9308.80000
1525781860,9092.90000,9098.20000
1525781861,9091.30000,9092.00000
1525781862,9091.40000,9092.00000
1525801560,9142.50000,9143.50000
1525781865,9091.50000,9092.00000
1525796510,9155.30000,9158.10000
1525781868,9091.40000,9092.00000
1525774282,9305.60000,9308.80000
1525781874,9091.40000,9091.50000
1525781876,9091.20000,9091.50000
1525781877,9091.30000,9091.90000
1525781880,9088.40000,9090.00000
1525781886,9089.90000,9090.00000
1525781892,9088.50000,9090.00000
1525781896,9089.90000,9090.00000
1525781907,9090.00000,9092.00000
1525781908,9091.90000,9092.00000
1525766382,9356.30000,9356.50000
1525781914,9093.60000,9106.30000
1525781915,9104.60000,9105.70000
1525781918,9104.60000,9106.20000
1525781919,9105.60000,9106.20000
1525781922,9109.80000,9111.00000
1525781924,9105.70000,9111.00000
1525781925,9106.60000,9111.00000
1525781929,9110.90000,9111.00000
1525781933,9107.00000,9114.40000
1525781934,9110.00000,9110.90000
1525781936,9110.00000,9114.40000
1525781937,9110.90000,9111.00000
1525781938,9111.80000,9114.30000
1525781941,9110.80000,9114.30000
1525781942,9110.80000,9110.90000
1525781943,9110.80000,9114.30000
1525781946,9113.90000,9114.20000
1525781954,9113.90000,9114.40000
1525781955,9114.00000,9114.20000
1525781956,9114.00000,9114.40000
1525781960,9114.10000,9114.40000
1525781961,9114.00000,9114.40000
1525781962,9113.90000,9114.30000
1525781972,9113.90000,9114.20000
1525781974,9113.90000,9114.30000
1525781975,9113.90000,9114.10000
1525781976,9113.90000,9114.30000
1525781978,9113.90000,9114.20000
1525781980,9113.90000,9114.40000
1525781982,9113.90000,9114.00000
1525766395,9356.30000,9356.50000
1525781997,9111.00000,9114.00000
1525782000,9111.10000,9114.00000
1525782002,9111.10000,9113.70000
1525782004,9111.20000,9111.30000
1525782010,9114.00000,9114.40000
1525782011,9114.00000,9115.00000
1525782012,9114.10000,9115.00000
1525782013,9114.10000,9114.30000
1525782017,9114.00000,9114.30000
1525782018,9114.00000,9114.10000
1525782028,9115.90000,9117.20000
1525782030,9117.10000,9117.20000
1525782045,9117.10000,9117.30000
1525782046,9117.10000,9121.80000
1525782048,9117.20000,9121.80000
1525782055,9117.20000,9121.50000
1525782059,9117.20000,9121.80000
1525782060,9119.20000,9121.80000
1525782064,9119.20000,9119.40000
1525782070,9119.30000,9119.40000
1525782071,9119.30000,9130.10000
1525782073,9119.30000,9129.70000
1525782074,9119.40000,9126.00000
1525804639,9225.30000,9227.40000
1525782077,9119.40000,9125.90000
1525782078,9119.30000,9125.90000
1525782079,9119.70000,9125.80000
1525782080,9119.70000,9125.70000
1525782084,9119.70000,9125.60000
1525782085,9119.40000,9125.60000
1525782086,9119.60000,9125.60000
1525782089,9119.60000,9125.40000
1525782090,9119.40000,9125.40000
1525782092,9119.40000,9125.60000
1525771874,9310.00000,9311.80000
1525782094,9119.30000,9125.70000
1525782095,9119.70000,9125.30000
1525782097,9123.90000,9125.30000
1525782100,9124.00000,9125.30000
1525782103,9125.20000,9125.30000
1525766415,9356.40000,9356.50000
1525775381,9315.50000,9319.50000
1525766417,9351.30000,9356.50000
1525768530,9385.60000,9389.90000
1525782132,9125.30000,9132.60000
1525782134,9132.00000,9132.60000
1525782136,9132.00000,9132.10000
1525799188,9122.80000,9127.80000
1525774291,9306.20000,9312.00000
1525766421,9356.00000,9356.50000
1525782158,9132.00000,9132.60000
1525782165,9132.00000,9133.00000
1525782170,9132.00000,9132.60000
1525782174,9132.00000,9132.80000
1525803277,9083.00000,9088.00000
1525771889,9310.00000,9311.70000
1525782184,9132.80000,9133.00000
1525782207,9132.90000,9133.00000
1525782211,9132.80000,9133.00000
1525766433,9356.00000,9356.20000
1525771895,9310.00000,9311.60000
1525782227,9132.90000,9133.00000
1525782237,9133.00000,9136.70000
1525782239,9132.90000,9136.70000
1525782240,9133.00000,9134.70000
1525782241,9133.60000,9136.70000
1525782244,9133.10000,9136.70000
1525782245,9136.40000,9136.70000
1525782249,9136.50000,9136.70000
1525782259,9136.60000,9136.70000
1525771902,9309.30000,9309.90000
1525782262,9136.70000,9144.80000
1525782264,9136.70000,9141.80000
1525782265,9136.70000,9145.10000
1525804671,9213.00000,9222.00000
1525782269,9139.70000,9145.00000
1525782272,9139.70000,9143.00000
1525782273,9139.70000,9145.00000
1525782274,9144.80000,9145.00000
1525782277,9144.80000,9144.90000
1525782283,9144.80000,9148.20000
1525782286,9144.80000,9144.90000
1525782287,9144.80000,9148.20000
1525782289,9144.80000,9148.20000
1525782292,9144.80000,9147.50000
1525782293,9144.80000,9148.00000
1525782295,9146.20000,9148.00000
1525782297,9146.80000,9148.00000
1525782298,9140.00000,9148.00000
1525782299,9147.20000,9148.00000
1525782300,9144.90000,9148.00000
1525782301,9144.90000,9147.90000
1525799216,9126.20000,9132.00000
1525782307,9147.00000,9147.90000
1525782308,9147.00000,9148.20000
1525782311,9147.10000,9148.20000
1525782313,9147.60000,9148.00000
1525782317,9147.60000,9147.90000
1525782326,9151.00000,9153.80000
1525782327,9151.00000,9153.60000
1525782328,9151.00000,9153.80000
1525782329,9151.00000,9151.10000
1525782336,9151.00000,9151.20000
1525782339,9151.10000,9151.20000
1525782351,9151.00000,9151.20000
1525782352,9151.00000,9151.10000
1525782353,9151.00000,9151.20000
1525782367,9151.00000,9151.10000
1525782371,9148.20000,9151.10000
1525782374,9148.20000,9148.30000
1525799228,9126.30000,9131.70000
1525782381,9147.00000,9148.30000
1525782384,9147.00000,9148.20000
1525782386,9147.00000,9148.30000
1525782389,9147.00000,9148.20000
1525782391,9147.00000,9148.30000
1525782392,9147.00000,9148.10000
1525782393,9147.00000,9148.00000
1525782396,9147.00000,9147.10000
1525782400,9132.80000,9147.10000
1525782402,9132.90000,9147.00000
1525782406,9132.90000,9146.00000
1525782407,9132.90000,9133.00000
1525804695,9225.80000,9227.00000
1525782417,9124.00000,9132.60000
1525782418,9124.00000,9133.00000
1525782419,9119.40000,9133.00000
1525782420,9122.00000,9133.00000
1525782422,9122.00000,9132.90000
1525782424,9122.10000,9132.90000
1525799236,9126.60000,9131.90000
1525782426,9119.50000,9132.90000
1525782427,9119.60000,9132.90000
1525782429,9122.30000,9132.90000
1525782432,9122.30000,9132.80000
1525782435,9122.30000,9132.70000
1525782436,9121.10000,9132.70000
1525782438,9121.10000,9130.00000
1525782440,9115.10000,9130.00000
1525782441,9115.40000,9121.20000
1525782442,9117.00000,9121.20000
1525782447,9117.10000,9121.20000
1525782449,9117.10000,9121.10000
1525782452,9111.20000,9120.70000
1525782453,9116.20000,9120.70000
1525782455,9116.20000,9120.60000
1525782458,9111.20000,9120.60000
1525782459,9111.20000,9116.30000
1525782460,9111.30000,9116.30000
1525782462,9110.00000,9116.30000
1525782463,9114.00000,9116.30000
1525782464,9114.00000,9120.50000
1525782469,9112.00000,9120.50000
1525782470,9112.10000,9120.40000
1525782473,9116.00000,9120.50000
1525782475,9116.50000,9120.50000
1525782476,9116.50000,9120.40000
1525782477,9114.00000,9120.40000
1525782486,9114.00000,9120.50000
1525782489,9114.00000,9120.10000
1525782491,9117.20000,9120.10000
1525782492,9114.00000,9120.10000
1525782493,9113.90000,9114.00000
1525774303,9306.50000,9316.50000
1525782503,9112.10000,9114.00000
1525782506,9112.10000,9113.90000
1525782508,9112.40000,9113.90000
1525782510,9112.40000,9113.40000
1525782511,9112.10000,9113.40000
1525782512,9112.10000,9119.70000
1525782513,9112.10000,9114.00000
1525782514,9112.10000,9113.30000
1525804713,9226.90000,9227.00000
1525782523,9112.20000,9113.30000
1525782531,9112.20000,9114.00000
1525782537,9112.10000,9114.00000
1525782538,9112.30000,9114.00000
1525782539,9112.10000,9114.00000
1525782540,9112.60000,9114.00000
1525782548,9112.70000,9114.00000
1525782555,9112.60000,9114.00000
1525782557,9114.00000,9119.80000
1525782559,9112.90000,9119.60000
1525782562,9112.70000,9119.60000
1525782563,9112.70000,9119.90000
1525782566,9112.70000,9119.30000
1525782567,9112.80000,9119.30000
1525782571,9112.80000,9119.90000
1525782573,9112.90000,9119.90000
1525782574,9112.80000,9113.30000
1525782575,9112.70000,9113.30000
1525782578,9112.60000,9113.30000
1525782580,9112.70000,9113.30000
1525782583,9112.70000,9113.10000
1525782584,9112.70000,9113.30000
1525773768,9306.10000,9307.70000
1525782592,9112.80000,9113.30000
1525782603,9112.90000,9113.30000
1525782608,9113.00000,9113.30000
1525782609,9113.30000,9121.10000
1525782610,9113.00000,9121.10000
1525782611,9113.70000,9120.80000
1525782612,9113.30000,9120.80000
1525782614,9119.40000,9120.80000
1525782616,9119.40000,9121.10000
1525782617,9120.70000,9121.10000
1525782620,9120.70000,9120.80000
1525782630,9120.70000,9121.10000
1525782634,9120.80000,9121.10000
1525782636,9120.80000,9122.10000
1525782637,9125.00000,9127.40000
1525782640,9127.30000,9127.40000
1525782648,9125.00000,9127.40000
1525782649,9127.30000,9127.40000
1525782655,9125.00000,9127.40000
1525782658,9125.00000,9127.00000
1525782661,9125.10000,9126.80000
1525782662,9125.20000,9126.80000
1525782663,9125.10000,9126.80000
1525782664,9125.10000,9127.00000
1525782665,9125.10000,9127.40000
1525782666,9125.10000,9131.70000
1525782668,9125.20000,9127.00000
1525782674,9125.30000,9128.10000
1525782679,9125.30000,9127.00000
1525782681,9125.20000,9127.00000
1525782682,9125.10000,9127.00000
1525782686,9125.10000,9126.90000
1525782691,9125.10000,9126.80000
1525782695,9125.10000,9126.90000
1525782696,9125.20000,9126.90000
1525782700,9125.20000,9125.90000
1525782705,9125.20000,9131.50000
1525782706,9125.20000,9131.60000
1525782707,9125.20000,9131.40000
1525782708,9125.10000,9131.40000
1525782709,9125.10000,9126.00000
1525782710,9125.20000,9126.00000
1525782711,9125.10000,9126.00000
1525782712,9125.90000,9126.00000
1525782715,9125.90000,9131.60000
1525782717,9126.00000,9131.60000
1525782718,9126.10000,9131.60000
1525782720,9126.10000,9131.50000
1525782722,9126.10000,9131.60000
1525782725,9126.20000,9131.60000
1525782726,9126.20000,9131.50000
1525782728,9128.50000,9131.50000
1525782729,9126.20000,9131.50000
1525782730,9126.20000,9129.90000
1525782731,9126.40000,9131.50000
1525782732,9128.50000,9131.50000
1525782733,9128.20000,9131.50000
1525782735,9128.20000,9128.50000
1525782736,9128.20000,9131.50000
1525782741,9129.30000,9131.00000
1525782742,9126.20000,9131.50000
1525782743,9126.50000,9131.50000
1525782745,9126.50000,9131.00000
1525782746,9125.20000,9131.00000
1525782747,9126.60000,9131.00000
1525782751,9125.20000,9131.40000
1525782754,9125.20000,9131.30000
1525782758,9125.50000,9131.30000
1525782761,9125.50000,9131.40000
1525782762,9125.50000,9131.50000
1525782764,9125.20000,9131.50000
1525782765,9125.20000,9131.40000
1525782766,9125.20000,9131.50000
1525782767,9125.50000,9131.40000
1525782769,9125.80000,9131.40000
1525782772,9125.80000,9129.60000
1525782773,9125.60000,9129.60000
1525782774,9125.50000,9129.60000
1525782776,9125.10000,9129.60000
1525782778,9125.20000,9129.60000
1525782780,9124.60000,9125.20000
1525782782,9120.80000,9129.50000
1525782783,9120.80000,9129.50000
1525782785,9120.80000,9129.40000
1525782788,9120.90000,9129.40000
1525782791,9120.90000,9129.50000
1525782792,9121.00000,9129.50000
1525782793,9121.20000,9129.50000
1525782795,9128.10000,9129.50000
1525782800,9128.10000,9129.60000
1525782805,9128.10000,9130.20000
1525782807,9128.10000,9130.10000
1525782809,9128.10000,9128.90000
1525782810,9128.10000,9130.10000
1525782811,9128.10000,9128.80000
1525782812,9128.10000,9130.00000
1525782813,9128.10000,9129.40000
1525782814,9128.10000,9128.90000
1525782815,9128.10000,9129.40000
1525782816,9128.10000,9129.30000
1525782829,9128.10000,9129.20000
1525782835,9128.10000,9129.30000
1525782836,9130.00000,9131.60000
1525782840,9130.00000,9130.10000
1525770766,9342.40000,9345.90000
1525782858,9118.70000,9120.00000
1525782860,9119.00000,9120.00000
1525782862,9119.50000,9120.00000
1525782865,9119.60000,9120.00000
1525782866,9119.80000,9120.00000
1525782867,9119.60000,9120.00000
1525782868,9119.90000,9120.00000
1525782871,9119.10000,9120.00000
1525782874,9119.50000,9120.00000
1525782875,9119.00000,9120.00000
1525782877,9115.10000,9120.00000
1525782879,9115.20000,9120.00000
1525782882,9117.00000,9120.00000
1525804774,9223.00000,9223.10000
1525782889,9115.10000,9120.00000
1525782890,9115.20000,9119.90000
1525782894,9117.10000,9119.90000
1525782898,9117.10000,9117.20000
1525782905,9117.00000,9117.20000
1525804780,9221.30000,9223.10000
1525782925,9117.00000,9117.10000
1525772013,9287.40000,9289.10000
1525782933,9115.10000,9117.00000
1525782935,9115.10000,9116.90000
1525782937,9110.00000,9115.00000
1525782940,9110.00000,9110.10000
1525782943,9100.10000,9110.10000
1525782944,9100.10000,9110.00000
1525782945,9100.10000,9110.00000
1525782947,9100.40000,9110.00000
1525782949,9104.10000,9110.00000
1525782950,9100.40000,9110.00000
1525782951,9100.40000,9110.00000
1525782952,9100.10000,9109.00000
1525782955,9100.00000,9109.00000
1525782956,9093.60000,9109.00000
1525782957,9090.90000,9108.90000
1525782958,9096.00000,9108.90000
1525782959,9100.70000,9108.90000
1525782960,9100.70000,9108.90000
1525782961,9100.70000,9103.30000
1525782962,9096.00000,9103.30000
1525782964,9096.00000,9103.20000
1525782965,9090.80000,9103.20000
1525782967,9098.80000,9103.20000
1525782968,9095.00000,9103.20000
1525804788,9221.20000,9223.00000
1525782970,9095.00000,9103.20000
1525782971,9095.00000,9100.10000
1525782974,9095.00000,9100.00000
1525782975,9091.10000,9100.00000
1525782977,9096.60000,9100.10000
1525782982,9096.60000,9101.80000
1525782984,9090.00000,9101.70000
1525782985,9097.40000,9098.10000
1525782987,9097.50000,9098.00000
1525782988,9095.10000,9096.70000
1525782990,9090.00000,9096.70000
1525782993,9093.00000,9096.70000
1525782997,9093.00000,9101.50000
1525782999,9091.00000,9101.50000
1525783000,9090.00000,9101.40000
1525783001,9090.00000,9096.70000
1525783003,9090.00000,9096.60000
1525783004,9093.30000,9096.50000
1525783005,9090.00000,9096.50000
1525783007,9092.30000,9096.50000
1525783009,9092.30000,9096.50000
1525783010,9092.60000,9096.50000
1525783011,9090.30000,9096.50000
1525783012,9092.70000,9099.30000
1525783013,9092.70000,9099.30000
1525783018,9092.70000,9096.50000
1525783019,9093.00000,9099.30000
1525783020,9093.00000,9096.50000
1525799336,9130.20000,9135.00000
1525783026,9092.80000,9093.20000
1525772030,9287.50000,9292.40000
1525783032,9092.80000,9093.20000
1525783034,9092.90000,9093.20000
1525766570,9356.50000,9361.90000
1525783039,9093.00000,9099.30000
1525783040,9093.00000,9093.10000
1525783043,9093.10000,9099.30000
1525783047,9096.70000,9099.30000
1525783052,9096.80000,9099.30000
1525783054,9096.80000,9099.30000
1525783055,9096.70000,9099.10000
1525783057,9093.00000,9099.10000
1525783062,9093.00000,9099.00000
1525783064,9093.00000,9098.20000
1525783066,9093.00000,9098.20000
1525783067,9093.20000,9095.20000
1525783068,9093.20000,9098.20000
1525783069,9093.20000,9096.80000
1525783070,9094.30000,9098.20000
1525783071,9094.40000,9095.10000
1525783073,9093.20000,9098.20000
1525783074,9093.20000,9096.70000
1525783075,9094.90000,9096.80000
1525783077,9095.00000,9096.80000
1525783079,9095.00000,9096.70000
1525783085,9095.00000,9096.40000
1525783090,9095.00000,9098.10000
1525799347,9130.40000,9132.00000
1525783096,9099.30000,9102.20000
1525783099,9099.30000,9102.00000
1525783100,9099.30000,9102.20000
1525783101,9099.30000,9102.30000
1525783102,9099.30000,9101.90000
1525783103,9099.40000,9101.90000
1525783106,9099.40000,9101.90000
1525783107,9099.40000,9101.80000
1525783110,9099.40000,9101.50000
1525783112,9099.50000,9101.50000
1525783113,9099.40000,9101.50000
1525783117,9099.40000,9100.30000
1525783118,9101.20000,9101.50000
1525783119,9101.20000,9102.60000
1525783126,9101.20000,9105.90000
1525782969,9098.90000,9103.20000
1525783129,9099.40000,9105.50000
1525783130,9099.40000,9105.00000
1525783133,9101.10000,9104.90000
1525783136,9101.10000,9104.60000
1525783140,9104.50000,9104.60000
1525772049,9292.20000,9302.50000
1525766588,9356.80000,9361.80000
1525783146,9101.10000,9104.60000
1525783147,9101.20000,9104.60000
1525783148,9104.50000,9104.60000
1525783155,9104.50000,9107.00000
1525783157,9104.50000,9105.00000
1525775416,9315.50000,9319.40000
1525783160,9104.80000,9105.00000
1525783163,9104.80000,9104.90000
1525783169,9104.80000,9106.60000
1525783173,9104.50000,9105.00000
1525783174,9104.90000,9105.00000
1525783181,9104.60000,9106.90000
1525783182,9104.90000,9106.90000
1525783184,9105.10000,9106.90000
1525783188,9106.80000,9106.90000
1525804826,9207.50000,9213.10000
1525783202,9106.80000,9113.60000
1525783204,9106.90000,9113.60000
1525804828,9207.90000,9213.10000
1525783211,9108.90000,9113.60000
1525783212,9108.90000,9117.10000
1525783213,9109.00000,9117.10000
1525783215,9109.00000,9117.00000
1525783217,9113.10000,9117.00000
1525783218,9109.00000,9117.00000
1525783219,9113.20000,9117.00000
1525783220,9112.70000,9117.00000
1525783237,9112.80000,9117.00000
1525783242,9112.80000,9118.30000
1525783243,9112.80000,9120.00000
1525802193,9124.00000,9124.20000
1525783245,9112.80000,9118.00000
1525783251,9116.30000,9118.00000
1525783252,9116.30000,9120.00000
1525783254,9116.30000,9120.00000
1525783258,9116.30000,9119.90000
1525783264,9116.30000,9120.00000
1525783267,9116.40000,9120.00000
1525783274,9116.40000,9119.50000
1525783275,9116.40000,9120.00000
1525783276,9116.40000,9121.90000
1525766610,9357.20000,9362.00000
1525783279,9116.40000,9127.90000
1525783281,9116.40000,9119.50000
1525783282,9116.30000,9124.00000
1525766611,9357.10000,9362.00000
1525783285,9116.30000,9123.90000
1525783290,9116.30000,9123.80000
1525783293,9116.60000,9123.70000
1525783294,9116.60000,9121.10000
1525783297,9116.40000,9121.10000
1525783300,9116.40000,9121.00000
1525783301,9116.30000,9121.00000
1525783306,9116.30000,9119.30000
1525783307,9116.10000,9119.30000
1525783308,9119.10000,9119.30000
1525783309,9119.10000,9119.20000
1525783324,9119.00000,9119.20000
1525783342,9115.90000,9119.20000
1525783343,9119.00000,9119.20000
1525783346,9119.00000,9119.30000
1525783347,9119.00000,9119.20000
1525783349,9119.00000,9120.70000
1525783350,9119.10000,9120.70000
1525783351,9119.00000,9120.60000
1525783352,9119.00000,9119.20000
1525783353,9119.00000,9120.60000
1525783354,9115.90000,9120.60000
1525783355,9119.00000,9120.60000
1525783356,9119.00000,9120.60000
1525783357,9119.00000,9127.60000
1525783358,9119.00000,9124.00000
1525783360,9119.00000,9122.00000
1525783365,9119.00000,9121.90000
1525783369,9118.20000,9121.90000
1525772087,9303.00000,9308.50000
1525783372,9118.20000,9121.70000
1525783377,9118.20000,9121.20000
1525783381,9120.00000,9121.20000
1525783382,9120.00000,9121.00000
1525783383,9120.00000,9121.10000
1525783386,9120.00000,9120.10000
1525772090,9303.30000,9308.50000
1525772091,9303.30000,9308.40000
1525772093,9303.30000,9308.50000
1525783417,9118.20000,9120.00000
1525783418,9118.20000,9118.50000
1525783420,9119.90000,9120.00000
1525783423,9118.20000,9118.30000
1525783426,9115.90000,9118.20000
1525783429,9116.00000,9118.20000
1525783430,9116.00000,9118.00000
1525783432,9115.90000,9117.90000
1525783435,9115.90000,9117.80000
1525783437,9115.90000,9117.40000
1525783441,9115.90000,9117.30000
1525772099,9303.70000,9312.00000
1525783451,9115.90000,9117.20000
1525783454,9115.90000,9117.10000
1525804869,9208.00000,9210.00000
1525783457,9115.90000,9117.00000
1525783461,9115.90000,9116.00000
1525783462,9115.90000,9116.60000
1525783025,9093.00000,9093.20000
1525783464,9115.90000,9116.40000
1525783465,9115.90000,9116.30000
1525783467,9115.90000,9116.20000
1525783470,9115.90000,9116.10000
1525783472,9115.90000,9116.00000
1525783473,9115.90000,9116.10000
1525783475,9115.90000,9116.00000
1525783481,9115.00000,9115.90000
1525783485,9112.50000,9115.90000
1525783487,9112.50000,9115.00000
1525783491,9112.50000,9116.00000
1525783492,9112.50000,9114.90000
1525783496,9112.40000,9114.80000
1525783498,9112.40000,9114.70000
1525783500,9112.40000,9114.60000
1525783502,9112.40000,9114.50000
1525783505,9112.50000,9114.50000
1525783507,9112.50000,9114.60000
1525783508,9112.40000,9114.60000
1525783509,9112.40000,9114.50000
1525783513,9112.40000,9114.40000
1525783514,9112.50000,9114.40000
1525783515,9112.50000,9114.40000
1525783517,9112.50000,9114.30000
1525783520,9112.50000,9112.70000
1525783521,9112.40000,9112.70000
1525783523,9112.40000,9112.60000
1525771587,9309.00000,9309.90000
1525783530,9112.40000,9112.60000
1525783531,9112.50000,9112.60000
1525783532,9112.40000,9112.60000
1525783533,9112.50000,9112.60000
1525783534,9112.40000,9112.60000
1525783539,9112.40000,9112.50000
1525783541,9112.40000,9112.60000
1525783545,9112.40000,9112.50000
1525783546,9112.40000,9112.70000
1525783549,9112.40000,9113.20000
1525783550,9112.40000,9112.60000
1525783551,9112.40000,9112.60000
1525783552,9112.40000,9112.50000
1525783554,9112.40000,9112.60000
1525783555,9112.50000,9112.60000
1525783558,9112.50000,9113.20000
1525783563,9112.50000,9113.20000
1525783566,9112.50000,9114.40000
1525783567,9112.50000,9114.40000
1525783569,9112.60000,9114.40000
1525783570,9112.50000,9113.80000
1525783571,9112.40000,9113.80000
1525783573,9112.50000,9113.80000
1525783574,9112.40000,9114.40000
1525783575,9113.50000,9114.40000
1525783576,9112.60000,9114.40000
1525783578,9112.40000,9114.00000
1525783579,9112.40000,9113.90000
1525783580,9112.40000,9113.90000
1525783581,9112.90000,9113.90000
1525783584,9112.90000,9114.40000
1525783585,9112.40000,9113.90000
1525783586,9112.40000,9114.40000
1525783588,9112.90000,9114.40000
1525783591,9112.90000,9114.30000
1525783592,9112.40000,9114.30000
1525783593,9112.40000,9114.40000
1525783594,9112.90000,9114.40000
1525783595,9113.00000,9114.20000
1525783598,9113.00000,9113.90000
1525783599,9113.10000,9113.90000
1525783603,9114.30000,9114.40000
1525783627,9114.40000,9115.80000
1525783629,9114.50000,9115.00000
1525783630,9114.90000,9115.00000
1525783636,9115.00000,9115.80000
1525783642,9115.10000,9115.80000
1525783643,9116.20000,9116.30000
1525783645,9115.80000,9116.30000
1525783648,9115.90000,9116.30000
1525783649,9116.20000,9116.30000
1525799441,9131.00000,9132.00000
1525783667,9116.30000,9118.00000
1525783669,9116.20000,9118.00000
1525783670,9116.40000,9118.00000
1525783673,9116.50000,9118.00000
1525783675,9116.50000,9119.90000
1525783676,9118.00000,9119.90000
1525772138,9303.10000,9307.60000
1525783679,9119.80000,9120.00000
1525783702,9119.90000,9120.00000
1525783718,9119.90000,9121.00000
1525783721,9120.30000,9121.00000
1525783724,9120.90000,9121.00000
1525783741,9121.00000,9121.90000
1525783744,9121.90000,9125.50000
1525783745,9121.90000,9124.70000
1525783748,9125.40000,9125.50000
1525772150,9305.90000,9309.50000
1525783750,9125.50000,9127.30000
1525783753,9125.60000,9127.30000
1525783754,9127.30000,9132.90000
1525783757,9127.40000,9134.90000
1525783759,9127.40000,9132.80000
1525783760,9134.90000,9135.00000
1525783761,9132.90000,9135.00000
1525783762,9134.90000,9135.00000
1525783768,9135.00000,9141.60000
1525783769,9135.00000,9141.50000
1525783770,9135.00000,9141.50000
1525783771,9135.10000,9141.50000
1525783774,9135.10000,9141.50000
1525783776,9135.20000,9141.50000
1525783777,9140.80000,9141.40000
1525783782,9140.80000,9144.00000
1525783784,9144.00000,9146.10000
1525783785,9140.80000,9143.90000
1525783789,9140.80000,9147.10000
1525783791,9140.80000,9147.40000
1525783794,9140.80000,9147.00000
1525783795,9140.90000,9147.00000
1525783796,9144.90000,9147.00000
1525783801,9144.90000,9147.00000
1525783802,9144.90000,9147.00000
1525783804,9146.40000,9147.00000
1525783805,9146.40000,9146.70000
1525783806,9146.40000,9147.00000
1525783807,9146.40000,9146.90000
1525783809,9146.40000,9146.60000
1525783810,9146.50000,9146.60000
1525783811,9146.50000,9146.90000
1525783814,9146.50000,9149.00000
1525783815,9146.80000,9148.90000
1525783817,9146.90000,9148.90000
1525783822,9146.80000,9148.90000
1525783823,9146.80000,9148.70000
1525783824,9147.00000,9148.90000
1525783825,9147.00000,9148.70000
1525783826,9147.00000,9148.60000
1525783827,9147.00000,9148.70000
1525783828,9148.50000,9148.60000
1525783835,9148.50000,9148.70000
1525783840,9148.40000,9148.70000
1525783848,9145.60000,9148.70000
1525783849,9148.50000,9148.70000
1525783857,9148.50000,9148.60000
1525783858,9148.50000,9148.70000
1525783091,9090.10000,9094.40000
1525783863,9148.50000,9149.00000
1525783864,9145.60000,9149.00000
1525783865,9148.50000,9148.90000
1525783866,9148.50000,9149.00000
1525783879,9145.70000,9149.00000
1525783881,9145.80000,9149.00000
1525783883,9145.90000,9149.00000
1525783888,9146.00000,9149.00000
1525783891,9146.00000,9149.00000
1525783892,9146.00000,9148.30000
1525783894,9148.20000,9148.30000
1525783908,9145.00000,9148.30000
1525783911,9145.00000,9146.00000
1525783913,9144.20000,9146.00000
1525783915,9144.20000,9145.90000
1525783918,9144.20000,9145.10000
1525783919,9140.80000,9142.20000
1525783923,9125.50000,9135.00000
1525783927,9125.50000,9130.70000
1525783929,9126.30000,9130.50000
1525783930,9126.30000,9130.50000
1525783931,9126.30000,9129.20000
1525783932,9126.30000,9130.40000
1525783933,9126.40000,9129.20000
1525783934,9126.40000,9130.40000
1525783935,9126.40000,9128.90000
1525783938,9126.40000,9128.90000
1525783939,9126.40000,9126.60000
1525783942,9126.40000,9126.60000
1525783944,9126.50000,9126.60000
1525783945,9126.40000,9126.60000
1525783947,9126.50000,9126.60000
1525783949,9125.50000,9126.50000
1525783955,9125.60000,9126.60000
1525783957,9126.40000,9126.60000
1525783962,9126.50000,9126.60000
1525783968,9126.50000,9134.40000
1525783969,9126.50000,9130.30000
1525783970,9126.60000,9130.30000
1525783971,9126.50000,9130.30000
1525783972,9126.70000,9130.30000
1525783973,9126.70000,9134.40000
1525783974,9126.70000,9129.70000
1525783976,9125.50000,9134.40000
1525783977,9126.80000,9129.50000
1525783978,9125.60000,9129.50000
1525783979,9126.80000,9134.40000
1525783981,9126.80000,9134.30000
1525783982,9126.90000,9134.30000
1525783984,9126.90000,9131.70000
1525783988,9127.00000,9131.70000
1525783989,9127.10000,9134.30000
1525802722,9117.00000,9118.00000
1525783994,9127.10000,9134.40000
1525783995,9127.20000,9134.40000
1525783999,9127.30000,9134.40000
1525784003,9127.20000,9134.40000
1525774353,9308.30000,9316.00000
1525784006,9127.50000,9134.40000
1525772193,9304.10000,9309.30000
1525784011,9127.60000,9134.40000
1525784015,9127.70000,9134.40000
1525784019,9127.70000,9134.30000
1525784020,9127.20000,9134.30000
1525784026,9128.00000,9134.30000
1525784030,9128.10000,9134.30000
1525784031,9133.90000,9134.30000
1525784032,9134.10000,9134.30000
1525784033,9128.10000,9134.30000
1525784034,9134.20000,9134.30000
1525784035,9128.10000,9134.30000
1525784037,9134.20000,9134.30000
1525784038,9128.40000,9134.30000
1525784041,9133.80000,9134.30000
1525784042,9128.20000,9134.30000
1525784044,9133.90000,9134.30000
1525775575,9293.70000,9299.80000
1525784059,9134.00000,9134.30000
1525784065,9134.00000,9134.30000
1525784071,9134.10000,9134.30000
1525783127,9099.40000,9105.90000
1525784077,9134.00000,9134.30000
1525784084,9134.00000,9134.40000
1525784087,9134.10000,9134.40000
1525784093,9134.30000,9134.40000
1525784103,9134.30000,9136.30000
1525784105,9134.40000,9136.30000
1525784108,9134.50000,9136.30000
1525784110,9135.40000,9136.30000
1525784115,9136.20000,9136.30000
1525784120,9136.30000,9138.10000
1525784125,9136.40000,9138.10000
1525784127,9136.50000,9138.10000
1525784130,9136.60000,9138.10000
1525784132,9136.40000,9138.10000
1525784135,9137.90000,9138.10000
1525784137,9136.70000,9138.10000
1525784141,9136.20000,9138.10000
1525784147,9136.30000,9138.10000
1525784150,9137.90000,9138.10000
1525774921,9337.90000,9341.80000
1525784164,9136.30000,9138.10000
