time,price,volume,buy_or_sell,market_or_limit,misc
1525776384.1707,9302.70000,0.03890000,s,l,
1525776384.4432,9302.70000,0.00995680,s,l,
1525803228.3441,9108.10000,0.16583153,s,l,
1525776395.618,9310.00000,0.16656501,b,m,
1525780887.3037,9150.00000,0.00379518,s,m,
1525789054.0966,9140.20000,0.00605227,s,l,
1525778361.9107,9185.50000,1.00000000,s,l,
1525792792.8898,9150.40000,0.05464000,s,l,
1525760026.4476,9361.40000,0.00500000,b,m,
1525792797.121,9152.00000,0.00000070,b,l,
1525765161.9708,9337.50000,0.00964343,s,l,
1525800965.0905,9154.00000,0.00223579,b,l,
1525790909.6479,9110.20000,0.91523737,s,l,
1525775331.0966,9318.50000,0.43110000,s,m,
1525776427.7493,9303.00000,0.01711691,s,l,
1525770930.8487,9335.40000,0.13405438,s,l,
1525760047.1225,9361.60000,0.04891308,b,l,
1525782071.2572,9125.10000,0.18847971,b,m,
1525792820.0284,9155.50000,0.01929752,s,l,
1525776438.5884,9315.00000,0.80000000,b,m,
1525778408.7385,9196.10000,0.14039024,s,l,
1525760063.7497,9361.40000,0.00630000,b,l,
1525792834.8617,9156.10000,0.02310000,s,l,
1525792835.3734,9156.10000,0.01337846,s,l,
1525780980.8375,9110.00000,0.01021074,s,l,
1525773665.206,9324.90000,1.27822162,b,m,
1525756098.566,9368.00000,0.04049162,s,l,
1525792841.3212,9157.00000,0.00300000,b,m,
1525780887.0867,9170.00000,0.00200000,s,l,
1525767555.8899,9359.90000,0.04553325,b,l,
1525758571.0145,9330.90000,0.99611000,s,l,
1525773667.2196,9316.90000,0.08799465,s,m,
1525760088.8787,9362.00000,0.01700000,b,m,
1525789600.114,9167.30000,0.22749080,b,l,
1525792864.7631,9156.10000,0.00200000,s,m,
1525792920.874,9159.20000,0.77500000,b,m,
1525756099.8677,9368.00000,0.02600000,s,l,
1525776488.3555,9311.00000,0.10310000,s,l,
1525765658.5602,9361.90000,0.00640896,s,l,
1525780874.1092,9179.30000,0.00899557,b,l,
1525776493.4041,9312.00000,0.12500000,s,l,
1525776494.7639,9312.00000,0.05970000,s,l,
1525792879.2304,9156.10000,0.10000000,s,l,
1525773672.4263,9320.00000,0.33860000,b,l,
1525792883.3203,9156.10000,0.01390000,s,l,
1525776500.3666,9312.90000,0.09980000,s,l,
1525776501.5845,9312.90000,0.02510000,s,l,
1525776503.3661,9312.90000,0.09980000,s,l,
1525776508.0697,9312.90000,0.01910000,s,l,
1525776509.9166,9312.80000,0.20370000,s,l,
1525776512.5052,9312.80000,0.02980000,s,l,
1525760129.0918,9359.70000,0.03400000,b,l,
1525776514.7616,9312.80000,0.18370000,s,l,
1525781616.6805,9128.20000,0.01000000,b,m,
1525792900.1731,9160.00000,0.10000000,b,l,
1525784598.5288,9132.00000,0.18374107,b,l,
1525774611.7134,9348.00000,0.22467203,b,m,
1525768959.4607,9393.10000,0.02551347,s,m,
1525792906.9683,9159.20000,0.22500000,b,l,
1525776523.8264,9312.80000,0.06990000,s,l,
1525787330.9785,9125.60000,0.12831756,b,l,
1525770947.8449,9337.00000,0.20320000,s,l,
1525792916.8001,9157.80000,0.01310358,s,l,
1525792920.865,9156.30000,0.32078896,b,m,
1525754464.9045,9417.20000,0.00706423,s,m,
1525776543.655,9312.40000,0.01303120,s,l,
1525778215.388,9200.00000,0.20334051,s,m,
1525760164.7311,9359.40000,0.02018178,b,l,
1525776551.4181,9310.10000,0.00890041,s,l,
1525776552.4901,9310.10000,0.20380000,s,l,
1525776553.339,9312.00000,0.20380000,s,l,
1525776556.089,9312.00000,0.07190000,s,l,
1525776557.2374,9312.00000,0.07190000,s,l,
1525792797.1135,9150.70000,0.00237637,b,l,
1525776563.8269,9310.10000,0.01390000,s,l,
1525759375.3799,9305.80000,0.03096445,b,l,
1525780916.0969,9145.30000,0.88415998,b,l,
1525792961.0845,9150.00000,0.01000000,s,m,
1525756062.25,9380.00000,0.03000000,s,m,
1525787159.9577,9131.40000,0.03371195,b,l,
1525756098.5614,9368.00000,0.19000000,s,l,
1525792969.4658,9150.30000,0.19000000,s,l,
1525792971.5507,9150.00000,0.50000000,s,l,
1525792972.3241,9150.00000,2.40700000,s,l,
1525792973.9822,9150.00000,0.00460000,s,l,
1525792974.3168,9150.00000,2.96804895,s,l,
1525792340.5885,9149.70000,0.00808359,s,l,
1525781880.9023,9091.30000,0.11640000,s,l,
1525792978.5427,9149.30000,0.00546490,s,l,
1525768227.9807,9379.80000,0.00323300,b,m,
1525773689.1407,9319.80000,0.03218000,b,l,
1525768228.0065,9382.60000,0.00500000,b,m,
1525792987.2691,9135.20000,0.01000000,s,l,
1525776605.0577,9310.10000,0.10015686,s,l,
1525778215.5882,9196.50000,0.00243048,s,m,
1525770198.399,9387.20000,0.06000000,s,m,
1525771379.3861,9287.40000,0.00691500,s,m,
1525792999.0212,9138.50000,0.02500000,b,m,
1525782836.2729,9129.30000,0.21850000,b,l,
1525800999.776,9154.00000,0.00787479,b,l,
1525776621.4897,9314.90000,0.42859508,b,m,
1525793010.1487,9140.70000,0.00800000,s,l,
1525784617.5482,9132.40000,0.00000001,s,m,
1525781553.6596,9138.00000,0.06549697,b,l,
1525793018.6497,9146.20000,0.00307025,s,l,
1525764922.3407,9344.00000,0.99700705,s,l,
1525776427.7534,9302.90000,0.11418309,s,l,
1525806950.82,9208.60000,0.00249281,s,m,
1525781010.458,9090.70000,0.09746810,s,l,
1525793035.1611,9146.60000,0.00668826,b,l,
1525803255.5992,9100.10000,0.00145000,s,l,
1525793038.2454,9146.60000,0.00773593,b,l,
1525793040.6939,9146.60000,0.00448639,b,l,
1525793041.5066,9146.30000,0.01000000,s,m,
1525758287.7243,9342.30000,0.00647506,s,l,
1525781891.1469,9090.00000,0.30160000,b,l,
1525793045.171,9146.60000,0.00669366,b,l,
1525776662.5772,9314.80000,0.00477320,b,l,
1525773700.8958,9312.40000,0.01338330,s,m,
1525760047.1094,9355.30000,0.00637926,b,l,
1525779162.7593,9213.10000,0.03735101,s,l,
1525780967.4502,9119.90000,0.00022000,b,m,
1525776681.7296,9311.00000,0.03375498,s,l,
1525756098.5832,9368.00000,0.00418778,s,l,
1525776684.956,9311.00000,0.17572335,s,l,
1525758571.0096,9335.40000,1.00000000,s,l,
1525760302.5441,9355.30000,0.01400000,s,m,
1525776687.7825,9311.00000,0.00243215,s,l,
1525782400.5738,9132.90000,0.04914559,s,m,
1525776690.8687,9310.00000,0.15000000,s,m,
1525791022.2542,9135.00000,6.39000000,s,l,
1525793076.297,9143.50000,0.50000000,s,m,
1525773564.3078,9300.90000,0.01890000,b,l,
1525776694.3351,9310.00000,0.05332099,s,l,
1525759972.8637,9341.90000,0.00638867,b,m,
1525784727.5846,9140.00000,0.22864952,b,m,
1525781898.3451,9090.00000,0.07220960,b,l,
1525779805.2758,9212.20000,0.01813308,b,l,
1525771598.468,9312.80000,0.17182542,b,l,
1525778452.5683,9221.30000,0.03538173,b,m,
1525791020.1067,9120.10000,0.00800000,b,l,
1525776438.5919,9315.80000,0.20000000,b,m,
1525776038.344,9275.30000,1.79000000,s,m,
1525784631.1272,9134.90000,2.62000000,b,l,
1525793105.9424,9141.00000,0.00519043,s,l,
1525760344.47,9356.20000,0.01360000,s,l,
1525781412.7349,9083.70000,0.22774322,s,m,
1525793117.8076,9140.40000,0.05300000,s,m,
1525781087.068,9063.40000,0.33770406,s,m,
1525776737.5974,9310.10000,0.01303120,b,m,
1525778214.8352,9201.00000,0.10000000,s,m,
1525756653.8788,9387.20000,0.15032295,b,l,
1525793127.5478,9140.50000,0.20000000,s,l,
1525781118.2102,9069.90000,2.78501192,b,l,
1525776747.1183,9310.90000,0.10000000,b,m,
1525768253.2664,9377.30000,0.00925871,s,l,
1525786114.8915,9128.30000,0.09964161,s,m,
1525793140.7828,9140.60000,0.02660131,b,l,
1525784638.8669,9132.40000,0.00649912,b,l,
1525776758.9126,9310.00000,0.17655618,s,l,
1525779022.1793,9218.70000,0.44259902,b,m,
1525791000.6681,9119.80000,0.05000000,b,m,
1525756654.9829,9387.20000,0.15032295,b,l,
1525781087.1045,9056.10000,0.23110000,s,m,
1525780991.8117,9101.00000,0.10000000,s,l,
1525776774.8114,9319.30000,0.07034401,b,m,
1525793159.9208,9137.70000,0.10210410,s,l,
1525793160.5241,9137.70000,0.20760000,s,l,
1525800711.3822,9156.10000,0.35157277,b,m,
1525776781.7338,9319.30000,0.00489821,b,m,
1525786656.8733,9120.70000,1.23000000,b,l,
1525772926.9652,9250.00000,0.01016625,s,m,
1525792835.2917,9156.10000,0.02310000,s,l,
1525760404.3505,9355.10000,0.00374127,s,m,
1525793174.9202,9137.70000,0.20000000,s,m,
1525771407.4206,9288.00000,0.00000003,s,m,
1525793178.6688,9138.20000,0.01146263,b,l,
1525765161.9179,9338.10000,0.01153208,s,l,
1525776800.1583,9311.30000,0.00489821,s,m,
1525793185.6062,9134.10000,0.36416439,s,m,
1525779673.8557,9231.10000,0.37962170,b,l,
1525770993.9959,9344.90000,0.00200000,b,m,
1525773724.493,9309.40000,0.24810000,s,l,
1525777897.2605,9280.00000,0.21760000,b,l,
1525755341.2573,9417.30000,0.74480000,s,l,
1525764839.2401,9349.10000,0.10857448,b,l,
1525778116.4265,9259.00000,2.05600000,s,l,
1525779085.0688,9213.10000,1.00236567,s,m,
1525786700.3815,9124.00000,0.03099797,b,l,
1525806494.5164,9227.40000,1.00000000,b,m,
1525805883.1656,9220.00000,0.00495321,b,m,
1525781919.4901,9105.60000,0.00000218,s,l,
1525768266.3478,9377.40000,0.04553325,s,l,
1525772926.9541,9250.00000,0.08573219,s,m,
1525768728.1406,9379.30000,0.98310113,s,m,
1525783515.2055,9114.50000,0.00651234,b,m,
1525771329.4805,9278.00000,0.70000000,s,m,
1525803342.1794,9128.20000,0.00498449,b,m,
1525793228.5166,9139.00000,0.00382974,s,l,
1525756098.5811,9368.00000,0.02730000,s,l,
1525762658.1484,9328.70000,0.49264823,b,l,
1525793242.974,9136.70000,0.00001164,s,m,
1525793245.9171,9137.10000,0.00088996,s,l,
1525804667.7658,9222.30000,0.00680000,b,l,
1525760486.2375,9357.40000,0.06868676,b,m,
1525798599.6436,9135.00000,0.08710277,s,l,
1525793259.1881,9137.20000,0.05000000,s,l,
1525759183.118,9330.80000,0.46970000,b,l,
1525778215.6743,9190.10000,2.92300000,s,m,
1525771523.8918,9290.20000,1.49000000,s,m,
1525804169.2903,9217.80000,2.00000000,b,m,
1525772947.6997,9241.10000,0.03434557,s,m,
1525806950.8049,9220.00000,0.09039237,s,m,
1525791022.2665,9135.00000,6.08211778,s,l,
1525788730.3851,9131.00000,0.10206750,s,m,
1525760527.6285,9353.50000,0.00087541,s,m,
1525780980.8829,9110.00000,0.30661756,s,l,
1525793299.0782,9143.00000,0.30460000,b,l,
1525767696.4778,9360.00000,0.00469843,b,l,
1525803242.0674,9105.00000,0.06248677,s,l,
1525795588.2679,9154.80000,1.00000000,s,l,
1525780874.121,9180.20000,0.35575334,b,l,
1525793309.1732,9140.00000,0.05376503,b,m,
1525776926.6469,9306.70000,0.07408711,s,m,
1525795589.1062,9145.00000,0.28995544,b,l,
1525793315.408,9139.60000,0.00500000,b,m,
1525778736.9987,9224.10000,0.03349548,b,l,
1525793324.3258,9136.30000,0.00011808,s,m,
1525790130.8129,9132.00000,0.07201616,s,m,
1525753932.3298,9405.90000,0.00000413,s,l,
1525779208.5262,9216.20000,0.03240954,b,l,
1525795395.7071,9170.40000,0.00868265,s,m,
1525793333.4187,9126.10000,0.24390613,s,m,
1525781940.3735,9114.30000,0.04090000,b,l,
1525793340.4966,9139.70000,0.03510000,b,m,
1525793343.0729,9138.60000,1.00000000,s,m,
1525778215.2297,9200.00000,0.10000000,s,m,
1525792864.7609,9156.10000,0.03310000,s,m,
1525793346.0517,9134.90000,0.00343582,s,l,
1525793348.6696,9132.90000,0.00500000,s,l,
1525790134.8983,9133.00000,0.01657760,b,l,
1525793353.2728,9130.60000,0.01090000,s,l,
1525765559.1018,9360.00000,0.08154434,b,l,
1525776972.2549,9313.10000,0.00432367,b,l,
1525779213.4207,9216.20000,0.04873052,b,l,
1525793361.7273,9141.10000,0.03220000,b,m,
1525780995.2462,9101.00000,0.37710000,b,l,
1525765561.0529,9360.00000,0.00208169,b,l,
1525760600.3246,9353.50000,0.01380000,s,l,
1525768292.9967,9377.40000,0.01390000,s,l,
1525771023.2238,9337.40000,0.00500000,s,l,
1525781946.76,9114.30000,0.10971769,s,l,
1525779216.4232,9216.30000,0.01812156,b,l,
1525797884.8303,9144.50000,0.12983043,s,l,
1525798599.7084,9135.00000,0.21990000,s,l,
1525795330.5367,9183.40000,2.52300000,b,m,
1525777003.9796,9308.00000,0.06238290,s,l,
1525777006.1212,9308.00000,0.19545174,s,l,
1525786668.5847,9122.10000,0.19051316,s,l,
1525772233.0467,9302.50000,0.10000000,s,l,
1525803988.5538,9166.60000,1.80609548,s,l,
1525777012.7313,9306.70000,0.19462758,s,l,
1525765566.2262,9360.00000,0.00348488,b,l,
1525797598.955,9150.10000,2.53300000,b,l,
1525771028.7473,9337.40000,0.06910579,s,m,
1525765567.6239,9360.00000,0.01023406,b,l,
1525804148.2162,9196.00000,0.00358600,b,m,
1525795605.7852,9155.10000,0.16940975,b,l,
1525793414.8093,9134.40000,0.30022382,b,l,
1525806529.7964,9228.20000,2.17741257,b,l,
1525793419.4879,9129.40000,0.01090000,b,l,
1525790146.4163,9133.00000,1.13342240,b,l,
1525793422.4597,9129.40000,0.01090000,b,l,
1525777039.2166,9307.00000,0.01269129,s,l,
1525780827.7106,9201.10000,0.03300000,s,m,
1525779224.7461,9217.10000,0.39090000,s,m,
1525789600.1454,9169.30000,2.18500000,b,l,
1525795609.8845,9155.10000,0.43970850,b,l,
1525783057.8329,9093.00000,0.00409845,s,m,
1525780898.3428,9145.60000,0.29913973,b,l,
1525786124.5078,9128.40000,1.00000000,s,m,
1525764847.3236,9349.10000,0.12370000,b,l,
1525781214.5378,9093.20000,1.00000000,s,l,
1525777057.5051,9306.80000,0.21400000,b,l,
1525795611.6008,9158.80000,0.06324378,b,m,
1525793444.4318,9128.80000,0.00300000,b,l,
1525771349.1542,9269.00000,0.03505463,s,m,
1525777063.5456,9306.70000,0.00121972,s,m,
1525778154.1915,9231.00000,0.19784817,s,l,
1525756664.8273,9387.20000,0.00201936,b,l,
1525793454.7333,9127.40000,0.01008324,b,l,
1525760687.937,9353.50000,0.02500000,s,l,
1525773768.5713,9307.70000,0.02020000,b,l,
1525776499.9744,9312.90000,0.20030000,s,l,
1525777077.4832,9306.70000,0.15958508,s,m,
1525790153.3076,9132.90000,0.00700000,b,m,
1525793466.0883,9125.20000,0.00308579,b,l,
1525781215.7942,9098.30000,0.00200000,b,l,
1525781748.3914,9100.40000,0.11710000,s,m,
1525768364.755,9385.60000,0.00556700,b,l,
1525757387.6041,9375.40000,0.00439283,s,m,
1525780887.174,9151.40000,0.19823536,s,l,
1525779234.6055,9222.90000,0.12520000,s,l,
1525755241.6381,9422.90000,0.00590124,b,m,
1525771513.6131,9295.20000,0.46370000,s,m,
1525765582.7562,9360.00000,0.01525147,b,l,
1525784697.5242,9135.20000,0.00374622,b,l,
1525789600.1617,9173.50000,2.30000000,b,l,
1525760730.9526,9353.50000,0.12494127,s,l,
1525803228.3278,9108.10000,0.00300000,s,l,
1525788229.3801,9123.70000,0.19425000,b,l,
1525793506.261,9128.20000,0.00211389,b,m,
1525760740.0935,9353.60000,0.44597597,b,l,
1525774590.9964,9334.00000,0.87515044,b,l,
1525756216.642,9358.20000,0.00374003,s,l,
1525777130.5011,9309.50000,1.00000000,b,l,
1525779239.9859,9223.00000,0.01760000,s,l,
1525777133.7722,9306.30000,0.11002760,s,l,
1525778215.7515,9180.00000,0.11000000,s,m,
1525771269.9076,9313.00000,3.00000000,s,l,
1525783892.0134,9149.00000,0.10000000,b,m,
1525768764.4027,9392.60000,1.35276804,b,m,
1525791037.2291,9119.60000,0.01600000,s,m,
1525782308.4471,9147.90000,0.00000519,b,m,
1525778475.3089,9228.10000,0.17820163,b,l,
1525806548.4227,9239.00000,0.01000000,b,m,
1525780984.7403,9105.00000,6.85547033,s,l,
1525782800.525,9129.40000,0.10172143,b,l,
1525778649.5607,9221.40000,0.00220000,b,m,
1525803228.3473,9108.10000,0.09015989,s,l,
1525776512.6435,9312.80000,0.20370000,s,l,
1525781312.1416,9092.50000,0.00400000,s,m,
1525777161.0345,9292.50000,0.27073558,b,l,
1525800402.6236,9153.00000,0.00200000,b,l,
1525793547.4922,9134.40000,0.52011004,b,l,
1525776514.3367,9327.00000,0.88918551,b,m,
1525793550.3713,9139.20000,0.01316919,s,l,
1525781976.9762,9114.30000,0.06978784,b,m,
1525781127.7963,9085.90000,1.40936078,b,l,
1525772997.8781,9251.60000,0.00881444,s,m,
1525793560.8152,9139.30000,0.00400000,b,m,
1525792900.1656,9158.00000,0.00117000,b,l,
1525798813.8951,9127.80000,0.00442700,s,l,
1525767204.0282,9357.00000,0.77476093,s,m,
1525771398.4271,9290.00000,0.21640282,b,m,
1525753940.7792,9406.00000,0.00418219,b,l,
1525804132.281,9185.00000,0.39000000,b,m,
1525790036.0324,9125.10000,0.74403158,s,m,
1525772926.9373,9250.00000,0.08106073,s,m,
1525760809.5631,9360.90000,0.00780168,b,l,
1525800859.2482,9154.00000,0.00200000,b,l,
1525771329.4516,9278.30000,0.03105107,s,m,
1525783401.3038,9120.00000,0.01500000,s,l,
1525787443.3876,9125.60000,0.07286526,b,l,
1525758210.9169,9333.00000,0.00100000,s,m,
1525793590.5495,9145.00000,0.00200000,b,l,
1525760824.5145,9358.80000,0.00811757,b,l,
1525777209.6255,9295.00000,0.00545637,b,l,
1525756653.8642,9387.00000,0.03150279,b,l,
1525775218.4686,9334.40000,0.00374953,b,l,
1525793599.9769,9145.00000,0.00600000,b,l,
1525760832.4618,9360.80000,0.00202774,b,l,
1525777218.5274,9296.20000,0.00513133,b,m,
1525803830.6959,9160.00000,0.23000000,b,l,
1525800711.379,9154.90000,1.00000000,b,m,
1525760843.1835,9358.40000,0.01914247,b,m,
1525760844.5023,9358.40000,0.05000000,b,l,
1525793613.1753,9145.00000,0.19200000,b,l,
1525777231.0339,9294.40000,3.80000000,s,l,
1525777235.9725,9295.90000,0.00513133,s,m,
1525793622.6881,9149.00000,0.02610000,s,l,
1525779257.0789,9232.00000,0.08815161,b,m,
1525780893.6747,9145.00000,0.03526760,s,m,
1525804148.1479,9190.00000,0.33151275,b,m,
1525765605.303,9360.00000,0.00234637,b,l,
1525759972.8979,9356.90000,0.00600000,b,m,
1525786124.5244,9121.60000,1.00000000,s,m,
1525793638.1661,9149.00000,0.07873066,s,l,
1525804818.3776,9207.60000,0.00017708,s,m,
1525776085.0417,9300.00000,0.69647600,b,m,
1525793646.3017,9149.00000,0.00200000,b,l,
1525765608.3949,9360.00000,0.00057050,b,l,
1525793650.9457,9149.00000,0.00170000,b,l,
1525805226.8602,9200.50000,0.50000000,s,m,
1525792639.4404,9149.80000,0.10535105,b,l,
1525784724.1783,9140.00000,0.18788507,b,l,
1525777275.9332,9295.00000,1.00000000,s,l,
1525782858.5645,9128.10000,0.88500000,s,l,
1525777280.6162,9295.00000,0.24845780,b,l,
1525781087.1689,9052.00000,0.05000000,s,m,
1525777288.7447,9294.60000,0.02582621,b,l,
1525781996.4178,9113.90000,0.18883330,s,m,
1525784727.5928,9140.40000,1.07044257,b,m,
1525779266.3533,9235.10000,0.20120000,b,m,
1525792920.8712,9156.90000,4.74815562,b,m,
1525779267.5524,9230.70000,0.04930000,s,l,
1525765614.7016,9362.00000,0.10969573,b,l,
1525804586.7072,9252.80000,0.07285796,b,m,
1525753944.2117,9406.00000,0.00000146,b,l,
1525803844.3785,9166.70000,0.10000000,b,m,
1525778367.2415,9188.00000,0.97900622,b,m,
1525782400.5522,9147.00000,0.27167000,s,m,
1525772926.9009,9250.00000,0.02500000,s,m,
1525788078.3482,9116.30000,0.00435934,s,l,
1525760932.0676,9360.10000,0.00299132,b,l,
1525787462.9754,9125.50000,0.01999411,b,l,
1525778495.7931,9229.90000,0.11895616,b,l,
1525777322.5901,9294.50000,0.06223598,b,l,
1525777325.36,9294.50000,0.02606238,b,l,
1525780959.7894,9123.00000,0.93250000,s,l,
1525780995.0717,9100.00000,0.01192830,s,l,
1525793715.0416,9148.70000,0.00200000,b,l,
1525784734.8556,9140.40000,4.91955743,b,l,
1525793719.9013,9148.60000,0.15966271,b,m,
1525776543.6509,9312.90000,0.00696880,s,l,
1525771289.188,9300.20000,0.06451474,s,m,
1525793725.546,9148.60000,0.00200000,b,l,
1525782005.3255,9111.20000,0.00300000,s,l,
1525808502.3172,9211.70000,0.19000000,s,l,
1525777351.9469,9294.50000,0.00200000,s,l,
1525781412.7034,9088.20000,0.00500000,s,m,
1525793738.234,9147.00000,0.00495078,s,l,
1525782007.3385,9111.20000,0.00500000,s,l,
1525801122.8282,9153.90000,0.00648722,b,l,
1525758008.2505,9365.00000,0.00100000,s,m,
1525780980.8402,9110.00000,0.13303734,s,l,
1525756098.5746,9368.00000,0.02820000,s,l,
1525779042.8041,9213.30000,0.01874188,b,m,
1525786680.2807,9124.00000,0.74076316,b,l,
1525782010.5343,9111.30000,0.00363117,b,l,
1525793760.605,9148.60000,0.02850000,b,m,
1525765627.5146,9362.00000,0.01019642,b,l,
1525777381.733,9294.50000,0.01050000,b,l,
1525803857.9727,9159.70000,0.97900622,s,l,
1525771928.9352,9300.70000,0.01941208,s,l,
1525777387.2314,9294.50000,0.06500000,b,l,
1525782013.7441,9114.10000,0.03240000,s,l,
1525793779.1663,9147.10000,0.01123151,s,l,
1525777396.5848,9294.50000,0.00600000,b,l,
1525793783.7981,9148.40000,0.00200000,b,l,
1525790389.5667,9133.70000,0.08917921,s,l,
1525777402.6068,9295.00000,0.07854107,b,m,
1525765631.3234,9362.00000,0.02012864,b,l,
1525803861.8424,9166.50000,0.10000000,b,m,
1525804169.2586,9213.50000,1.58937676,b,m,
1525770860.5581,9331.00000,0.24110000,s,l,
1525777411.6088,9295.00000,0.10341758,b,l,
1525803279.906,9056.50000,0.52200000,s,m,
1525768364.725,9381.80000,0.10410000,b,l,
1525784724.2053,9140.00000,0.18246762,b,l,
1525793808.634,9144.60000,0.01800000,b,l,
1525779288.1663,9243.10000,1.26070993,b,m,
1525765636.5531,9362.00000,0.01389833,b,l,
1525793818.2674,9144.40000,0.01312279,s,l,
1525793821.969,9144.60000,0.00100809,b,l,
1525793822.6803,9144.50000,0.00015537,s,l,
1525784752.3526,9141.10000,0.01140000,b,l,
1525793827.4659,9144.50000,0.58648498,s,m,
1525791110.2759,9118.60000,0.11300000,b,l,
1525768369.7455,9385.50000,0.10410000,b,l,
1525762908.8086,9331.50000,0.01910000,b,l,
1525771407.4166,9288.00000,0.00434869,s,m,
1525761072.8892,9362.00000,0.20250000,b,l,
1525793841.7488,9148.60000,0.00200000,b,l,
1525776563.8474,9310.10000,0.00870000,s,l,
1525793844.375,9148.50000,0.00200000,b,l,
1525785592.6523,9154.20000,0.02616819,b,m,
1525793847.2279,9148.40000,0.20970000,b,l,
1525762911.8785,9331.50000,0.00000429,b,l,
1525793855.767,9148.70000,0.00300000,b,l,
1525764861.1412,9349.10000,0.08235684,b,l,
1525761093.3156,9362.00000,0.01331191,b,l,
1525761095.8085,9362.00000,0.00700936,b,l,
1525782028.4375,9115.00000,0.15668799,b,l,
1525804169.3305,9220.00000,0.10000000,b,m,
1525798617.8872,9118.30000,0.16930000,s,m,
1525781121.1002,9066.80000,0.19002242,s,l,
1525780980.8749,9110.00000,0.01019804,s,l,
1525761108.4354,9362.00000,0.04233358,b,l,
1525761112.4876,9362.00000,0.00857477,b,l,
1525777499.6996,9294.70000,0.05937543,b,l,
1525778501.093,9229.60000,0.01376000,b,l,
1525793887.8256,9148.30000,0.00741166,b,l,
1525804169.197,9200.00000,1.00000000,b,m,
1525761122.2827,9362.00000,0.04420000,b,l,
1525771110.2646,9337.70000,0.00800000,s,m,
1525805234.4035,9205.00000,0.02000000,s,l,
1525798599.7392,9135.00000,0.20523237,s,l,
1525758210.9303,9330.30000,0.01000000,s,m,
1525761131.0429,9361.80000,0.01812476,s,l,
1525772947.7533,9240.00000,0.15218620,s,m,
1525777525.1135,9294.90000,0.11221962,b,l,
1525779305.8507,9235.80000,0.03280000,s,l,
1525779306.5943,9232.80000,0.05822800,s,l,
1525767824.5956,9372.10000,0.00292635,b,m,
1525790229.3177,9132.80000,0.00547477,s,l,
1525781230.4298,9093.50000,0.25000000,s,m,
1525793922.4552,9148.50000,0.00290000,b,l,
1525782038.8662,9117.10000,0.09998374,s,l,
1525776577.6905,9315.00000,0.01200000,b,m,
1525787777.0224,9116.80000,0.00003134,s,m,
1525761161.5465,9353.80000,0.00200000,s,l,
1525786686.9567,9124.00000,0.01016740,b,l,
1525778214.7798,9202.00000,0.10000000,s,m,
1525804148.1695,9190.00000,0.01781318,b,m,
1525761173.4665,9353.90000,0.08948348,b,l,
1525783753.0718,9127.30000,0.15588592,b,l,
1525790233.3083,9132.90000,0.33125804,b,l,
1525761179.5828,9353.90000,0.02037031,b,l,
1525765658.5769,9355.30000,0.00341967,s,l,
1525781059.7699,9070.00000,0.77616678,s,l,
1525772502.28,9287.60000,0.40000000,s,m,
1525782515.3223,9113.30000,0.00800000,b,l,
1525768764.3841,9386.40000,0.22980000,b,m,
1525771411.4013,9291.50000,0.04053342,b,l,
1525768764.3807,9379.40000,0.02945841,b,m,
1525761192.1221,9353.90000,0.02194290,b,l,
1525761193.9171,9354.00000,0.00414666,b,l,
1525762658.1437,9328.30000,0.00000001,b,l,
1525761196.8315,9355.90000,0.02316655,b,l,
1525756023.7695,9387.10000,0.00732801,s,l,
1525761199.6854,9353.90000,0.00600000,s,l,
1525780939.333,9133.20000,0.04629110,b,l,
1525777587.7172,9291.30000,0.06090000,s,l,
1525804691.8869,9226.00000,0.01903177,b,l,
1525761205.9591,9354.00000,0.00200000,b,l,
1525777593.6544,9294.90000,0.00200000,b,l,
1525779460.4536,9232.20000,0.00464303,s,l,
1525776514.3339,9326.90000,0.30580000,b,m,
1525764839.3893,9349.10000,0.08917921,b,l,
1525806624.6082,9240.60000,0.16750000,s,l,
1525762934.6213,9335.30000,0.21050000,b,m,
1525768854.2237,9399.50000,1.50000000,b,m,
1525761227.5726,9354.00000,0.00374171,b,l,
1525778558.3762,9225.60000,0.00000049,s,l,
1525779320.5672,9231.10000,0.20550000,s,l,
1525767048.3414,9362.00000,0.21726900,b,l,
1525777620.3265,9291.20000,0.00335550,s,l,
1525803268.9866,9088.10000,0.47657000,s,m,
1525780996.087,9100.00000,0.10000000,s,l,
1525761240.2679,9353.90000,0.00534536,s,l,
1525761241.7961,9353.80000,0.03082686,b,m,
1525771413.6281,9295.20000,0.00100000,b,m,
1525784784.0873,9142.20000,0.00000519,b,l,
1525758469.3881,9337.30000,1.00000000,s,l,
1525790246.0516,9132.90000,0.88074196,b,m,
1525794022.9572,9145.30000,0.23990000,s,l,
1525794027.3101,9145.30000,0.00005170,s,l,
1525784724.1486,9140.00000,0.09639333,b,l,
1525761261.4663,9353.80000,0.20000000,b,l,
1525794030.5962,9145.40000,0.00659646,s,l,
1525767458.5256,9358.30000,0.00419938,b,l,
1525804693.6104,9225.90000,1.00000000,b,l,
1525794033.1551,9145.40000,0.00729852,s,l,
1525794035.3129,9145.40000,0.22420502,s,l,
1525764867.7971,9349.10000,0.08825444,b,l,
1525802753.8035,9118.00000,0.47160000,b,l,
1525794046.0388,9145.40000,0.01479784,b,l,
1525784789.8199,9144.10000,0.24988864,b,l,
1525778977.2433,9200.00000,0.00251803,b,l,
1525804148.2076,9194.80000,0.00368602,b,m,
1525782059.9953,9121.80000,0.06059259,b,m,
1525777668.6658,9285.80000,0.27557024,b,l,
1525784790.6014,9144.00000,1.00000000,s,l,
1525777671.2881,9285.10000,0.00394299,s,m,
1525794060.056,9140.10000,0.42495588,s,m,
1525804525.4572,9236.00000,0.05000000,b,m,
1525777680.5672,9285.10000,0.00800000,s,l,
1525761298.7447,9342.60000,0.00700000,s,l,
1525782326.3553,9147.90000,0.92372104,b,l,
1525784793.3318,9142.10000,0.19178143,s,l,
1525790944.7897,9110.30000,0.00980911,b,l,
1525803909.689,9166.40000,0.03000000,b,l,
1525777696.466,9285.80000,0.11724302,b,l,
1525782064.07,9121.80000,0.50940741,b,m,
1525777698.1367,9282.20000,0.11480000,s,l,
1525803910.7234,9166.30000,1.00000000,s,l,
1525777702.5655,9285.80000,0.06905316,b,l,
1525789504.2761,9172.00000,0.00507150,b,m,
1525761327.942,9342.90000,0.03270000,b,l,
1525757231.9194,9377.30000,0.04049339,s,l,
1525761330.2161,9345.00000,0.05780000,b,m,
1525761688.1123,9320.30000,0.01802566,s,m,
1525761333.5642,9341.90000,0.00064823,s,l,
1525765684.7296,9362.00000,1.00000000,b,l,
1525761338.2161,9341.90000,0.34169725,s,m,
1525778588.7587,9224.40000,0.00510000,s,l,
1525772947.6781,9241.10000,0.15763968,s,m,
1525773878.1021,9301.50000,0.00523700,s,m,
1525805787.8542,9227.50000,0.00350000,b,m,
1525768417.758,9385.60000,0.00000507,b,l,
1525803916.7204,9166.40000,0.08302421,b,l,
1525776038.3506,9273.60000,0.11619082,s,m,
1525782071.2532,9119.40000,0.01966534,b,m,
1525794124.7519,9145.60000,0.06100000,s,l,
1525788190.4946,9118.30000,0.17784279,b,l,
1525794127.6134,9149.00000,0.00315865,b,m,
1525768419.8234,9385.50000,0.00009383,s,l,
1525804429.0815,9216.60000,0.00000116,b,m,
1525777275.9235,9295.00000,0.20000000,s,l,
1525794144.9161,9149.00000,0.04765347,b,l,
1525777763.2249,9284.10000,0.13500000,s,l,
1525804557.1528,9235.90000,0.02000000,s,m,
1525777772.8391,9284.50000,0.02870000,b,l,
1525777773.8275,9284.50000,0.00530000,b,l,
1525772965.7239,9254.40000,0.00250000,b,l,
1525782079.4606,9119.70000,0.00030558,s,l,
1525762658.1518,9328.70000,0.18235177,b,l,
1525803091.9346,9115.70000,0.08423205,s,m,
1525761409.2626,9339.70000,0.01200000,s,l,
1525777794.1598,9281.10000,0.00400000,b,l,
1525777795.228,9281.10000,0.00128776,b,l,
1525779350.2885,9232.00000,0.18900000,s,l,
1525795969.0776,9168.20000,0.37608827,b,l,
1525806684.5367,9241.60000,0.00222000,s,l,
1525774589.8658,9330.20000,0.46348843,b,l,
1525791020.1281,9123.50000,6.64000000,b,l,
1525776621.4818,9314.90000,0.00995578,b,m,
1525772510.0365,9287.50000,0.20000000,s,m,
1525794194.1462,9149.00000,0.00315918,b,m,
1525773891.612,9300.00000,0.00440000,s,l,
1525777813.7612,9280.10000,0.04370000,b,l,
1525777814.1531,9280.10000,0.28000000,b,l,
1525781785.4361,9102.90000,0.00430000,b,l,
1525777824.1406,9280.00000,0.01190000,s,l,
1525771513.6188,9295.10000,1.00000000,s,m,
1525781079.0935,9065.50000,0.00479004,s,m,
1525777831.73,9272.90000,0.76750000,s,l,
1525781343.7807,9090.80000,0.00873955,b,l,
1525781240.0209,9093.40000,0.10000000,s,m,
1525803933.8771,9166.60000,0.01290000,b,l,
1525803988.5639,9166.40000,1.77711914,s,l,
1525806664.0464,9241.40000,0.22467203,s,l,
1525776038.2933,9282.50000,0.00517470,s,m,
1525796516.3016,9158.10000,0.77611500,b,m,
1525761467.393,9339.60000,0.30623207,b,l,
1525773057.0652,9289.10000,0.89137000,b,l,
1525781127.8124,9090.20000,3.60000000,b,l,
1525777855.3036,9272.10000,0.01513128,s,m,
1525761472.8947,9339.70000,0.13789469,b,l,
1525754744.7326,9426.40000,0.02874552,b,m,
1525778215.5617,9199.00000,0.00490000,s,m,
1525761479.926,9339.70000,0.02961488,b,l,
1525761480.1354,9339.70000,0.01435811,b,l,
1525806668.7267,9243.00000,0.10000000,b,l,
1525792900.1764,9160.00000,0.10000000,b,l,
1525759964.18,9343.90000,2.01461887,b,l,
1525777872.9769,9273.50000,0.00626755,s,m,
1525761131.0391,9361.90000,0.21974680,s,l,
1525800336.9189,9153.00000,0.10798734,b,l,
1525776926.6486,9306.70000,0.00005132,s,m,
1525756098.5681,9368.00000,0.10352340,s,l,
1525806670.4894,9241.40000,0.00220645,s,l,
1525806670.2349,9245.00000,0.06950000,s,l,
1525798599.7042,9135.00000,0.03370000,s,l,
1525794268.4501,9148.90000,0.00300000,s,l,
1525794272.1049,9150.00000,0.20000000,b,l,
1525773904.8872,9298.80000,0.00727430,s,l,
1525774695.6015,9340.10000,0.01924802,s,l,
1525761512.8727,9339.50000,0.04996053,b,m,
1525777897.2246,9273.80000,0.00452829,b,l,
1525803255.6148,9100.00000,0.06731084,s,l,
1525777900.6972,9273.60000,0.00539165,s,l,
1525761517.2545,9334.00000,0.00200000,s,l,
1525771422.6528,9295.20000,0.00661514,b,l,
1525794290.8608,9154.90000,0.00900000,b,l,
1525778215.6072,9196.30000,0.00200000,s,m,
1525794292.1332,9154.80000,0.00008392,s,m,
1525761525.7379,9334.20000,0.01466891,b,l,
1525786397.6153,9107.90000,2.51000000,b,l,
1525761531.259,9333.80000,0.01886918,b,l,
1525804169.2409,9213.40000,0.02837676,b,m,
1525771349.0697,9275.00000,0.63524131,s,m,
1525761540.566,9336.10000,0.04140000,b,l,
1525789937.294,9128.70000,0.13577724,s,l,
1525803279.8398,9080.00000,0.02000000,s,l,
1525777930.712,9273.00000,0.04802844,b,m,
1525773911.0455,9298.90000,0.11100000,b,l,
1525768227.9688,9378.00000,0.00533890,b,m,
1525756653.872,9387.10000,0.23260000,b,l,
1525761554.2338,9335.80000,0.00213640,b,m,
1525780953.287,9130.00000,0.01750000,s,l,
1525758211.0454,9325.10000,0.01000000,s,m,
1525765161.9345,9337.50000,0.14719199,s,l,
1525794335.5274,9154.80000,0.00400000,s,m,
1525771184.3796,9338.00000,1.54784118,b,l,
1525780990.6241,9104.80000,0.01730000,b,l,
1525761571.3615,9337.60000,0.00213022,b,l,
1525800412.5786,9154.00000,0.12736033,b,l,
1525794343.208,9154.80000,0.00200000,s,l,
1525806684.5419,9241.60000,0.00252000,s,l,
1525804158.8333,9190.00000,0.00077516,s,l,
1525778170.9441,9222.50000,0.01000000,b,m,
1525794352.2567,9154.80000,0.00335813,s,l,
1525780887.3359,9150.00000,0.20000000,s,m,
1525784538.9381,9133.00000,0.02500000,b,l,
1525768458.6328,9385.50000,0.00010301,s,l,
1525778517.4058,9221.80000,0.00299519,s,l,
1525794368.4828,9154.90000,0.49100000,b,l,
1525791065.4394,9119.60000,0.00763583,s,l,
1525793035.1535,9146.50000,0.00577852,b,l,
1525759972.9048,9356.90000,0.04287704,b,m,
1525795330.5327,9181.50000,1.80000000,b,m,
1525783973.826,9134.40000,0.08942793,b,m,
1525787575.0761,9120.00000,0.00100000,s,m,
1525783748.2826,9124.70000,0.66400100,b,l,
1525793038.237,9146.40000,0.00200000,b,l,
1525780916.3966,9138.70000,0.13357255,s,m,
1525778011.0149,9271.20000,0.00539305,s,l,
1525791066.7259,9119.60000,0.00000019,s,m,
1525794885.2122,9170.00000,0.00800000,b,l,
1525778015.1375,9271.20000,0.00060695,b,l,
1525761632.286,9340.10000,1.00000000,s,l,
1525768698.3224,9379.00000,0.10000000,s,l,
1525794402.8615,9155.10000,0.03674333,s,m,
1525785065.3737,9160.30000,0.00031750,s,l,
1525772807.5888,9285.60000,0.00863000,s,l,
1525771349.173,9269.00000,0.25729358,s,m,
1525782883.8996,9120.00000,0.30724320,b,l,
1525778215.9005,9177.00000,0.08779079,s,m,
1525789430.2798,9147.00000,0.00286096,b,l,
1525774662.8565,9338.70000,0.05639034,b,l,
1525780996.0816,9100.00000,0.34065000,s,l,
1525804706.2704,9226.00000,0.10000000,b,m,
1525807805.9612,9230.00000,0.04000000,b,m,
1525761663.9956,9334.20000,0.04150000,b,l,
1525794432.5052,9159.70000,0.02500000,b,m,
1525761665.2038,9334.20000,0.16280000,b,l,
1525773665.1926,9324.40000,0.33958431,b,m,
1525784084.2626,9134.30000,0.00463220,b,m,
1525794445.042,9159.60000,0.07711035,s,l,
1525794448.7736,9159.60000,0.05000000,s,l,
1525804148.1632,9190.00000,0.08235684,b,m,
1525795779.5807,9172.90000,0.60592544,b,l,
1525781001.2827,9089.00000,0.03200000,b,m,
1525761688.1157,9320.30000,0.98197434,s,m,
1525778080.6082,9271.10000,0.00824795,s,l,
1525781106.5541,9066.90000,0.14019834,b,l,
1525780991.9207,9100.00000,1.81309865,s,m,
1525778086.7797,9271.10000,0.36024720,b,l,
1525778091.3525,9271.10000,0.00614160,s,l,
1525761711.1155,9334.30000,0.04150000,b,l,
1525773939.4303,9287.70000,0.16980000,b,m,
1525778101.0489,9271.10000,0.30190767,s,l,
1525780991.8713,9100.00000,0.02470604,s,m,
1525759972.8684,9341.90000,0.00000511,b,m,
1525778112.7219,9260.10000,0.69686849,s,l,
1525778113.2861,9260.00000,1.16501497,s,l,
1525778114.7167,9259.10000,0.25100000,s,l,
1525778115.3465,9266.00000,0.05000000,b,l,
1525778116.8954,9258.70000,0.21090214,s,m,
1525778118.8847,9258.70000,1.63919614,s,l,
1525778119.9093,9257.00000,0.00387700,s,m,
1525794343.2108,9154.80000,0.01328729,s,l,
1525778122.0547,9240.20000,1.07102050,s,l,
1525778123.0435,9240.20000,0.20000000,s,m,
1525778124.3824,9240.20000,1.59800000,s,l,
1525778125.2578,9250.20000,0.19151900,b,l,
1525768227.9972,9382.60000,0.30000000,b,m,
1525778918.1718,9199.20000,1.00774930,s,l,
1525778129.2759,9240.30000,0.16667604,b,l,
1525761747.423,9331.00000,0.04150000,b,l,
1525778132.7844,9240.30000,0.08430000,b,l,
1525803618.3878,9158.00000,0.20000000,b,m,
1525778135.1238,9240.30000,0.22500000,b,l,
1525778136.5993,9240.20000,0.50000000,s,l,
1525778137.4756,9240.30000,0.10860000,b,l,
1525778138.1936,9240.30000,0.20535581,b,l,
1525794523.5128,9173.00000,0.80000000,s,l,
1525776340.4726,9302.70000,0.00995578,s,l,
1525794525.8825,9171.10000,0.00470000,b,l,
1525781121.0818,9070.10000,0.00611277,s,l,
1525778143.1627,9235.10000,0.22170000,s,l,
1525778215.8746,9177.00000,0.20000000,s,m,
1525787600.7876,9119.00000,0.00159000,s,m,
1525778146.7353,9235.10000,0.50000000,s,l,
1525778148.9995,9235.10000,0.27830000,s,l,
1525778149.1934,9235.00000,0.37662170,s,l,
1525778150.3393,9235.00000,0.20000000,s,m,
1525787601.744,9120.10000,0.00383767,b,l,
1525778152.5223,9231.00000,0.05000000,s,l,
1525778154.2102,9231.00000,0.05671995,s,l,
1525778155.4745,9225.00000,0.10000000,s,l,
1525768989.459,9393.10000,0.00009334,s,m,
1525761776.8322,9330.60000,0.09391825,b,l,
1525778161.3495,9221.50000,0.06070194,s,l,
1525771219.4175,9336.60000,1.00000000,b,m,
1525804633.6712,9230.40000,0.77470000,s,l,
1525794550.5149,9170.40000,0.19180826,s,m,
1525768489.5695,9389.70000,0.01041953,b,l,
1525778168.1899,9222.50000,0.00378804,b,l,
1525803988.5819,9166.40000,0.40541665,s,l,
1525778170.8748,9220.00000,0.00074729,s,m,
1525794557.1445,9170.10000,0.11980000,b,l,
1525794558.3553,9170.10000,0.00000004,b,l,
1525778591.5247,9230.50000,0.00154898,b,m,
1525778176.529,9220.00000,0.10000000,s,l,
1525778179.7826,9218.30000,0.00895218,b,l,
1525778180.4051,9215.00000,0.20000000,b,m,
1525778181.1264,9215.00000,1.19151900,b,l,
1525755241.6439,9422.90000,0.00470604,b,m,
1525807456.2938,9223.30000,0.02112643,b,l,
1525772699.5851,9285.30000,0.13282967,s,l,
1525803991.7454,9160.00000,0.08232928,b,l,
1525778188.0509,9212.50000,0.00708467,b,l,
1525778191.9055,9212.40000,0.00210389,b,l,
1525795183.8768,9190.00000,0.03000000,s,l,
1525772523.6364,9289.80000,0.06905015,b,m,
1525776687.7718,9311.00000,0.05901167,s,l,
1525778205.4589,9212.50000,0.01000000,b,l,
1525778206.8089,9212.40000,0.00500000,s,l,
1525778207.8918,9212.30000,0.12941851,b,l,
1525778210.8937,9212.50000,0.00200000,b,l,
1525772612.8238,9287.00000,1.00000000,s,l,
1525778214.6032,9212.00000,0.00250000,s,m,
1525778215.4274,9200.00000,0.10000000,s,m,
1525778217.8033,9212.40000,0.10000000,b,m,
1525778218.7092,9212.10000,0.06904237,s,l,
1525778222.5598,9210.10000,0.02300000,b,m,
1525778223.9625,9203.00000,0.00500000,b,l,
1525761842.7189,9329.80000,0.05010000,b,l,
1525794612.9291,9174.60000,0.00200000,b,l,
1525794615.392,9174.40000,0.00010000,s,l,
1525778235.2457,9202.90000,0.92391900,b,l,
1525794620.6472,9174.60000,0.03723551,b,l,
1525778237.6394,9199.00000,0.00500000,b,l,
1525786709.3391,9124.10000,2.19000000,b,l,
1525778239.6006,9199.00000,0.10190000,b,l,
1525781118.2073,9069.80000,2.21100000,b,l,
1525778242.5232,9198.90000,0.00631112,b,l,
1525794627.1417,9174.60000,0.02001486,b,l,
1525778244.4012,9194.10000,0.01521999,s,l,
1525778155.4653,9226.00000,0.24400000,s,l,
1525778247.9783,9194.20000,0.05000000,b,l,
1525794632.561,9174.60000,0.49990000,b,l,
1525778214.843,9200.30000,0.20000000,s,m,
1525776038.3413,9276.50000,0.01497901,s,m,
1525778251.1497,9189.00000,0.01064611,s,l,
1525778252.6496,9189.00000,0.00700000,s,l,
1525794637.5109,9170.60000,0.07380000,b,l,
1525794638.5868,9170.50000,0.12010000,b,l,
1525778255.5148,9189.10000,0.05180000,b,l,
1525781254.5724,9093.10000,0.16834666,s,l,
1525778263.4173,9189.10000,0.50000000,b,m,
1525778264.6029,9189.00000,0.00500000,b,l,
1525787620.2636,9120.10000,0.15643890,b,l,
1525778266.2162,9175.20000,0.31413146,s,m,
1525778268.8776,9180.20000,0.01000000,b,l,
1525804148.2366,9200.00000,0.01875364,b,m,
1525778271.1189,9173.10000,0.36758187,s,m,
1525778272.4917,9179.40000,0.01599000,b,m,
1525778273.9035,9179.40000,0.98401000,b,l,
1525769208.7173,9402.60000,0.67500000,b,m,
1525804222.5334,9193.90000,0.89100854,s,m,
1525776621.4874,9314.90000,0.05560000,b,m,
1525780851.3195,9190.00000,0.18244016,s,l,
1525778280.5264,9188.80000,0.53790758,b,l,
1525778283.5834,9181.10000,0.00500000,b,l,
1525778284.5488,9181.10000,0.29156813,b,l,
1525778286.6976,9181.10000,0.40470797,b,l,
1525778904.6423,9202.60000,0.24626954,s,m,
1525789503.0698,9147.00000,0.20720000,b,l,
1525778293.2517,9182.10000,0.20020000,s,l,
1525778294.4688,9188.60000,0.01000000,b,m,
1525778295.0434,9182.10000,0.44346354,s,l,
1525804169.2838,9217.80000,0.01000000,b,m,
1525778297.9854,9182.20000,0.01315048,s,l,
1525778298.5239,9188.50000,0.01240549,b,m,
1525794683.0804,9166.30000,0.00401780,b,l,
1525803242.1113,9105.00000,0.00681200,s,l,
1525778302.0447,9182.40000,0.17478001,s,l,
1525773973.0787,9289.90000,0.19452000,s,l,
1525761920.914,9325.40000,0.02260000,s,l,
1525801280.6598,9147.20000,0.00840000,s,l,
1525771981.4243,9290.50000,0.01303792,s,m,
1525778307.3588,9181.10000,0.31496141,b,l,
1525768876.61,9386.20000,0.02859713,b,m,
1525778313.9684,9182.50000,0.04447766,s,l,
1525761931.4446,9325.90000,0.17620000,s,l,
1525794702.3699,9166.10000,0.74370570,b,l,
1525804013.2544,9160.00000,0.01300000,b,m,
1525794707.3457,9166.10000,0.25629430,b,l,
1525790246.0612,9134.80000,2.65000000,b,m,
1525794711.7581,9163.40000,0.00000073,s,l,
1525778328.2607,9188.10000,0.29526453,b,l,
1525778331.8438,9185.30000,0.00081378,s,m,
1525772612.8689,9299.10000,1.00000000,b,m,
1525785125.1453,9160.30000,0.00305000,s,l,
1525792920.8527,9156.30000,0.67921104,b,m,
1525778215.9281,9177.00000,0.01984839,s,m,
1525779620.5545,9231.10000,0.00848981,b,m,
1525778340.3892,9185.50000,0.02300000,s,m,
1525778341.7023,9186.20000,0.47000000,s,m,
1525763057.5338,9336.80000,1.00000000,b,m,
1525778348.113,9186.20000,0.50000000,s,m,
1525779442.635,9232.00000,0.17325359,s,l,
1525761969.9665,9329.40000,0.00280000,s,l,
1525778354.8586,9191.30000,0.00428428,b,l,
1525778355.824,9189.40000,0.01896499,s,l,
1525778356.9403,9191.30000,0.00632172,b,m,
1525778358.731,9188.10000,0.00340000,s,l,
1525778359.1085,9186.20000,0.00500000,s,m,
1525778154.1998,9231.00000,0.01697794,s,l,
1525778361.9823,9185.50000,1.79000000,b,l,
1525778362.1212,9185.50000,0.07994253,b,l,
1525765791.7695,9356.80000,0.52918732,s,l,
1525778364.7175,9185.20000,0.66562711,s,l,
1525778366.1252,9186.10000,0.14781096,s,m,
1525778367.2617,9200.00000,0.52159663,b,m,
1525778368.2287,9200.00000,1.00000000,b,l,
1525770892.2656,9331.60000,0.58879335,s,l,
1525794757.6917,9172.60000,0.00200000,b,l,
1525778374.8812,9198.20000,0.01157150,b,l,
1525778375.5951,9198.10000,0.00646429,b,m,
1525771329.4153,9285.70000,0.20000000,s,m,
1525780968.6321,9113.10000,0.27665679,s,l,
1525776301.2922,9308.10000,0.10863000,b,l,
1525778382.684,9197.80000,0.00598000,b,l,
1525785983.9521,9123.70000,0.00108000,s,m,
1525798563.9562,9144.50000,0.00310189,s,l,
1525778388.7218,9196.50000,0.20000000,s,l,
1525780942.944,9131.00000,0.32379174,s,l,
1525762006.0688,9325.70000,0.00580000,s,l,
1525778391.3765,9197.80000,0.73558511,b,l,
1525778392.4514,9197.70000,0.73884990,b,l,
1525789442.3407,9145.20000,1.00000000,s,m,
1525794780.7936,9173.40000,0.03000000,s,l,
1525771258.1894,9319.70000,0.15677400,s,m,
1525778398.479,9199.90000,0.01289981,b,l,
1525790389.5642,9133.70000,0.10857448,s,l,
1525758210.9239,9330.30000,0.01000000,s,m,
1525794632.5585,9174.50000,0.48335458,b,l,
1525778403.6806,9195.20000,0.02954854,s,l,
1525806758.1114,9236.80000,0.00656981,s,l,
1525768529.7394,9389.90000,0.02073293,b,l,
1525778408.7522,9196.00000,0.80000000,s,l,
1525778411.4191,9200.00000,1.32599512,b,l,
1525794799.1049,9174.70000,0.18657308,b,l,
1525794800.6306,9172.40000,0.13450000,s,l,
1525778417.4083,9200.00000,1.10722621,b,l,
1525778215.5531,9199.00000,0.65991934,s,m,
1525778420.8927,9200.00000,0.22490000,b,l,
1525778421.9595,9200.00000,0.00296906,b,l,
1525778423.2597,9200.00000,0.06892601,b,l,
1525778424.9782,9200.00000,0.00870278,b,l,
1525754879.4494,9417.70000,0.05275860,b,l,
1525778428.9506,9199.90000,0.75730802,s,l,
1525768227.9902,9382.60000,1.00000000,b,m,
1525794816.1236,9169.90000,0.12757870,s,l,
1525778433.2158,9197.80000,0.09050000,s,l,
1525782187.6218,9132.80000,0.00004704,s,l,
1525778438.1546,9199.30000,0.10000000,b,l,
1525788202.104,9120.10000,0.17496265,b,l,
1525780953.3386,9125.00000,0.10000000,s,m,
1525798617.8775,9119.20000,0.07500000,s,m,
1525778444.3947,9207.40000,0.00220000,b,l,
1525789504.2595,9166.60000,0.26907568,b,m,
1525778447.2705,9210.80000,0.00340237,b,l,
1525768536.8637,9388.20000,0.04707268,b,l,
1525778451.4557,9216.90000,0.05962900,s,l,
1525778452.5275,9217.00000,0.08759834,b,l,
1525780887.3234,9150.00000,0.02116402,s,m,
1525792341.7572,9148.80000,0.00400000,b,l,
1525768537.5105,9388.20000,0.00952820,b,l,
1525786114.8539,9128.30000,0.00000001,s,m,
1525779460.4494,9232.30000,0.00534490,s,l,
1525778458.04,9221.30000,0.01310000,b,l,
1525757615.7892,9372.40000,0.03609207,s,l,
1525778460.8484,9221.30000,0.01000000,b,l,
1525768538.6583,9388.10000,0.01028945,b,l,
1525762078.7437,9325.70000,0.00536153,s,l,
1525771269.9266,9310.00000,1.02374655,s,l,
1525794848.1777,9173.40000,0.02560000,b,l,
1525771407.413,9290.00000,0.00300000,s,m,
1525768539.4206,9388.10000,0.01032025,b,l,
1525781126.9138,9083.60000,0.40980000,b,m,
1525778475.128,9227.50000,0.05710000,b,l,
1525778476.6148,9228.10000,0.10711505,b,l,
1525781106.5626,9066.90000,0.19314059,b,l,
1525793117.7948,9140.50000,0.24700000,s,m,
1525781807.4961,9100.00000,0.00010345,s,m,
1525794866.6235,9173.40000,0.02838731,b,m,
1525779851.1404,9215.00000,0.00580000,s,l,
1525778487.9126,9229.90000,0.00734297,b,l,
1525765812.6399,9350.40000,0.00534736,s,l,
1525782353.9519,9151.10000,0.20060000,b,m,
1525778495.8067,9229.90000,0.00993510,b,l,
1525778496.9172,9230.00000,0.31952130,b,l,
1525801312.8489,9144.30000,0.25119973,b,l,
1525778498.8435,9229.60000,0.12700000,b,m,
1525794883.2421,9170.10000,1.00000000,s,l,
1525778501.1324,9229.60000,0.01227555,b,l,
1525776737.6032,9310.40000,0.00402149,b,m,
1525803228.3806,9108.10000,0.05695161,s,l,
1525778505.1244,9229.60000,0.07982000,b,m,
1525774611.7094,9334.00000,1.11684956,b,m,
1525778511.9535,9228.40000,0.00000040,s,l,
1525773079.8531,9289.10000,0.08018267,s,l,
1525778516.1042,9221.70000,0.20570000,s,l,
1525778517.7831,9221.80000,0.16480000,s,l,
1525778518.7352,9228.50000,0.00200000,b,l,
1525778520.1526,9225.50000,0.13210000,s,l,
1525778266.213,9176.60000,1.79000000,s,m,
1525778528.4113,9227.30000,0.00836024,s,l,
1525762148.4701,9324.30000,0.00375339,b,l,
1525771443.2118,9291.20000,0.00300000,s,l,
1525798599.7141,9135.00000,0.00460000,s,l,
1525802721.8221,9123.30000,1.00000000,s,l,
1525780953.8215,9123.00000,0.11750000,s,l,
1525803086.9124,9115.70000,0.04879927,s,m,
1525778543.04,9227.40000,0.10254485,b,l,
1525778544.9539,9225.80000,0.00048883,s,m,
1525794931.4479,9169.90000,0.00200000,b,l,
1525786376.8428,9102.40000,0.29594374,s,l,
1525790398.0939,9133.60000,0.01500000,b,l,
1525778552.8719,9227.40000,0.22185342,b,l,
1525778553.1586,9227.40000,0.30950454,b,l,
1525773626.236,9318.80000,0.04464494,b,m,
1525778558.3875,9225.60000,0.05328751,s,l,
1525780994.587,9100.00000,0.27209284,s,l,
1525778560.7482,9228.50000,0.00002678,b,m,
1525778561.7274,9225.40000,0.00541982,s,l,
1525786777.3722,9126.80000,0.05195618,s,m,
1525771286.3765,9302.60000,1.00000000,s,m,
1525766534.2695,9361.90000,0.21510000,b,m,
1525774017.5931,9290.00000,0.29900000,b,m,
1525798599.6159,9135.00000,0.18101299,s,l,
1525794955.5977,9170.00000,0.04117000,b,l,
1525778573.8213,9225.30000,1.00000000,s,l,
1525784538.9354,9133.00000,0.02500000,b,l,
1525764787.9809,9359.10000,0.26370000,b,m,
1525794963.8047,9169.90000,0.00545262,s,m,
1525768228.0034,9382.60000,0.00311379,b,m,
1525794965.3071,9170.00000,0.00308206,b,l,
1525786668.8254,9122.20000,0.23825240,b,l,
1525771289.1845,9301.00000,0.10000000,s,m,
1525778584.9061,9230.60000,0.01500000,b,m,
1525778586.3124,9230.60000,0.01500000,b,m,
1525794971.4746,9170.00000,0.00650000,b,l,
1525778588.4884,9224.40000,0.03590000,s,l,
1525794973.2662,9170.00000,0.00500000,b,l,
1525778590.1905,9224.50000,0.84274898,s,l,
1525778591.5156,9224.50000,0.01345102,b,m,
1525778593.0565,9225.50000,0.01304939,s,l,
1525771291.123,9300.00000,0.76100000,s,m,
1525794980.3916,9170.00000,0.03420000,b,l,
1525778597.3827,9227.40000,0.01304939,s,l,
1525766155.3926,9362.00000,0.06026426,b,l,
1525794985.2716,9170.00000,0.03823966,b,l,
1525794986.3132,9170.00000,0.08034399,b,l,
1525798599.631,9135.00000,0.00500000,s,l,
1525793324.2961,9136.40000,0.21390000,s,m,
1525794992.5112,9170.00000,0.00286787,b,l,
1525794995.6388,9170.00000,0.01331139,b,l,
1525778612.0474,9221.40000,0.10000000,s,l,
1525794997.3037,9170.00000,0.11075400,b,l,
1525794998.1411,9170.00000,0.09091956,b,l,
1525794999.3976,9170.00000,0.51366670,b,l,
1525795002.9547,9170.00000,0.09274809,b,l,
1525771295.9197,9300.10000,0.12610000,b,l,
1525795006.6478,9170.00000,0.01308615,b,l,
1525795009.6206,9170.00000,0.01596305,b,l,
1525778626.4011,9221.30000,0.89906537,s,m,
1525795012.074,9170.00000,0.00200000,b,l,
1525776758.9003,9310.10000,0.42859508,s,l,
1525778631.9525,9221.60000,0.18839401,b,m,
1525778632.9557,9221.40000,0.30540689,s,l,
1525798599.6636,9135.00000,0.00309550,s,l,
1525762251.1993,9331.00000,0.80000000,b,l,
1525778636.476,9221.50000,0.10000000,b,l,
1525795021.4716,9170.00000,0.00250000,b,l,
1525778638.5422,9221.40000,0.00710000,s,l,
1525795025.6954,9170.00000,0.01947493,b,l,
1525795027.7325,9170.00000,0.00500000,b,l,
1525795029.7385,9170.00000,0.15723500,b,l,
1525778649.5668,9221.40000,0.00780000,b,m,
1525778650.3313,9221.40000,0.01084410,b,l,
1525783515.2163,9117.00000,0.00110645,b,m,
1525780916.4001,9137.90000,0.01000000,s,m,
1525795039.2251,9175.00000,0.02236221,b,l,
1525778656.1219,9221.40000,0.06830000,b,m,
1525795041.8817,9175.20000,0.04243779,b,l,
1525795042.1,9175.20000,0.05756221,b,l,
1525804585.901,9245.00000,0.01700000,b,m,
1525808491.4579,9221.70000,1.00000000,b,m,
1525759183.1213,9330.80000,0.04100000,b,l,
1525804169.2713,9217.80000,0.02480000,b,m,
1525769378.0363,9395.20000,0.00000507,b,m,
1525778677.939,9217.90000,0.01338754,b,m,
1525780909.5793,9145.40000,0.01312135,s,l,
1525804073.4856,9166.80000,0.01735340,s,l,
1525778680.4322,9215.40000,0.13300000,s,l,
1525778683.1761,9217.80000,0.22467203,b,l,
1525778684.8525,9220.00000,0.04160000,s,l,
1525778686.0469,9220.00000,0.01600000,s,l,
1525778687.7819,9220.00000,0.23870000,s,l,
1525778688.7779,9220.00000,0.05989038,s,l,
1525803091.9501,9113.80000,2.00000000,s,m,
1525787691.8315,9119.90000,0.09368271,s,m,
1525771994.973,9282.70000,0.82892485,s,l,
1525798599.7113,9135.00000,0.10000000,s,l,
1525778698.3482,9220.10000,0.03538173,b,l,
1525782232.5684,9133.00000,0.08688687,b,l,
1525778706.3712,9213.70000,0.20697055,b,m,
1525785328.2135,9159.00000,0.00242000,s,l,
1525762325.8165,9324.20000,0.00894486,b,m,
1525798617.8844,9119.20000,0.19520000,s,m,
1525776085.0485,9300.90000,3.00000000,b,m,
1525771311.3944,9300.00000,0.00025866,s,m,
1525795100.7826,9179.00000,0.07285796,b,l,
1525795106.6957,9179.10000,0.00387700,b,m,
1525768582.406,9377.00000,0.03038110,s,l,
1525789615.5645,9162.90000,0.03080000,b,l,
1525771313.8826,9300.00000,0.12700000,s,m,
1525778728.2954,9211.10000,0.00054108,s,l,
1525795113.3144,9180.00000,0.02420000,b,l,
1525793159.8895,9137.70000,0.03940000,s,l,
1525762348.9546,9333.70000,0.79690000,b,l,
1525778733.9192,9219.00000,0.00350716,s,l,
1525771617.274,9309.30000,0.00320026,s,l,
1525782237.377,9132.90000,0.25000000,s,l,
1525778736.9863,9220.00000,0.19670000,b,l,
1525778737.003,9224.10000,1.00000000,b,l,
1525793818.2768,9144.40000,1.00000000,s,l,
1525761688.1226,9320.10000,0.23197434,s,m,
1525795127.8336,9175.60000,0.31396683,s,l,
1525762360.7235,9331.50000,0.29105514,s,l,
1525771316.6187,9300.00000,0.00300000,s,l,
1525753992.0419,9406.60000,0.00210000,s,l,
1525774047.0229,9300.40000,0.04680000,s,l,
1525778748.3734,9211.40000,0.08010000,s,l,
1525762365.6593,9338.00000,0.01300000,b,l,
1525795134.5469,9180.00000,0.01000000,b,l,
1525795135.2193,9180.00000,0.02056545,b,l,
1525785635.3551,9153.00000,0.00982994,s,l,
1525778754.5998,9211.40000,0.03697506,s,l,
1525771318.3327,9297.20000,0.87600000,s,m,
1525795143.8689,9188.00000,2.08400000,b,l,
1525778760.9762,9211.00000,0.02201925,s,l,
1525778761.7964,9211.40000,0.16087506,s,l,
1525795153.6725,9190.10000,0.00250000,s,l,
1525771291.1073,9300.00000,1.00000000,s,m,
1525778780.5077,9211.20000,0.00718620,s,l,
1525795165.8314,9192.00000,0.03000000,b,m,
1525778782.6376,9211.20000,0.03280000,s,l,
1525790437.1746,9133.50000,0.04641959,b,l,
1525778786.4098,9211.30000,0.00298930,b,l,
1525771323.7636,9301.50000,0.00320026,b,m,
1525778793.4181,9211.20000,0.01660743,s,l,
1525756118.7471,9358.00000,0.21626769,s,l,
1525759993.6923,9345.40000,0.02240000,s,l,
1525795183.8538,9191.80000,0.10000000,b,l,
1525795184.7489,9190.00000,0.02000000,s,l,
1525778801.7127,9211.30000,0.02119162,b,l,
1525778803.0556,9211.30000,0.18694038,b,l,
1525800367.8977,9153.00000,0.00345000,b,m,
1525778807.5073,9211.30000,0.09120171,b,l,
1525778809.2738,9211.30000,0.07096031,b,l,
1525778811.1575,9211.30000,0.00500000,b,l,
1525795197.4759,9190.00000,0.00545256,s,l,
1525795198.4179,9191.80000,0.00200000,b,l,
1525778815.1459,9211.20000,0.00500000,s,l,
1525786124.5215,9121.70000,0.21170000,s,m,
1525781087.0925,9060.00000,0.17000000,s,m,
1525781214.5409,9093.00000,0.47676000,s,l,
1525771329.4208,9285.70000,0.07873136,s,m,
1525778825.9161,9211.30000,0.01600000,b,m,
1525778268.8751,9180.10000,0.16339024,b,l,
1525770899.0091,9332.30000,0.01290761,b,l,
1525778829.1791,9210.40000,0.25400000,s,l,
1525791020.1356,9129.90000,3.00000000,b,l,
1525801459.7393,9144.20000,0.04003939,s,m,
1525795216.8235,9191.70000,0.00300460,b,m,
1525804169.219,9210.00000,2.52257011,b,m,
1525778834.9367,9210.40000,0.00750000,s,m,
1525795221.792,9190.00000,0.00142307,s,l,
1525795222.3816,9190.00000,0.00357693,s,l,
1525795223.2518,9180.00000,0.00200000,s,l,
1525803096.3699,9116.10000,0.00404825,b,l,
1525795225.4353,9175.80000,0.23610000,s,l,
1525795226.8283,9170.00000,0.15000000,s,m,
1525795227.3469,9175.80000,0.05000000,b,l,
1525795228.9112,9174.40000,0.14453937,s,m,
1525793178.6729,9139.50000,0.05093737,b,l,
1525762465.821,9331.40000,0.03055339,s,l,
1525778851.1721,9213.60000,0.10857174,b,m,
1525762472.1625,9326.30000,0.17274661,s,l,
1525793822.6685,9144.50000,0.08647300,s,l,
1525780996.1224,9099.00000,0.03000000,s,l,
1525758525.5759,9340.00000,0.05000000,s,l,
1525762477.5452,9327.90000,0.01750000,s,l,
1525795247.4899,9170.00000,0.00300000,s,m,
1525787821.6418,9119.70000,0.10000000,s,l,
1525778866.1098,9214.70000,0.15502788,b,l,
1525803267.9833,9091.00000,0.29710000,s,l,
1525803255.6707,9096.50000,0.01000000,s,m,
1525780887.4737,9149.20000,0.00250000,s,m,
1525795259.1074,9170.00000,0.00527296,s,l,
1525778214.8038,9201.00000,0.02500000,s,m,
1525754542.1956,9415.00000,0.05000000,s,l,
1525778881.4939,9210.40000,0.03215392,s,l,
1525804107.8047,9170.00000,0.29309578,s,l,
1525778885.0402,9210.40000,0.03173759,s,m,
1525793185.5941,9135.20000,0.11037830,s,m,
1525772049.3809,9292.20000,0.09400000,b,m,
1525780968.7842,9119.90000,0.05000000,b,m,
1525778894.402,9210.40000,0.10170000,s,l,
1525782264.5099,9144.80000,0.10186676,b,m,
1525778898.7626,9210.40000,0.01702633,s,l,
1525778899.2098,9210.40000,0.05880000,s,l,
1525778904.6593,9202.60000,0.08530000,s,m,
1525788368.5941,9125.50000,0.01606228,b,l,
1525790389.5521,9133.70000,0.45659613,s,l,
1525758210.9491,9330.30000,0.01000000,s,m,
1525759972.9417,9356.90000,0.29773638,b,m,
1525768728.144,9377.50000,0.00340000,s,m,
1525780967.4573,9119.90000,0.02800000,b,m,
1525795308.8954,9170.10000,0.14000000,s,m,
1525781030.5758,9087.90000,0.01320437,s,l,
1525762545.9323,9332.50000,0.00400000,b,l,
1525778215.9664,9176.30000,0.00500000,s,m,
1525771348.6041,9276.60000,1.00000000,s,m,
1525780898.812,9145.60000,0.00520000,b,l,
1525760047.1129,9355.30000,0.00000765,b,l,
1525771349.0932,9270.00000,0.01000000,s,m,
1525804169.1906,9200.00000,0.99880579,b,m,
1525798656.438,9116.30000,0.00069158,s,m,
1525795330.5168,9177.00000,1.50000000,b,m,
1525778947.4725,9201.20000,0.99569659,s,l,
1525778950.0807,9207.80000,0.12440000,b,l,
1525778952.5685,9202.70000,0.01640000,b,l,
1525771329.4717,9290.30000,0.01000000,b,m,
1525780887.4448,9150.00000,0.10000000,s,m,
1525778955.1624,9202.70000,0.05470000,b,l,
1525778957.7014,9207.70000,0.03790000,b,l,
1525778958.5519,9202.70000,0.00775280,s,l,
1525778959.521,9207.70000,0.17163118,b,l,
1525778960.1053,9207.60000,0.07105549,b,l,
1525778961.3246,9207.60000,0.22450000,b,l,
1525778962.8422,9204.20000,0.08377880,b,l,
1525780887.0613,9177.20000,0.19900000,s,l,
1525778966.424,9204.80000,0.14558303,s,l,
1525778967.4867,9204.90000,0.02510000,b,l,
1525806529.7926,9228.00000,0.00058118,b,l,
1525770912.8865,9333.50000,0.10000000,s,m,
1525788368.5754,9125.50000,0.07233040,b,l,
1525778973.5119,9204.90000,0.27025280,b,l,
1525786188.8698,9128.00000,0.00500000,s,m,
1525778977.2488,9200.00000,0.00790000,b,l,
1525778979.0814,9200.00000,0.35993583,b,l,
1525778980.7152,9207.20000,0.19000000,b,l,
1525778981.7398,9208.60000,0.45984425,s,l,
1525797598.9623,9154.20000,0.02773343,b,l,
1525778983.7445,9211.40000,0.00231105,b,l,
1525787740.6127,9119.90000,0.08409416,b,l,
1525795559.5026,9155.10000,0.62000000,s,m,
1525778988.6533,9211.20000,0.00500000,b,l,
1525793949.2658,9145.20000,0.00287743,b,m,
1525795378.0408,9172.60000,0.01029751,b,m,
1525778995.5507,9212.60000,0.10000000,b,m,
1525778215.7074,9188.00000,0.21259884,s,m,
1525779001.1782,9215.80000,0.23170000,b,m,
1525779003.9229,9214.20000,0.00500000,b,l,
1525793719.8782,9147.60000,0.00332650,b,m,
1525771286.3639,9312.70000,0.19000000,s,m,
1525779007.3609,9214.10000,0.22467203,b,m,
1525793827.4695,9144.50000,0.00151502,s,m,
1525795395.7203,9170.40000,0.00001735,s,m,
1525788744.6372,9131.40000,0.08414470,s,m,
1525758194.836,9348.70000,0.10000000,s,l,
1525779022.187,9218.70000,0.55740098,b,m,
1525757709.97,9373.20000,0.04700000,s,l,
1525780980.8666,9110.00000,0.00288233,s,l,
1525783746.967,9124.70000,0.22834049,b,l,
1525797364.7434,9150.00000,0.00572100,b,l,
1525804132.2771,9182.70000,0.61000000,b,m,
1525779035.4478,9213.10000,0.01240000,s,l,
1525779037.3074,9213.10000,0.00920000,s,l,
1525756184.6722,9371.50000,0.04040968,s,l,
1525772551.6347,9280.20000,3.23179716,s,m,
1525762658.1288,9328.30000,0.00734296,b,l,
1525781125.0222,9066.80000,0.00000025,s,l,
1525804194.7218,9201.50000,0.00268400,b,m,
1525798599.6712,9135.00000,0.10591428,s,l,
1525768744.2568,9395.50000,1.62024365,b,m,
1525779054.913,9213.20000,0.44259902,b,l,
1525795440.6791,9176.10000,0.00203383,b,l,
1525781030.5786,9083.60000,0.14440000,s,l,
1525778706.3749,9220.00000,0.25764772,b,m,
1525806868.9587,9224.30000,0.00516436,b,l,
1525784084.2688,9134.40000,0.14755347,b,m,
1525779068.6335,9213.90000,0.53652502,b,l,
1525781281.312,9093.00000,0.00071025,b,l,
1525795455.054,9170.10000,0.20470000,s,l,
1525776038.2839,9282.50000,0.09999200,s,m,
1525779085.0857,9213.10000,0.00220037,s,m,
1525804141.2622,9185.00000,0.07360991,b,l,
1525795473.3767,9163.90000,0.02677711,b,l,
1525785027.5003,9160.60000,0.41000000,b,l,
1525768777.3256,9389.70000,0.28440000,b,m,
1525781001.2527,9088.80000,0.01750000,s,m,
1525775542.2467,9294.50000,0.00536800,s,l,
1525754744.7239,9425.40000,0.00626659,b,m,
1525762721.5978,9329.10000,0.00899999,b,l,
1525795492.9292,9160.00000,0.00300000,s,m,
1525795495.8939,9160.10000,0.23800000,s,l,
1525769280.1389,9395.10000,0.01338616,s,l,
1525795497.66,9160.00000,0.04100000,b,l,
1525795498.4787,9159.90000,0.21310000,b,l,
1525779115.9599,9213.90000,1.00000000,b,l,
1525778417.6549,9199.70000,0.00108075,s,m,
1525795502.5393,9159.90000,0.08337616,b,l,
1525795505.8363,9159.90000,0.02641763,b,l,
1525771379.3769,9287.40000,0.14904065,s,m,
1525795508.2443,9159.90000,0.14056417,b,l,
1525795509.6848,9159.90000,0.10926300,b,l,
1525795510.2944,9159.90000,0.06358308,b,l,
1525795511.0703,9159.90000,0.00400000,b,l,
1525779129.417,9215.30000,0.06200000,b,l,
1525783892.0102,9149.00000,0.10000000,b,m,
1525795521.6952,9159.90000,0.04035087,b,l,
1525784631.1244,9134.80000,0.46823825,b,l,
1525795523.1216,9160.00000,0.15871507,b,l,
1525762756.9511,9331.00000,0.00899999,b,l,
1525779142.6708,9213.20000,0.20030839,s,l,
1525778161.2849,9222.60000,0.09290000,b,l,
1525795530.7488,9158.80000,0.16370000,b,l,
1525756775.3466,9386.80000,0.00536494,s,l,
1525795537.4151,9158.60000,0.01076282,s,l,
1525762770.2533,9331.00000,0.00899999,b,l,
1525788643.2469,9137.90000,0.00265583,b,l,
1525771287.0089,9301.60000,0.00200000,s,m,
1525807179.184,9207.70000,0.00642135,b,m,
1525778367.2523,9191.30000,0.09000000,b,m,
1525782308.4499,9148.20000,0.29350337,b,m,
1525779162.7803,9214.90000,0.29506917,b,l,
1525779169.638,9215.10000,0.00629567,s,l,
1525804155.7194,9200.00000,0.00005971,b,m,
1525779173.2974,9215.20000,0.00447173,s,l,
1525795455.0571,9170.00000,1.49472704,s,l,
1525795559.4834,9155.30000,0.31148705,s,m,
1525765927.6888,9350.20000,0.00048417,s,l,
1525804744.9066,9226.90000,0.00860530,b,l,
1525795565.4035,9155.00000,0.20000000,s,m,
1525779183.0236,9215.30000,0.18263427,s,l,
1525779184.4696,9215.20000,0.93678197,s,l,
1525762804.1827,9331.00000,0.00899999,b,l,
1525804158.8267,9190.00000,0.39922484,s,l,
1525795574.8441,9155.10000,0.70080000,s,l,
1525756653.8754,9387.20000,0.08557426,b,l,
1525771391.2242,9290.00000,0.04159718,b,l,
1525803329.9411,9105.70000,0.01355035,b,l,
1525795582.8866,9155.10000,0.10918819,b,m,
1525795588.2831,9150.10000,0.64020000,s,l,
1525785046.2008,9160.50000,0.11000000,b,m,
1525768192.3259,9375.00000,0.16615739,b,l,
1525795969.4546,9168.50000,0.05395824,b,l,
1525779208.5232,9216.20000,0.00000619,b,l,
1525795593.5753,9154.90000,0.03000000,s,m,
1525771523.8951,9288.30000,0.00580210,s,m,
1525779211.8071,9216.20000,0.06024926,b,l,
1525779213.4262,9216.20000,0.03028577,b,l,
1525765161.9466,9337.50000,0.01696945,s,l,
1525779216.7576,9216.90000,0.09721080,s,l,
1525800867.3761,9150.00000,0.00377136,s,m,
1525795183.7325,9190.00000,0.02000000,s,l,
1525795605.5075,9155.10000,0.10922874,b,m,
1525781047.5302,9085.70000,1.95330001,b,m,
1525779224.762,9216.40000,0.24542614,s,m,
1525795609.9309,9155.10000,0.08166482,b,l,
1525795610.3364,9158.80000,0.08675622,b,l,
1525795611.6117,9164.30000,0.04598496,b,m,
1525779228.1104,9222.80000,0.03860000,s,l,
1525793242.9682,9136.70000,0.00448833,s,m,
1525803413.1864,9142.50000,3.00000000,b,m,
1525779232.2228,9222.80000,0.03860000,s,l,
1525779233.3616,9222.90000,0.07102136,s,l,
1525762850.5452,9331.90000,0.00899999,b,l,
1525773688.5324,9319.80000,0.23230000,b,l,
1525771398.4329,9294.60000,0.19000000,b,m,
1525779238.2418,9222.90000,0.01632950,s,l,
1525779239.8095,9223.00000,0.07399785,s,l,
1525789504.2342,9172.00000,0.01251096,b,m,
1525795630.0491,9155.80000,0.00200000,s,l,
1525793245.912,9137.10000,0.40709004,s,l,
1525790016.0976,9123.50000,0.00035839,s,m,
1525804169.3148,9219.90000,0.06991873,b,m,
1525779257.0896,9232.00000,0.00314624,b,m,
1525799291.9801,9129.90000,0.95800000,s,m,
1525804169.2225,9210.00000,0.00501110,b,m,
1525772926.9326,9250.00000,0.68106685,s,m,
1525779265.1342,9230.70000,0.17370000,s,l,
1525779266.3234,9230.80000,0.00038905,b,m,
1525795651.2888,9156.70000,0.00170000,s,m,
1525782326.3627,9150.00000,0.01325667,b,l,
1525778154.2319,9227.70000,0.23723235,s,l,
1525771506.0894,9311.70000,0.37560000,b,m,
1525779274.6732,9230.80000,0.01832111,s,l,
1525779276.7176,9230.80000,0.02190000,s,l,
1525776307.4825,9305.30000,0.25100692,s,l,
1525795666.871,9164.30000,0.10911908,b,m,
1525779283.0345,9231.10000,0.00890000,s,l,
1525779287.521,9234.30000,0.00510936,b,l,
1525779288.1483,9234.30000,0.21956267,b,m,
1525779289.2889,9231.10000,0.01758981,s,l,
1525778015.1437,9271.30000,0.09937226,b,l,
1525771407.4186,9288.00000,0.00001128,s,m,
1525762908.7708,9331.50000,0.22490000,b,l,
1525804148.1135,9189.20000,0.02176000,b,l,
1525762911.8763,9331.50000,0.00535724,b,l,
1525795681.6888,9164.40000,0.10911789,b,m,
1525762914.7737,9331.60000,0.20310000,b,l,
1525757755.6369,9373.30000,0.03270000,s,l,
1525762917.8762,9335.40000,0.20560000,b,l,
1525794638.5995,9170.50000,0.06850000,b,l,
1525795688.7817,9164.40000,0.10911789,b,m,
1525779305.0343,9235.80000,0.76170000,s,l,
1525779306.5789,9232.80000,0.14727200,s,l,
1525779307.9077,9232.10000,0.00586208,b,l,
1525762924.883,9333.10000,0.21963847,b,l,
1525780999.3034,9092.00000,0.02070000,b,l,
1525758211.0863,9323.00000,0.00500000,s,m,
1525795698.4023,9169.70000,0.10911789,b,m,
1525762931.3386,9332.80000,0.23040000,b,l,
1525762934.6256,9335.30000,0.67500000,b,m,
1525779319.7587,9231.10000,0.03300000,s,l,
1525779320.0364,9231.10000,0.05233792,s,l,
1525779321.3262,9231.10000,0.23840000,s,l,
1525782335.1306,9151.10000,0.33570000,b,m,
1525802276.6444,9121.10000,1.00000000,s,m,
1525795710.0714,9170.00000,0.10905482,b,m,
1525759467.5457,9317.10000,0.01478614,b,l,
1525781087.1914,9050.20000,0.01011000,s,m,
1525768777.3337,9392.50000,1.00000000,b,m,
1525791110.2891,9119.60000,0.00734541,b,l,
1525794866.5853,9173.40000,0.03302600,b,m,
1525783191.1783,9106.80000,0.10000000,s,l,
1525779350.2945,9232.00000,0.01680000,s,l,
1525795735.549,9168.10000,0.02260000,s,l,
1525776926.6335,9311.30000,0.00243200,s,m,
1525779355.3723,9232.00000,0.08247208,s,l,
1525782636.9747,9124.70000,0.00299456,b,l,
1525779224.7542,9217.00000,0.18749311,s,m,
1525768789.4384,9389.50000,3.00000000,b,m,
1525795752.6648,9169.90000,0.21600000,b,l,
1525779370.4426,9231.00000,0.04340000,s,l,
1525768888.2259,9402.40000,0.19659713,b,m,
1525795559.5299,9150.10000,0.23400000,s,m,
1525801459.7814,9144.30000,0.02500000,b,m,
1525771422.417,9294.70000,0.01288981,s,m,
1525776154.3376,9282.30000,0.06000000,s,l,
1525787328.1306,9125.60000,0.05355307,b,l,
1525779384.6014,9231.30000,0.56039508,s,l,
1525758859.8305,9335.00000,0.00398617,s,l,
1525763231.3721,9342.20000,0.00671609,b,l,
1525781436.0981,9089.40000,2.54900000,b,l,
1525801461.8218,9144.30000,0.16190000,b,l,
1525783752.7145,9127.30000,0.40337752,b,l,
1525766016.3939,9358.30000,0.01726796,b,m,
1525795779.5431,9172.80000,0.38499454,b,l,
1525788201.7348,9120.10000,0.10182090,b,l,
1525795782.3523,9172.90000,0.02000000,b,m,
1525768744.2297,9385.60000,1.00000000,b,m,
1525804194.1559,9201.60000,0.00380000,s,l,
1525756098.557,9368.00000,0.01493803,s,l,
1525779414.1493,9235.60000,0.01800000,b,m,
1525789476.5248,9146.90000,0.00477330,s,l,
1525803096.3867,9118.00000,0.11134630,b,l,
1525779620.5613,9231.10000,0.00000514,b,m,
1525779420.4187,9232.00000,0.20740000,s,l,
1525801466.8627,9141.90000,0.02000000,s,m,
1525779423.3263,9232.10000,0.04262919,s,l,
1525773000.9021,9260.00000,0.80000000,b,l,
1525779425.4734,9232.10000,0.19044603,s,l,
1525798751.1036,9118.10000,1.73094917,b,l,
1525779427.6081,9232.00000,0.22467203,s,l,
1525779429.7316,9232.00000,0.01303771,s,l,
1525779431.7315,9232.00000,0.22467203,s,l,
1525779432.6572,9232.00000,0.02260000,s,l,
1525779434.125,9232.00000,0.01303607,s,l,
1525763051.0264,9336.70000,0.57000000,b,l,
1525779437.1138,9232.00000,0.13732246,s,l,
1525793719.899,9148.60000,0.05000000,b,m,
1525763057.5367,9338.40000,0.22690000,b,m,
1525779442.6295,9232.00000,0.07944641,s,l,
1525778215.8778,9177.00000,0.00634816,s,m,
1525778452.56,9221.30000,0.03800000,b,m,
1525771433.2347,9295.10000,0.00100000,b,m,
1525763066.7395,9338.30000,0.01122000,b,m,
1525771407.6412,9301.10000,0.01110000,b,m,
1525804169.2382,9211.60000,0.20000000,b,m,
1525761688.0959,9333.60000,0.19000000,s,m,
1525779460.4576,9232.20000,0.00000003,s,l,
1525779464.7294,9232.80000,0.08247208,s,m,
1525782931.8774,9117.10000,0.24675814,b,l,
1525802276.6586,9121.00000,0.01914000,s,m,
1525784724.1849,9140.00000,0.10000000,b,l,
1525780891.1922,9168.70000,1.55779689,s,l,
1525770198.4058,9383.70000,0.00908677,s,m,
1525778904.6525,9202.60000,0.21870000,s,m,
1525780887.3104,9150.00000,0.30000000,s,m,
1525758211.0203,9325.10000,0.01000000,s,m,
1525774169.072,9305.20000,0.00376065,b,l,
1525756770.2715,9386.80000,0.73968499,s,l,
1525774017.6003,9298.10000,0.00211989,b,m,
1525779490.4136,9231.00000,0.00760000,s,l,
1525795879.9401,9168.70000,0.00342415,b,l,
1525772926.9587,9250.00000,0.21059265,s,m,
1525778215.2642,9200.00000,0.10000000,s,m,
1525795891.9606,9168.80000,0.80000000,b,l,
1525795894.8114,9168.80000,0.00232528,b,l,
1525798751.111,9118.10000,0.00649565,b,l,
1525795143.8739,9190.00000,0.01500000,b,l,
1525779519.4928,9231.10000,0.00446831,b,l,
1525779526.0722,9231.10000,0.10670000,b,m,
1525758196.5771,9334.00000,0.10000000,s,m,
1525803105.1035,9118.00000,0.00381593,b,l,
1525787600.7964,9116.00000,0.00170000,s,m,
1525771448.0004,9295.20000,0.01000000,b,m,
1525780980.8937,9110.00000,1.00000000,s,l,
1525773022.2652,9267.70000,0.09021856,b,l,
1525795925.8681,9168.70000,0.10906744,b,m,
1525753473.6592,9407.40000,0.10000000,s,m,
1525798599.7464,9135.00000,0.25000000,s,l,
1525786207.5728,9128.10000,0.00013527,b,l,
1525760527.6239,9353.50000,0.39912459,s,m,
1525778433.1295,9197.80000,0.08072747,s,l,
1525783752.8972,9127.30000,0.01118712,b,l,
1525800113.3368,9154.80000,0.08314643,b,l,
1525795938.2637,9168.60000,0.10197324,b,l,
1525765161.9539,9337.50000,0.00200000,s,l,
1525779557.2503,9231.00000,0.05000000,s,l,
1525771617.2929,9309.30000,0.02947236,s,l,
1525779560.6273,9231.00000,0.00960000,s,l,
1525784724.1511,9140.00000,0.04987034,b,l,
1525803988.5715,9166.40000,0.00643687,s,l,
1525779567.684,9231.00000,0.05410000,s,l,
1525801491.424,9144.50000,0.18307431,b,l,
1525779573.6166,9231.00000,0.50000000,s,l,
1525779574.3739,9231.00000,0.02355051,s,l,
1525756202.8054,9367.20000,0.19000000,s,l,
1525772569.3273,9292.10000,0.07975170,b,m,
1525778273.9558,9180.10000,0.00000515,b,l,
1525795967.2905,9168.50000,0.00350403,b,l,
1525795968.269,9168.20000,0.22300757,b,l,
1525795969.4584,9174.40000,0.06000000,b,l,
1525795970.0417,9174.70000,0.13850000,b,l,
1525761688.1365,9316.90000,0.09183048,s,m,
1525779589.113,9231.00000,0.16610000,s,l,
1525800562.1312,9156.00000,0.25571362,b,l,
1525782381.3,9148.10000,0.00773222,s,l,
1525768728.1538,9374.30000,0.24520000,s,m,
1525799848.7868,9144.20000,0.25339712,b,l,
1525779604.6382,9231.00000,0.00244197,s,l,
1525763225.1367,9342.20000,0.00239280,b,l,
1525768854.2138,9398.90000,1.00000000,b,m,
1525763231.3656,9342.20000,0.00000511,b,l,
1525775298.3322,9329.40000,0.17619445,b,l,
1525803268.9837,9088.50000,0.00143000,s,m,
1525779620.5588,9231.10000,0.00643069,b,m,
1525796006.2885,9171.00000,0.18364400,b,m,
1525779623.7115,9231.00000,0.00273705,s,l,
1525763243.332,9348.50000,0.00970000,s,l,
1525758386.0492,9330.50000,0.93304475,s,m,
1525780900.5886,9145.10000,0.20730000,s,l,
1525763249.0324,9353.80000,0.15000000,b,m,
1525782391.067,9148.20000,0.21700000,b,l,
1525779636.925,9231.00000,0.00270765,s,l,
1525776926.4633,9311.50000,0.00240282,s,m,
1525771560.9033,9310.90000,0.21860000,b,m,
1525796024.6064,9174.50000,0.00300000,b,m,
1525763259.8223,9353.80000,0.12764823,b,l,
1525780942.9199,9131.70000,0.00547543,s,l,
1525779649.424,9231.00000,0.00705348,s,l,
1525763266.9614,9348.50000,0.05670000,s,l,
1525772927.0061,9248.40000,0.01000000,s,m,
1525763271.3786,9348.50000,0.00800000,s,l,
1525782391.0724,9148.30000,0.40300000,b,l,
1525789600.1486,9169.90000,1.79000000,b,l,
1525779664.4164,9231.00000,0.02421016,s,l,
1525779668.8427,9231.00000,0.00637147,s,l,
1525779673.8519,9231.10000,0.50000000,b,l,
1525803228.341,9108.10000,0.14160064,s,l,
1525785125.1555,9160.30000,0.00165000,s,l,
1525806943.7859,9220.00000,0.00446425,s,l,
1525779684.6474,9231.00000,0.01734752,s,l,
1525779686.4726,9231.00000,0.21485929,s,l,
1525782396.9545,9147.00000,0.10000000,s,m,
1525779692.9488,9228.00000,0.27415998,s,l,
1525779693.5838,9228.00000,0.08799510,s,l,
1525779694.24,9228.00000,0.28891758,s,l,
1525779695.9411,9228.00000,0.07955500,s,l,
1525768744.2265,9385.50000,0.22320000,b,m,
1525783126.4199,9105.80000,0.22920000,b,m,
1525772979.4978,9258.90000,0.15000000,b,l,
1525779702.0467,9228.00000,0.01040000,s,l,
1525796090.5374,9173.40000,0.19670000,b,m,
1525779709.8494,9228.00000,0.01441037,s,l,
1525779710.4833,9228.00000,0.01492564,s,m,
1525804245.5218,9206.00000,1.00000000,b,m,
1525780032.8458,9215.00000,0.02535979,b,l,
1525782400.5802,9132.80000,0.07272503,s,m,
1525763333.6329,9351.20000,0.03500000,b,l,
1525804570.3353,9244.80000,0.01302346,s,l,
1525779719.9689,9226.80000,0.03857613,s,l,
1525793324.3236,9136.30000,0.05960192,s,m,
1525779725.6318,9226.80000,0.00516807,s,l,
1525763342.2645,9351.10000,0.00274805,s,l,
1525773665.1875,9322.00000,1.22481568,b,m,
1525779728.977,9212.80000,0.01000000,s,m,
1525779729.8564,9226.80000,0.02285054,b,l,
1525781048.5024,9080.00000,0.11000000,s,l,
1525804249.8469,9205.90000,0.00447064,s,l,
1525800398.2838,9152.90000,0.00003494,s,l,
1525778116.9945,9258.90000,0.00201936,b,l,
1525768728.1511,9376.30000,0.10000000,s,m,
1525779748.2375,9212.90000,0.00542717,s,l,
1525796135.231,9162.00000,0.00407977,b,l,
1525768876.6165,9391.90000,1.00000000,b,m,
1525771291.115,9300.00000,0.10000000,s,m,
1525779758.7268,9212.90000,0.99457283,b,l,
1525796143.3211,9163.90000,0.11030000,b,l,
1525796144.2552,9163.90000,0.09070000,b,l,
1525801811.3394,9140.00000,0.00054735,s,l,
1525796146.9892,9163.90000,0.03549658,b,l,
1525785139.9333,9149.50000,0.23170000,s,m,
1525796148.183,9163.90000,0.00203000,b,l,
1525796150.1183,9163.90000,0.02782804,b,l,
1525796155.5926,9163.80000,0.24820000,b,l,
1525780893.767,9157.70000,0.08410000,b,l,
1525793333.3992,9136.30000,0.94028000,s,m,
1525758525.5855,9338.10000,0.00500000,s,l,
1525798751.1132,9118.10000,0.00000520,b,l,
1525789503.3204,9147.00000,0.95000000,b,l,
1525782396.9575,9147.00000,0.15000000,s,m,
1525776038.2649,9282.60000,0.37790000,s,m,
1525756209.5009,9358.30000,0.05857852,s,l,
1525795559.5064,9155.00000,0.01000000,s,m,
1525776395.6112,9309.90000,0.22467203,b,m,
1525796178.5798,9161.50000,0.96254219,s,l,
1525762658.1417,9328.30000,0.00000880,b,l,
1525785145.9721,9160.40000,0.00075120,b,m,
1525804260.7201,9210.30000,3.30000000,b,m,
1525763418.5819,9346.30000,0.05346907,b,l,
1525779803.3859,9210.10000,0.01616176,s,l,
1525779805.3852,9215.00000,0.18983824,s,l,
1525771493.3956,9298.00000,0.14560000,s,m,
1525779808.4311,9215.00000,0.07619046,s,l,
1525779811.9085,9215.00000,0.07604440,s,l,
1525779813.589,9215.00000,0.03376113,s,l,
1525782417.8313,9132.80000,0.00117336,s,l,
1525768764.3936,9389.20000,2.40000000,b,m,
1525783759.9899,9132.80000,0.00000521,b,l,
1525779820.8646,9215.00000,0.05078506,s,l,
1525785125.1504,9160.30000,0.00176000,s,l,
1525778215.2881,9200.00000,8.00000000,s,m,
1525763441.9726,9343.70000,0.10000000,s,l,
1525779826.1637,9215.00000,0.18260000,s,l,
1525779828.4902,9215.00000,0.01403163,s,l,
1525779689.9038,9231.00000,0.05068050,s,l,
1525763448.3825,9343.90000,0.35437000,b,l,
1525796218.4436,9160.40000,0.00500000,s,l,
1525779835.6099,9215.00000,0.06185931,s,l,
1525767698.5865,9359.90000,0.02056571,s,l,
1525763462.8928,9342.30000,0.00448811,b,m,
1525779847.0452,9215.00000,0.13304962,s,l,
1525779848.4959,9215.00000,0.28216138,s,l,
1525779850.5221,9215.00000,0.01363343,s,l,
1525779851.4165,9215.00000,0.22467203,s,l,
1525779852.4829,9215.00000,0.22467203,s,l,
1525779854.5367,9215.00000,0.07703894,s,l,
1525790389.5595,9133.70000,0.13687629,s,l,
1525800402.9136,9153.00000,0.22002630,b,l,
1525779859.8492,9215.00000,0.03454344,s,l,
1525779694.1418,9228.00000,0.07548329,s,l,
1525779862.1793,9215.00000,0.03197409,s,l,
1525793348.6734,9130.60000,0.00496225,s,l,
1525804565.4338,9245.00000,0.02000000,b,m,
1525779695.2132,9228.00000,0.00646854,s,l,
1525772926.9609,9250.00000,0.02880000,s,m,
1525779871.1848,9202.70000,0.01450000,s,l,
1525779257.1033,9237.00000,0.27525276,b,m,
1525755121.9231,9423.00000,0.01061200,b,m,
1525771506.0959,9312.80000,2.04800000,b,m,
1525798813.8796,9128.70000,0.10906744,s,l,
1525778215.5233,9200.00000,1.80022690,s,m,
1525778266.1885,9182.00000,0.80000000,s,m,
1525768364.7322,9385.60000,0.01950000,b,l,
1525779893.7988,9205.90000,0.02068307,b,l,
1525768777.3362,9392.60000,1.94723196,b,m,
1525779896.1969,9206.00000,0.01120939,s,l,
1525778918.161,9199.30000,0.22610000,s,l,
1525778214.9186,9200.00000,0.20000000,s,m,
1525779905.1718,9206.10000,0.06777556,s,l,
1525782400.5587,9142.00000,0.00384696,s,m,
1525779908.829,9212.50000,0.02038529,b,m,
1525779909.7975,9206.20000,0.04305913,s,l,
1525776972.2639,9313.10000,0.00320714,b,l,
1525758941.3029,9323.50000,0.73629940,b,l,
1525779916.2587,9206.20000,0.01240000,s,l,
1525779918.353,9206.50000,0.00931866,s,l,
1525805226.8434,9204.50000,0.00402600,s,m,
1525782858.5535,9130.00000,0.24150000,s,l,
1525796308.0023,9156.80000,0.00899435,s,m,
1525796309.8639,9164.50000,0.54555000,b,l,
1525771513.6299,9290.90000,2.00000000,s,m,
1525779673.8382,9231.10000,0.12037830,b,l,
1525796090.5444,9173.50000,0.01050000,b,m,
1525758210.993,9330.00000,0.00438943,s,m,
1525779937.1277,9206.60000,0.18068134,s,l,
1525782438.4549,9132.70000,0.11671285,b,m,
1525779942.132,9206.20000,0.02441600,s,l,
1525779943.4141,9206.20000,0.12812487,s,m,
1525779947.2746,9212.30000,0.00769942,b,l,
1525796334.7995,9164.40000,0.20620000,b,l,
1525779952.7916,9206.20000,0.10812487,s,m,
1525782440.1894,9111.10000,0.18770497,s,m,
1525779954.78,9206.40000,0.10506480,s,l,
1525778215.7155,9186.10000,2.00000000,s,m,
1525775855.6208,9283.70000,0.19000000,s,l,
1525773626.226,9315.00000,0.01325667,b,m,
1525779711.7704,9228.00000,0.07446063,s,l,
1525796348.7736,9158.10000,0.00050000,s,m,
1525768789.4452,9392.40000,0.01996449,b,m,
1525768789.4352,9387.90000,1.00000000,b,m,
1525804169.3483,9220.00000,0.00550000,b,m,
1525774784.9897,9335.60000,0.12464181,s,l,
1525779713.0718,9228.00000,0.04580000,s,l,
1525789193.7691,9147.10000,0.05221000,s,l,
1525771522.4253,9301.00000,0.78540904,b,m,
1525784724.1952,9140.00000,0.06043918,b,l,
1525779985.2858,9214.50000,0.00525924,b,l,
1525771523.8851,9291.40000,0.27670000,s,m,
1525780887.4345,9150.00000,0.36113852,s,m,
1525779994.1711,9214.40000,0.05420000,b,l,
1525779995.9588,9214.90000,0.00477538,b,l,
1525768764.3907,9389.10000,0.83115447,b,m,
1525781312.1465,9088.20000,0.02600000,s,m,
1525782448.4997,9121.20000,0.36287520,b,l,
1525780004.9498,9214.10000,0.16520000,s,l,
1525771526.6472,9292.00000,0.80000000,s,m,
1525780006.4714,9213.90000,0.15920000,s,l,
1525780009.1409,9214.00000,0.00017621,s,m,
1525780010.9256,9214.90000,0.20000000,b,l,
1525780011.4096,9214.00000,0.05420000,s,l,
1525780017.0722,9214.10000,0.01524800,b,l,
1525780021.6949,9215.00000,0.01955731,b,l,
1525758227.041,9333.60000,0.05560000,s,l,
1525780023.1152,9215.00000,0.08739861,b,l,
1525796410.6328,9158.10000,0.01950000,s,l,
1525780027.1095,9215.00000,0.08396872,b,l,
1525763648.6368,9342.60000,0.00800000,b,m,
1525768800.9034,9392.90000,0.04510000,b,m,
1525780035.1536,9214.10000,0.05030000,s,l,
1525771291.0371,9300.00000,0.21948526,s,l,
1525780038.3324,9215.00000,0.51917687,b,l,
1525780045.556,9214.10000,0.30257687,s,m,
1525808282.8106,9223.60000,0.01305881,b,l,
1525804301.8444,9213.40000,0.00340000,b,m,
1525780049.2189,9222.80000,0.00335503,b,m,
1525780980.8536,9110.00000,0.02555744,s,l,
1525779726.5206,9226.80000,0.05625580,s,l,
1525796442.8837,9158.00000,0.01191668,s,l,
1525780060.4919,9222.80000,0.00339836,b,m,
1525767698.6006,9359.90000,0.01000000,s,l,
1525796446.7047,9158.10000,0.11216033,b,l,
1525797884.8482,9144.50000,0.00284908,s,l,
1525782459.5596,9120.60000,0.02408666,b,m,
1525804228.1748,9205.90000,0.00639160,s,l,
1525790437.1819,9133.80000,0.40157503,b,l,
1525804245.5317,9208.70000,0.06000000,b,m,
1525779729.8604,9226.80000,0.17354946,b,l,
1525798599.6526,9135.00000,0.21188473,s,l,
1525780895.9991,9145.60000,0.04470000,b,l,
1525796458.0813,9158.10000,0.47641841,b,l,
1525780075.4761,9222.40000,0.26049440,b,l,
1525780076.499,9215.20000,0.10916072,b,l,
1525780077.7526,9222.40000,0.00268891,b,l,
1525780079.5081,9222.20000,0.02820000,s,l,
1525758691.5283,9343.20000,0.17732436,b,m,
1525780082.9525,9222.40000,0.00462808,b,l,
1525780083.221,9222.20000,0.16150000,s,l,
1525805118.3,9210.00000,0.44245959,b,m,
1525782462.0621,9110.00000,0.07200000,s,l,
1525780089.0433,9222.30000,0.00545900,b,l,
1525780090.1537,9222.30000,0.04111939,b,l,
1525784724.1418,9140.00000,0.00027052,b,l,
1525763712.9883,9342.30000,0.14715640,b,l,
1525780097.1505,9222.00000,0.02618555,b,l,
1525763716.7432,9342.20000,0.03910000,s,l,
1525763717.1076,9342.70000,0.03910000,s,l,
1525782465.5741,9114.00000,0.25000000,s,l,
1525781002.3492,9083.00000,0.34832653,s,m,
1525783515.2077,9114.50000,0.00000521,b,m,
1525796119.8379,9172.70000,0.00967345,s,l,
1525780114.5142,9221.90000,0.00768198,s,l,
1525778215.822,9180.00000,0.07480551,s,m,
1525770631.086,9351.20000,0.00330000,s,l,
1525772821.1085,9276.70000,0.09595354,s,l,
1525800510.4687,9156.10000,0.00340000,b,l,
1525781550.4908,9134.80000,0.01072650,b,m,
1525785200.5864,9162.00000,0.16156626,b,l,
1525763746.0377,9345.80000,0.00200000,b,m,
1525780991.7977,9103.00000,0.11299584,s,l,
1525768800.8811,9389.60000,0.08655935,b,m,
1525806755.0989,9240.40000,0.00000019,s,l,
1525763752.9418,9345.60000,0.02000000,b,m,
1525780137.8017,9222.10000,0.00222174,b,l,
1525768818.6576,9393.00000,1.00000000,b,m,
1525778495.7867,9229.80000,0.09404384,b,l,
1525782472.9381,9110.00000,0.01470000,s,m,
1525761131.0365,9361.90000,0.02481362,s,l,
1525780150.0734,9222.00000,0.32000000,s,m,
1525777012.7231,9307.00000,0.80000000,s,l,
1525783892.0196,9149.00000,0.10600000,b,m,
1525763780.6632,9345.30000,1.00000000,b,l,
1525774458.7331,9319.40000,0.00000510,b,l,
1525780170.723,9224.80000,0.00960000,b,l,
1525784724.1868,9140.00000,0.04430283,b,l,
1525780181.0626,9224.20000,0.02280000,b,l,
1525772997.8871,9251.40000,0.00000008,s,m,
1525780186.8694,9224.20000,0.00514382,b,m,
1525786771.3713,9127.80000,0.09544243,b,l,
1525796582.9863,9155.40000,0.10922516,b,m,
1525799868.8881,9144.10000,0.00500000,s,l,
1525780204.09,9220.10000,0.00514382,s,m,
1525766098.4099,9354.50000,0.22480000,s,l,
1525796591.9283,9155.40000,0.10922516,b,m,
1525771560.1615,9309.40000,0.00000003,s,m,
1525780212.6266,9220.10000,0.00001897,s,m,
1525782472.9357,9110.00000,0.51800000,s,m,
1525781020.6334,9090.00000,1.00000000,s,m,
1525796601.6692,9155.40000,0.01920000,b,m,
1525782956.2792,9094.60000,0.47550603,s,m,
1525796606.3339,9155.40000,0.10922516,b,m,
1525756769.0858,9386.80000,0.02208356,s,l,
1525763841.1007,9344.00000,0.05000000,b,l,
1525796615.4826,9155.40000,0.10920846,b,m,
1525780232.0314,9220.00000,0.00000033,s,l,
1525796617.3303,9155.40000,0.09840000,b,l,
1525756416.1312,9369.00000,0.74700000,s,l,
1525796623.5266,9156.80000,0.10922516,b,m,
1525761688.1255,9318.00000,2.03600000,s,m,
1525785139.9039,9160.30000,0.00136000,s,m,
1525779805.272,9212.10000,1.00000000,b,l,
1525780916.1701,9145.30000,0.00800000,b,l,
1525779758.7969,9213.00000,0.00542717,b,l,
1525796631.5409,9156.30000,0.10921442,b,m,
1525772926.8837,9250.10000,0.01000000,s,m,
1525756770.1707,9386.80000,0.77809656,s,l,
1525768104.526,9374.70000,0.00000040,b,l,
1525789504.2085,9155.40000,0.10000000,b,m,
1525768227.9576,9377.10000,1.00000000,b,m,
1525790389.5721,9133.70000,0.06565185,s,l,
1525793414.8124,9134.50000,1.00000000,b,l,
1525799870.4684,9144.20000,0.00480121,b,l,
1525756828.7409,9386.50000,0.00634679,b,m,
1525796650.1865,9156.10000,0.10921670,b,m,
1525785223.7629,9162.00000,0.19409044,b,l,
1525783515.2108,9114.70000,0.06518800,b,m,
1525782493.528,9114.00000,0.00492600,s,l,
1525778215.9074,9177.00000,0.00983761,s,m,
1525796659.9464,9155.30000,0.10315635,b,m,
1525780278.6546,9220.00000,0.09770000,s,l,
1525780280.6485,9220.10000,0.00640000,b,l,
1525785370.1699,9159.20000,0.39780672,b,l,
1525772926.9737,9250.00000,0.02500000,s,m,
1525763902.4147,9343.40000,0.01550000,b,m,
1525768228.0101,9382.60000,0.00970841,b,m,
1525780289.8415,9220.10000,1.00000000,b,l,
1525768843.8062,9397.20000,1.12584342,b,m,
1525796679.0583,9156.10000,0.10921681,b,m,
1525776038.3125,9282.50000,0.18221955,s,m,
1525756128.7737,9358.00000,0.19000000,s,l,
1525796687.8642,9156.10000,0.10921681,b,m,
1525768901.334,9402.60000,2.47600000,b,m,
1525796689.168,9155.10000,0.00200000,s,m,
1525780310.0448,9220.00000,0.04367082,s,l,
1525796695.6507,9155.10000,0.00200000,s,m,
1525796696.222,9156.00000,0.07897666,b,m,
1525808502.3118,9212.10000,0.05248752,s,l,
1525785231.171,9162.00000,0.15741953,b,l,
1525804148.1602,9190.00000,0.00315335,b,m,
1525796705.3713,9156.30000,0.10921442,b,m,
1525772678.204,9285.00000,0.11226121,s,l,
1525771513.6385,9288.10000,0.20429024,s,m,
1525759183.1244,9330.80000,0.20000000,b,l,
1525801617.4369,9145.00000,0.25040000,b,l,
1525781436.1093,9090.80000,0.00000001,b,l,
1525798599.6359,9135.00000,0.77700000,s,l,
1525782503.5616,9113.90000,0.03510000,s,l,
1525785234.1918,9161.90000,0.05404481,s,l,
1525780232.0291,9220.00000,0.00016303,s,l,
1525753946.7434,9416.80000,0.01896499,b,l,
1525796721.7443,9155.90000,0.00240000,b,l,
1525786779.162,9127.80000,0.19080372,b,l,
1525768458.6306,9385.50000,0.04302564,s,l,
1525772049.3892,9294.30000,0.19000000,b,m,
1525782506.0479,9114.00000,0.01351787,b,l,
1525781087.2521,9050.00000,0.50000000,s,m,
1525768854.2082,9397.40000,1.05430709,b,m,
1525760047.1155,9355.30000,0.00000001,b,l,
1525806684.5499,9241.60000,0.00145000,s,l,
1525755137.0553,9422.90000,0.00371431,b,l,
1525796751.4397,9154.90000,0.00776365,s,l,
1525798599.7317,9135.00000,0.18752560,s,l,
1525784724.1743,9140.00000,0.01535800,b,l,
1525782510.8432,9113.90000,0.00048213,s,l,
1525784598.5233,9130.60000,0.00000520,b,l,
1525800965.0623,9151.50000,0.00009227,b,l,
1525783507.1178,9112.40000,0.28490000,s,l,
1525795225.4397,9175.80000,0.00800000,s,l,
1525756098.5702,9368.00000,0.15650000,s,l,
1525768777.2972,9385.90000,0.02195171,b,m,
1525772947.6317,9247.30000,1.49000000,s,m,
1525780995.0411,9100.00000,0.22790716,s,l,
1525782515.3204,9113.30000,0.00500000,b,l,
1525784599.3628,9132.00000,0.02178422,b,l,
1525805458.1954,9210.00000,0.03990501,b,l,
1525804362.1705,9198.80000,0.00780000,s,l,
1525784724.1597,9140.00000,0.00730000,b,l,
1525785248.7626,9162.00000,0.05600000,b,m,
1525794060.0687,9136.10000,0.22024627,s,m,
1525785145.975,9160.40000,0.02650000,b,m,
1525788964.2256,9145.00000,0.10934000,b,m,
1525795969.0833,9168.40000,0.50000000,b,l,
1525771506.0931,9311.80000,2.47774641,b,m,
1525780980.8872,9110.00000,0.00234637,s,l,
1525779068.6128,9213.20000,1.00000000,b,l,
1525778417.6493,9199.70000,0.00543496,s,m,
1525796815.0644,9154.90000,0.00200000,s,m,
1525780434.4979,9226.00000,0.50000000,s,l,
1525781079.1073,9065.20000,0.01500000,s,m,
1525771598.4623,9310.00000,0.80000000,b,l,
1525804786.7669,9223.00000,0.09736335,b,l,
1525753503.8533,9400.00000,0.00100000,s,m,
1525758210.9893,9330.00000,0.00561057,s,m,
1525780792.741,9211.00000,0.01750000,s,l,
1525780996.0908,9100.00000,0.00200000,s,l,
1525800422.0647,9154.00000,0.74559076,b,l,
1525777063.5437,9306.70000,0.76754629,s,m,
1525796846.4049,9154.90000,0.00401100,s,l,
1525780467.4863,9223.30000,0.83618555,b,m,
1525782503.5515,9113.90000,0.02826600,s,l,
1525794272.1015,9149.00000,0.37166209,b,l,
1525787988.214,9119.80000,0.00900000,s,l,
1525792900.179,9160.00000,0.02256000,b,l,
1525778215.2697,9200.00000,0.10000000,s,m,
1525766144.5073,9360.80000,0.02940000,s,l,
1525803279.8987,9059.10000,0.90200000,s,m,
1525758469.4001,9331.40000,1.00000000,s,l,
1525780489.4433,9220.90000,0.00314492,b,m,
1525761688.0833,9333.70000,0.00276330,s,m,
1525781874.3519,9092.00000,0.15040000,b,l,
1525780851.3242,9190.00000,0.20850304,s,l,
1525778170.8961,9220.00000,0.00200000,s,m,
1525778215.5785,9196.50000,0.00631329,s,m,
1525781905.03,9090.00000,0.00100151,b,l,
1525764115.5216,9346.50000,0.05027281,s,m,
1525780887.2573,9150.00000,0.00291628,s,m,
1525780504.7163,9225.60000,0.00480000,b,m,
1525768789.4484,9393.00000,0.37703551,b,m,
1525785264.7237,9162.00000,0.01350563,b,m,
1525780521.9457,9229.70000,0.21070000,b,m,
1525780887.3842,9150.00000,0.02446953,s,m,
1525780523.2374,9220.60000,1.00000000,s,l,
1525796909.1147,9155.10000,0.00200000,b,m,
1525779805.2664,9212.10000,1.00000000,b,l,
1525780898.2826,9145.50000,0.06460000,b,l,
1525774344.7273,9308.00000,0.19000000,s,l,
1525796915.1051,9155.10000,0.00200000,b,m,
1525804382.874,9198.80000,0.35110000,s,m,
1525772060.4625,9292.20000,0.00599457,s,m,
1525777077.4896,9306.70000,0.00000108,s,m,
1525781054.1042,9070.50000,0.14424666,s,m,
1525779808.7742,9215.00000,0.11000000,s,l,
1525766155.382,9360.90000,0.19853738,b,l,
1525796934.2408,9156.90000,0.06536276,b,m,
1525771617.2826,9309.30000,0.03200000,s,l,
1525773915.9033,9298.80000,0.02441022,s,l,
1525766156.8906,9359.80000,0.15121736,b,l,
1525785139.9162,9158.00000,0.10000000,s,m,
1525793333.4037,9134.10000,2.37975072,s,m,
1525766157.404,9359.80000,0.00373895,b,l,
1525768888.2086,9399.50000,1.70000000,b,m,
1525780980.8723,9110.00000,0.01525147,s,l,
1525770754.5774,9340.90000,0.22260000,b,m,
1525780568.4353,9223.40000,0.08863963,b,l,
1525780991.9132,9100.00000,0.08548726,s,m,
1525764189.517,9349.90000,0.02500000,s,m,
1525780575.7185,9227.60000,0.00509914,b,m,
1525804245.5426,9211.70000,1.79000000,b,m,
1525785275.4602,9159.60000,0.00420578,b,l,
1525808064.2051,9239.90000,0.00114517,b,m,
1525796966.1524,9156.50000,0.00300000,b,m,
1525804148.3067,9200.00000,0.01000000,b,m,
1525798599.5864,9135.00000,0.00500000,s,m,
1525788190.9665,9118.30000,0.12316304,b,l,
1525759972.9138,9356.90000,0.01425376,b,m,
1525796973.2898,9155.00000,0.10000000,s,l,
1525781444.4921,9099.60000,0.00396805,s,l,
1525780595.3183,9223.00000,0.02801784,s,l,
1525794971.3043,9170.00000,0.00650000,b,l,
1525780597.9024,9223.00000,0.03137425,s,l,
1525764214.6736,9349.90000,0.00214759,s,l,
1525764215.8718,9350.00000,0.36888590,b,l,
1525764216.0339,9350.00000,0.03147695,b,l,
1525780601.306,9223.00000,0.39543317,s,l,
1525803255.6533,9100.00000,0.04000000,s,l,
1525755242.5001,9422.80000,0.02010049,s,m,
1525775331.0911,9318.60000,0.26890000,s,m,
1525778904.6661,9202.60000,0.08707390,s,m,
1525802721.8125,9123.30000,0.03020000,s,l,
1525778736.9957,9220.10000,1.00000000,b,l,
1525796996.6116,9155.30000,0.05000000,s,l,
1525767696.7888,9360.00000,0.02500000,b,l,
1525804396.7182,9198.90000,0.05828511,b,l,
1525780887.2995,9150.00000,0.20136426,s,m,
1525780980.8428,9110.00000,0.00348488,s,l,
1525783515.2194,9117.00000,0.10000000,b,m,
1525764241.4125,9350.00000,0.01580000,b,l,
1525790246.0671,9136.70000,1.22927804,b,m,
1525764244.0525,9350.00000,0.15289055,b,l,
1525788014.7134,9119.80000,0.09600000,s,l,
1525771513.6034,9298.60000,0.01837165,s,m,
1525757978.2143,9373.20000,0.00074524,s,l,
1525768901.3317,9402.30000,2.40000000,b,m,
1525776085.0761,9307.40000,0.26000000,b,m,
1525804400.9026,9198.90000,0.32471581,b,l,
1525769331.5081,9395.20000,0.75106407,s,l,
1525780991.8257,9100.00000,1.00000000,s,l,
1525768800.9007,9392.90000,0.67500000,b,m,
1525770912.8737,9333.50000,0.00633577,s,m,
1525763441.9767,9342.20000,0.89170078,s,l,
1525780650.233,9220.00000,0.00480000,s,m,
1525804222.5221,9197.00000,0.80000000,s,m,
1525780893.6371,9149.20000,0.12000000,s,m,
1525778870.9247,9210.40000,0.00002891,s,m,
1525764275.305,9356.30000,0.01730872,b,l,
1525800430.2152,9154.00000,0.00207480,b,l,
1525797049.2705,9155.00000,0.00544443,b,l,
1525780666.7284,9220.00000,0.50000000,s,l,
1525763441.9413,9346.00000,0.00829922,s,l,
1525759972.9617,9356.90000,0.01952290,b,m,
1525778215.7389,9181.30000,0.10000000,s,m,
1525803267.9855,9091.00000,2.00000000,s,l,
1525780899.076,9145.60000,0.35558817,b,l,
1525768744.241,9389.80000,1.60000000,b,m,
1525797066.4193,9154.90000,0.00016879,s,l,
1525797073.2824,9155.00000,0.00382304,b,l,
1525767696.4392,9360.00000,0.02030157,b,l,
1525797081.5973,9154.90000,0.00768745,s,l,
1525804249.8632,9205.80000,0.00052698,s,l,
1525770424.4473,9366.70000,0.00000003,s,m,
1525764316.0661,9351.00000,1.00000000,s,l,
1525764320.3517,9352.10000,0.76940000,b,m,
1525780705.3711,9220.00000,0.08234224,s,l,
1525781087.173,9052.00000,0.00250000,s,m,
1525755694.988,9417.40000,0.51277055,s,m,
1525782800.5301,9129.40000,0.02200000,b,l,
1525780710.042,9220.10000,0.52788182,b,l,
1525780711.8568,9220.00000,0.02554510,s,l,
1525780713.1822,9220.00000,3.89146911,s,l,
1525781147.2873,9080.00000,0.77700000,s,m,
1525779266.3842,9240.00000,0.10000000,b,m,
1525770754.5843,9341.00000,0.01000000,b,m,
1525768764.3879,9386.50000,2.00000000,b,m,
1525780996.1182,9100.00000,0.10000000,s,l,
1525767696.4816,9360.00000,0.00648380,b,l,
1525803329.9444,9108.00000,11.74910456,b,l,
1525776972.2673,9313.30000,0.04136919,b,l,
1525755695.0053,9402.80000,0.26840000,s,m,
1525781523.5629,9129.10000,0.00230557,b,m,
1525788033.5728,9117.10000,0.18193990,b,l,
1525795588.3032,9146.20000,1.79000000,s,l,
1525797132.0837,9155.60000,0.11003101,s,l,
1525780749.3645,9215.00000,0.00379815,s,l,
1525768789.4318,9386.50000,2.46900000,b,m,
1525780753.1727,9215.00000,0.01750000,b,l,
1525767698.5805,9359.90000,0.00604673,s,l,
1525788035.1864,9117.10000,0.01000000,b,l,
1525797140.0566,9155.60000,0.05000000,s,l,
1525798958.2079,9140.40000,0.06760000,b,l,
1525802722.1555,9123.20000,0.52000000,s,l,
1525781121.0964,9066.90000,1.05703173,s,l,
1525780763.843,9211.10000,0.01750000,b,l,
1525780764.4015,9211.00000,0.00240000,s,l,
1525793498.7865,9128.00000,0.06000000,s,l,
1525780767.7771,9211.00000,0.50000000,s,m,
1525786668.5887,9122.10000,0.00048684,s,l,
1525797153.7935,9154.90000,0.05000000,s,l,
1525794866.5934,9173.40000,0.33621773,b,m,
1525783191.1639,9106.80000,0.10000000,s,l,
1525774385.1781,9313.00000,0.00409953,b,m,
1525779847.2377,9215.00000,0.08635490,s,l,
1525780967.4705,9119.90000,0.10618500,b,m,
1525797168.0532,9155.00000,0.05000000,s,l,
1525774387.6807,9313.00000,0.00156085,b,m,
1525780789.3916,9211.10000,0.00200000,b,l,
1525781118.7868,9071.80000,0.22301192,b,l,
1525786794.6269,9127.80000,0.20533792,b,l,
1525771407.3335,9289.90000,0.00200739,b,m,
1525768927.1208,9390.90000,0.00633448,b,m,
1525805390.8719,9210.00000,0.02500000,b,l,
1525778215.8561,9180.00000,2.06098438,s,m,
1525780906.4105,9146.40000,0.18746633,b,l,
1525779851.5222,9215.00000,0.04480000,s,l,
1525780805.9632,9208.00000,1.00000000,s,l,
1525780806.8858,9206.00000,0.04575695,s,l,
1525764424.6115,9353.40000,0.87300000,b,l,
1525779852.5751,9215.00000,0.01319926,s,l,
1525793887.8324,9148.60000,0.00558241,b,l,
1525768744.2436,9389.90000,1.00000000,b,m,
1525780812.8218,9202.90000,0.00850000,s,l,
1525793506.2651,9128.90000,0.01708611,b,m,
1525780814.2477,9202.90000,0.10375168,s,l,
1525780815.1551,9202.90000,0.01600000,b,l,
1525782584.7403,9113.10000,0.00655528,b,l,
1525768931.7301,9388.10000,0.00000004,s,m,
1525780820.07,9202.80000,0.03377648,s,l,
1525780822.7437,9202.70000,1.00000000,s,l,
1525781215.404,9093.00000,0.00000007,s,m,
1525780825.889,9201.20000,0.04585693,s,l,
1525758211.0027,9327.20000,0.00256267,s,m,
1525780827.7152,9201.10000,0.02105685,s,m,
1525780828.5872,9201.90000,0.00200000,b,l,
1525804148.2442,9200.00000,0.00226439,b,m,
1525797214.3806,9156.50000,0.19930000,b,l,
1525804799.9801,9221.00000,0.50975883,s,l,
1525780832.2755,9196.10000,0.10331250,s,m,
1525780840.3201,9196.10000,0.00661238,s,l,
1525780841.2676,9196.10000,1.01054143,s,l,
1525792797.1169,9152.00000,1.09912070,b,l,
1525758972.5306,9323.00000,0.03500000,s,l,
1525786686.1781,9122.10000,0.02171000,s,l,
1525780858.8358,9178.00000,0.01410000,s,m,
1525780851.3217,9190.00000,0.27190283,s,l,
1525780853.5703,9182.50000,0.02551075,s,m,
1525780854.6473,9181.10000,0.14551075,s,l,
1525804436.2356,9220.00000,0.10000000,b,m,
1525780858.7537,9179.20000,0.01320000,s,m,
1525776085.067,9305.00000,0.70000000,b,m,
1525780861.3193,9177.00000,0.01696464,s,m,
1525780862.1124,9180.40000,0.00200000,b,l,
1525780863.885,9179.30000,0.02745017,b,l,
1525778215.9038,9177.00000,0.00237160,s,m,
1525753517.0946,9407.10000,0.09280109,b,l,
1525764482.3297,9352.20000,0.12800000,b,m,
1525797251.6879,9155.40000,0.00400000,s,m,
1525780869.8287,9180.00000,0.20000000,s,m,
1525780870.8838,9177.30000,0.17318186,b,l,
1525780871.183,9177.30000,0.12229471,b,l,
1525780872.8281,9179.30000,0.05200443,b,l,
1525780916.3925,9138.70000,0.10000000,s,m,
1525780874.1131,9180.20000,0.05822800,b,l,
1525797260.0713,9156.50000,0.05000000,b,m,
1525791020.1152,9120.20000,0.00196601,b,l,
1525777133.7879,9306.00000,0.80000000,s,l,
1525778904.6386,9202.70000,0.20490000,s,m,
1525780881.6478,9177.30000,0.05451645,b,l,
1525780882.6118,9177.30000,0.94548355,b,l,
1525780885.9309,9180.40000,0.03070000,b,l,
1525780887.1451,9157.10000,0.00514904,s,l,
1525780889.0828,9177.30000,0.03002091,s,l,
1525780891.1956,9168.70000,0.00186711,s,l,
1525780892.8814,9166.00000,0.18340000,b,l,
1525780893.8198,9157.70000,0.15100000,b,l,
1525780894.051,9145.00000,0.01000000,s,m,
1525790789.5251,9132.00000,0.05223704,s,l,
1525780896.8219,9145.60000,0.05159074,b,l,
1525785328.2159,9159.00000,0.00225000,s,l,
1525780898.2472,9145.50000,0.01460000,b,l,
1525780899.0808,9145.60000,0.50000000,b,l,
1525780900.5798,9145.60000,0.15590000,s,l,
1525780902.0155,9145.50000,0.01000000,b,m,
1525780904.3316,9145.20000,0.74723085,b,l,
1525780905.3818,9145.00000,0.02000000,s,l,
1525780906.3639,9145.40000,0.38600000,b,l,
1525780907.1999,9150.00000,0.02912719,b,l,
1525780908.154,9150.00000,0.07020000,b,l,
1525780909.3185,9150.40000,2.18567281,b,l,
1525780910.2567,9145.30000,1.00000000,b,l,
1525780912.9948,9145.20000,0.00590000,s,l,
1525791011.1541,9119.80000,0.01686484,s,l,
1525767698.5943,9359.90000,0.00510000,s,l,
1525780915.43,9145.00000,2.85254986,s,l,
1525780916.3045,9145.30000,0.06720832,b,l,
1525803268.9761,9090.00000,0.02200000,s,m,
1525780918.5244,9145.30000,0.04063170,b,l,
1525780919.4096,9139.40000,0.00200000,b,l,
1525780921.1407,9135.60000,1.00000000,b,l,
1525780922.9796,9139.40000,0.01750000,b,l,
1525780923.9674,9135.60000,1.00000000,b,l,
1525778214.6211,9210.00000,0.04997991,s,m,
1525780927.3683,9134.90000,0.00532200,b,l,
1525800650.9416,9150.00000,0.00500000,s,l,
1525780929.7421,9134.80000,0.50000000,s,l,
1525780930.0234,9134.90000,0.20750000,b,l,
1525780931.1754,9134.90000,0.00289836,b,l,
1525761327.9441,9342.90000,0.00446865,b,l,
1525771523.8758,9296.20000,1.00000000,s,m,
1525764553.3571,9349.80000,0.11520000,b,l,
1525780939.5554,9131.00000,0.00044387,s,l,
1525780941.8421,9133.80000,0.04629110,b,l,
1525780942.9234,9131.70000,0.20760000,s,l,
1525780944.0446,9133.10000,0.50908056,b,l,
1525780947.9845,9131.40000,0.15720000,b,l,
1525780948.0579,9131.00000,0.04730000,s,l,
1525784617.5463,9132.40000,0.00000572,s,m,
1525780950.8891,9131.40000,0.07450000,b,l,
1525797335.8752,9154.90000,0.00400000,s,m,
1525804803.8994,9217.50000,0.00742934,s,m,
1525780953.8242,9123.00000,0.06750000,s,l,
1525764570.6383,9349.60000,0.00447596,b,m,
1525780957.3087,9127.00000,0.00800000,b,m,
1525776085.0377,9299.10000,0.06000000,b,m,
1525780959.7813,9125.30000,0.10060000,s,l,
1525764576.0947,9351.90000,0.58629000,b,l,
1525780961.4788,9120.30000,0.11358534,b,l,
1525780962.7764,9120.10000,0.20780000,b,l,
1525776038.2572,9285.20000,0.97900622,s,m,
1525797349.5248,9155.00000,0.02340000,b,l,
1525797350.2331,9154.80000,0.00334308,s,l,
1525780967.4737,9119.90000,0.00333036,b,m,
1525780968.7478,9110.00000,0.00197607,s,m,
1525768956.7852,9401.30000,1.87915988,b,m,
1525781010.4747,9090.00000,0.03473960,s,l,
1525780973.0814,9115.80000,0.47590000,b,l,
1525780978.9604,9110.30000,0.21950000,b,l,
1525778215.7473,9180.00000,0.06525000,s,m,
1525780980.778,9110.10000,0.20810000,s,l,
1525780981.6509,9110.10000,0.20810000,b,l,
1525780983.5287,9110.10000,0.50000000,b,l,
1525780984.699,9105.00000,0.20000000,s,l,
1525790389.5474,9133.70000,0.08333304,s,l,
1525780986.6901,9105.00000,0.15168171,b,l,
1525768959.4709,9393.10000,0.00000012,s,m,
1525780988.6512,9104.90000,0.03730000,b,l,
1525780989.254,9104.30000,6.54180000,s,l,
1525780990.6089,9104.80000,0.00416622,b,l,
1525780991.8302,9100.00000,0.50000000,s,l,
1525780992.9867,9100.00000,0.00008046,s,m,
1525771349.1016,9269.90000,0.10441166,s,m,
1525780994.5687,9100.00000,2.61519806,s,l,
1525780995.0684,9100.00000,1.46264400,s,l,
1525780996.0767,9100.00000,3.00000000,s,l,
1525780997.4404,9098.60000,0.18690000,b,l,
1525780998.0224,9098.60000,0.20830000,b,l,
1525785345.8809,9153.00000,0.00002866,s,m,
1525781000.7117,9089.00000,0.07500000,b,l,
1525781001.2591,9088.80000,0.01750000,s,m,
1525781002.3383,9086.90000,0.15000000,s,m,
1525781003.4261,9088.50000,0.02080000,b,l,
1525781004.4599,9088.50000,0.05260000,b,l,
1525784724.1281,9140.00000,0.00160591,b,l,
1525793348.6665,9134.90000,0.00105775,s,l,
1525781009.3664,9098.40000,0.15000000,b,l,
1525781010.4716,9090.60000,0.03040000,s,l,
1525781011.6578,9091.80000,0.11669810,b,l,
1525780887.1911,9151.00000,0.10000000,s,l,
1525781015.4152,9091.80000,0.00650500,b,l,
1525781018.6137,9091.80000,0.00554176,s,l,
1525797403.063,9150.00000,0.10000000,b,l,
1525781020.6214,9090.00000,0.17500000,s,m,
1525781021.4057,9090.00000,8.20000000,s,l,
1525801532.1583,9139.90000,0.68220000,s,l,
1525797408.0341,9149.90000,0.03995317,s,m,
1525804586.6926,9252.80000,0.30724000,b,m,
1525781026.7482,9090.60000,0.00340000,b,l,
1525781027.3255,9090.60000,0.01220000,b,l,
1525804260.0643,9201.60000,0.00434707,s,l,
1525781030.5723,9090.00000,0.45626040,s,l,
1525804465.4587,9220.00000,0.10000000,b,l,
1525781032.0201,9090.10000,0.05330000,b,l,
1525781034.9938,9088.90000,0.00651248,b,l,
1525781035.0009,9088.90000,0.54348752,b,l,
1525781036.5743,9088.90000,0.74798130,b,l,
1525781038.12,9083.10000,0.11000000,s,l,
1525797423.5173,9150.00000,0.08341153,b,l,
1525781040.309,9083.10000,0.14424666,s,l,
1525781042.4614,9083.20000,0.06430000,b,l,
1525804467.261,9224.00000,0.16224118,b,l,
1525781044.3863,9083.00000,0.29641395,s,l,
1525781045.9179,9083.10000,4.32900000,b,l,
1525781047.4993,9083.10000,0.67100000,b,l,
1525781048.4977,9081.00000,0.00550600,s,l,
1525778501.1752,9229.60000,0.34273200,b,l,
1525781052.7924,9074.90000,0.22657571,s,m,
1525781053.9417,9075.00000,0.02410000,b,l,
1525781054.1099,9070.40000,0.10435184,s,m,
1525772926.9792,9249.10000,0.12096579,s,m,
1525781057.9231,9075.00000,0.02260000,s,l,
1525781058.1662,9072.20000,0.07968346,b,l,
1525781059.2822,9070.30000,0.04575695,s,m,
1525778392.4761,9197.70000,0.08514371,b,l,
1525781063.7036,9070.10000,0.00670000,b,l,
1525781064.0279,9070.00000,0.11110000,s,l,
1525781065.9526,9070.10000,0.01220000,b,l,
1525781068.6696,9070.10000,0.07422664,b,l,
1525781069.1459,9069.00000,0.16076678,s,m,
1525781070.676,9070.00000,0.00472891,b,m,
1525793549.6337,9139.20000,0.20420000,s,l,
1525781072.2994,9069.00000,0.13440000,s,l,
1525783530.9081,9112.40000,0.00430000,s,l,
1525780980.835,9110.00000,0.09231879,s,l,
1525781075.2167,9069.00000,0.70483322,s,l,
1525781076.2402,9068.90000,0.02390000,b,l,
1525759891.8779,9330.80000,0.20000000,b,m,
1525764694.3521,9352.10000,0.21760000,b,l,
1525781079.1037,9065.20000,0.01500000,s,m,
1525781080.8296,9070.30000,0.75642595,b,l,
1525768800.9062,9393.00000,2.32296449,b,m,
1525781082.0551,9063.40000,0.16278601,s,m,
1525768975.3974,9393.00000,0.07909500,s,m,
1525781084.6523,9067.60000,0.03430000,b,l,
1525797470.5813,9154.80000,0.00890000,b,l,
1525781087.2169,9050.00000,0.00240975,s,m,
1525781088.4793,9065.10000,0.23062656,s,l,
1525781091.7186,9072.10000,2.34300000,b,l,
1525781092.5821,9067.50000,0.00820000,b,l,
1525781093.5732,9072.00000,0.19080788,b,l,
1525781593.397,9138.90000,0.26549697,s,l,
1525781096.4804,9065.10000,0.09000000,s,l,
1525797481.0686,9154.80000,0.18160000,b,l,
1525781099.5826,9067.00000,0.30300000,b,l,
1525768978.8665,9393.00000,0.67847000,s,l,
1525781102.9393,9066.90000,0.15673690,b,l,
1525754744.6811,9417.40000,1.00000000,b,m,
1525799898.9199,9144.20000,0.01146272,b,l,
1525781105.8149,9066.90000,0.00535363,b,l,
