time,price,volume,buy_or_sell,market_or_limit,misc
1526202370.8576,13.820000,9.97406756,s,m,
1526561856.9065,13.150300,0.00000070,s,m,
1526375381.424,14.190000,0.03993608,b,m,
1526524588.4881,13.589900,3.31560009,b,l,
1526267914.5711,13.884900,4.32124106,s,l,
1526306135.1313,13.978200,15.38370727,s,l,
1526202370.8268,13.842700,6.29328976,s,l,
1526595603.6222,12.340000,125.00000000,s,l,
1526460949.9558,12.140000,125.00000000,b,m,
1526421494.8977,12.770000,445.69946284,s,m,
1526546277.2898,13.017200,0.14499481,s,m,
1526579204.447,12.720000,5.72712590,s,l,
1526595610.3282,12.320000,60.25357076,s,l,
1526497307.2181,12.234900,40.98360000,s,l,
1526440018.6844,12.261700,81.55475900,s,l,
1526604426.8222,11.920000,13.97858031,s,m,
1526661153.6364,12.370500,18.94138893,b,l,
1526466968.2922,12.765700,510.11000000,b,m,
1526497318.6277,12.250000,20.40816000,b,l,
1526396524.9541,13.391200,3.00000000,s,m,
1526437774.8931,13.200000,10.00000000,b,m,
1526366253.7058,14.200000,111.63490941,b,l,
1526521525.5291,13.890000,0.09817893,b,l,
1526311858.5676,14.389100,212.83910253,s,l,
1526200733.4898,13.939000,0.00000332,b,l,
1526595641.3445,12.369700,100.00000000,b,m,
1526399036.2243,13.520000,22.29581858,s,l,
1526267914.5784,13.884800,5.32900000,s,l,
1526399038.2995,13.520000,51.23176043,s,l,
1526399039.8159,13.520000,31.47242099,s,l,
1526416777.3167,12.975300,9.85410000,s,m,
1526494566.4473,12.210000,250.00000000,b,m,
1526210446.9906,14.150100,991.84500000,s,m,
1526253781.779,14.639300,37.00000000,s,m,
1526596020.3646,12.333800,991.84500000,s,l,
1526659097.7175,12.356800,469.23689103,b,l,
1526595597.8911,12.348800,5.00000000,b,m,
1526371477.8574,14.000100,100.00000000,s,l,
1526309847.281,14.370000,0.00001431,b,l,
1526198662.9808,14.080000,77.12125934,b,l,
1526606522.5591,12.230000,10.98242816,b,l,
1526267998.4507,13.900000,71.94244000,s,l,
1526169697.7344,14.011100,3.90640000,s,l,
1526307418.291,14.265900,254.88677799,b,m,
1526567306.7051,13.357600,14.97277000,b,l,
1526575536.1912,12.750000,182.80500000,b,m,
1526661230.0874,12.381400,3.24000000,b,m,
1526333552.9991,14.356900,10.00000000,b,m,
1526418840.991,12.977600,0.00391733,s,m,
1526169715.1593,13.966500,3.92040000,s,l,
1526169716.4559,13.966500,3.91760000,s,l,
1526477335.296,12.048200,10.79494356,b,m,
1526476791.7684,12.213600,35.95438401,s,l,
1526577175.0306,12.800100,15.05800000,s,l,
1526217866.5785,14.140000,250.00000000,b,l,
1526558626.5102,13.358000,128.17330000,b,m,
1526465767.7537,12.672500,0.00026974,b,l,
1526582631.9762,12.410000,0.00021227,b,l,
1526231115.3177,14.980000,93.96780000,s,l,
1526230156.8642,14.700000,273.05892759,b,m,
1526524611.4258,13.500700,161.59978318,s,m,
1526230905.1559,15.000000,15.00000000,b,m,
1526306158.0439,13.978200,46.26730000,b,l,
1526333592.3501,14.242500,0.05102586,s,m,
1526424437.6626,12.500000,11.96888091,s,m,
1526191471.4131,13.759000,21.33525692,b,m,
1526269149.6438,13.671500,0.00002704,b,m,
1526268062.7616,13.606300,1300.00000000,s,m,
1526268063.378,13.800100,3.50000000,s,l,
1526366370.9961,14.200000,524.98000000,b,l,
1526366373.1575,14.200000,483.49000000,b,l,
1526268071.4985,13.795200,4.34933890,s,l,
1526399145.3245,13.503000,11.45974535,s,l,
1526268076.9601,13.729000,49.51251251,b,l,
1526543313.1054,13.110400,153.64398903,s,m,
1526628529.9587,12.600000,120.00000000,s,l,
1526595762.5221,12.343600,5.00000000,b,l,
1526628532.2578,12.586500,4.93791432,b,l,
1526366389.3454,14.200000,101.88332861,b,l,
1526366390.7425,14.200000,5.00500501,b,l,
1526366393.4247,14.200000,20.55500000,b,l,
1526366395.5669,14.200000,500.00000000,b,l,
1526366399.0634,14.200000,1115.20125647,b,l,
1526628545.4046,12.629900,54.21160896,b,m,
1526366402.847,14.230000,0.00005691,s,l,
1526479736.5042,12.041300,20.87600000,s,l,
1526419163.9424,12.977100,25.00000000,s,m,
1526595782.3032,12.419900,160.12086249,b,l,
1526303304.0853,13.392500,4.48011947,s,l,
1526399178.8481,13.503000,5.04499134,s,l,
1526399180.0421,13.501000,50.00000000,s,l,
1526200738.3976,13.890000,500.00000000,s,m,
1526235348.3949,14.750000,14.64334200,s,l,
1526497494.4831,12.250100,20.40900000,s,m,
1526366424.148,14.250000,59.13171578,b,l,
1526521112.6165,13.563700,10.72800000,b,m,
1526307418.2875,14.265900,5.00000000,b,m,
1526497508.2725,12.209200,400.00000000,s,m,
1526268133.3484,13.699900,43.37528230,b,l,
1526563048.6839,13.180000,125.00000000,b,l,
1526218197.3808,14.060000,13.35659786,s,l,
1526268139.9077,13.678300,0.00000014,s,m,
1526268141.8555,13.700000,39.64742306,b,l,
1526300911.8045,13.624000,143.10928835,s,l,
1526431986.7642,12.769600,10.00000000,b,l,
1526561105.7612,13.131400,0.00000031,s,m,
1526257022.5006,14.410600,28.37342710,s,m,
1526546473.0437,13.120000,70.74682165,b,m,
1526661372.9512,12.380400,13.42810000,b,l,
1526229717.4419,14.650000,10.00000000,b,m,
1526661377.7953,12.380600,6.94924380,s,l,
1526169859.9412,14.040000,3.50000000,b,m,
1526394961.5794,13.500000,44.24605800,s,l,
1526168006.1759,14.210000,125.00000000,b,l,
1526187966.143,13.528400,71.48843524,s,m,
1526311640.2709,14.256000,9.00000000,b,l,
1526530323.0738,13.450000,113.03838662,b,l,
1526494566.4859,12.264200,37.50000000,b,m,
1526491865.6917,12.200000,193.28799371,b,l,
1526202654.2577,13.890000,36.95773454,b,l,
1526429878.5338,12.999400,23.84600000,b,l,
1526202656.0242,13.880000,47.43844413,b,l,
1526202658.116,13.880000,0.00979178,b,l,
1526170902.0336,13.986700,141.01209742,b,m,
1526601096.7292,12.297000,400.00000000,b,m,
1526268210.4502,13.633600,57.24782053,s,l,
1526349875.2656,13.980000,287.42494770,s,l,
1526268213.2068,13.630000,0.00456484,b,l,
1526268215.9936,13.618200,0.00004879,s,m,
1526432056.0782,12.620000,1078.68910000,s,m,
1526309196.6868,14.307900,0.10378123,b,m,
1526202683.8189,13.900000,30.15355355,b,l,
1526254529.0462,14.600000,1203.85093338,s,m,
1526312795.0927,14.395800,167.52300000,s,l,
1526333759.8323,14.230300,15.00000000,s,m,
1526312844.2319,14.597300,0.00908893,b,m,
1526360368.948,14.030100,0.00026025,s,m,
1526268231.7101,13.596900,1300.00000000,s,l,
1526440020.6086,12.240000,27.33670000,b,l,
1526258572.5944,14.574900,9.00217070,b,l,
1526268236.6515,13.560000,0.39387170,s,m,
1526273848.0764,13.730600,7.14000000,s,l,
1526268240.4041,13.587900,35.00000000,s,m,
1526424424.3293,12.510100,57.31130000,s,l,
1526432083.1082,12.739900,28.33613995,s,l,
1526305491.7666,13.180000,0.25542888,b,l,
1526253117.6939,14.747700,0.00044270,s,m,
1526530399.5828,13.447200,9.00000000,b,l,
1526169953.4262,14.039900,0.00071175,s,l,
1526169954.56,14.039900,9.26993238,b,l,
1526169955.784,14.040000,9.25853550,b,l,
1526301028.5454,13.608200,73.48510400,s,l,
1526435336.7656,12.310100,24.56612812,s,l,
1526493267.2999,12.238700,16.81266000,b,m,
1526520595.6434,13.439900,16.01500000,b,m,
1526235762.8409,14.889500,6.92000000,b,m,
1526437774.8214,12.019800,130.48738200,b,m,
1526186045.4002,13.762600,0.00709000,s,m,
1526595952.3747,12.330000,160.00000000,b,l,
1526301041.572,13.600000,5.18218218,b,l,
1526235506.583,14.874300,3.80000000,b,m,
1526169972.3902,14.042500,0.09401787,s,m,
1526432118.1611,12.740000,9.27708402,s,l,
1526436621.3526,12.332500,13.65300000,s,m,
1526432123.5108,12.740000,35.98350682,s,l,
1526582058.4273,12.480000,541.38880000,s,m,
1526412014.1541,12.650100,6.55677600,s,m,
1526266212.4133,14.210000,5.00000000,s,l,
1526432138.8884,12.740000,8.28000000,s,l,
1526268301.1376,13.677800,3.91981375,s,m,
1526301072.9944,13.580000,3.00000000,b,l,
1526595988.6451,12.371200,80.00000000,s,l,
1526311662.2433,14.260000,386.16266992,b,l,
1526399384.3509,13.509400,100.00000000,b,m,
1526491887.8138,12.281700,8.86135409,b,l,
1526305376.2601,13.231200,75.57893400,s,l,
1526257051.2574,14.402200,997.80482938,s,m,
1526333860.0443,14.290000,21.05219734,b,m,
1526599784.0647,12.000100,400.00000000,s,l,
1526268328.0613,13.728900,9.07437437,b,l,
1526579271.6151,12.710000,50.00000000,s,l,
1526520874.3114,13.379800,514.80604700,b,m,
1526314223.0487,14.287600,0.00000011,s,m,
1526549133.3139,13.216200,0.00033011,s,l,
1526596020.3513,12.343600,149.80000000,s,l,
1526432181.0321,12.749100,48.84167510,b,l,
1526312041.8903,14.399600,7.14000000,s,m,
1526202370.8727,13.820000,200.00000000,s,m,
1526244391.3023,14.950000,125.00000000,b,l,
1526306207.3211,14.180000,211.24510000,b,m,
1526268348.1796,13.729000,7.77377377,b,l,
1526268351.9861,13.729000,34.63573574,b,l,
1526658750.3797,12.352100,0.00000019,s,m,
1526180598.4524,13.770000,50.00000000,b,m,
1526268362.5905,13.680100,62.86000000,s,m,
1526360823.4729,14.000000,50.23553043,b,l,
1526226009.9325,14.284600,190.00000000,s,m,
1526245801.6206,15.010000,0.16245083,s,m,
1526437283.947,12.159800,8.76450000,b,l,
1526282681.1518,13.627500,10.00000000,s,l,
1526244392.0821,15.020000,105.90598800,s,l,
1526238055.5936,14.761300,124.30572511,b,m,
1526311675.7157,14.389500,1990.10317940,b,l,
1526232053.9067,14.860000,3.00000000,s,l,
1526235622.3383,14.869400,7.14000000,b,l,
1526628849.5861,12.732400,551.41000000,b,m,
1526244393.4973,15.020000,27.72450000,s,l,
1526579284.1956,12.670000,39.02910000,s,l,
1526407625.2431,12.750000,25.00000000,s,m,
1526461189.4477,12.000000,392.31752239,s,l,
1526480611.3762,12.020100,149.08520000,s,m,
1526311681.5639,14.389200,4.32020000,b,l,
1526404555.0479,13.280000,22.34300000,s,m,
1526268301.1435,13.677800,0.01016509,s,m,
1526226936.9475,14.400000,0.60466420,b,m,
1526432281.9333,12.789900,28.38052275,b,l,
1526333983.1216,14.220000,100.00000000,s,m,
1526268448.4158,13.680100,12.89145255,s,l,
1526408064.0576,12.621300,0.00000002,s,m,
1526558640.5715,13.385200,1300.00000000,b,l,
1526268453.1557,13.680100,0.00047259,s,m,
1526301222.821,13.583800,36.44606679,b,l,
1526557549.6746,13.160000,200.00000000,b,m,
1526373463.0427,13.810800,0.27263022,s,m,
1526311687.278,14.389100,382.38080000,b,l,
1526579293.4249,12.630000,194.04760000,s,l,
1526394971.2018,13.500000,58.53040000,s,l,
1526579372.1651,12.561000,0.08631622,s,m,
1526303239.8893,13.500000,55.00000000,s,m,
1526268472.1446,13.729000,50.86170450,b,l,
1526342257.1418,13.703900,0.00191492,s,l,
1526235710.8173,14.850000,87.41102873,b,l,
1526606522.5663,12.230000,0.00002803,b,l,
1526558641.6525,13.395000,187.00000000,b,l,
1526268483.2748,13.729000,227.51290699,b,l,
1526268485.1849,13.729000,19.91691692,b,l,
1526268486.2193,13.729000,151.68588589,b,l,
1526268487.1677,13.729000,262.89889890,b,l,
1526168454.8132,14.000000,50.00000000,s,m,
1526195295.2658,14.013000,0.00012074,s,m,
1526268491.3554,13.729000,19.52832783,b,l,
1526268498.912,13.729000,30.03003003,b,l,
1526268500.3649,13.729000,99.54968008,b,l,
1526244929.8365,14.866100,0.00100171,s,m,
1526596185.7359,12.350100,79.83871000,s,m,
1526268506.3858,13.729000,10.00000000,b,l,
1526312041.8966,14.399100,597.42367451,s,m,
1526563420.6148,13.337000,49.00000000,b,m,
1526268513.703,13.729000,21.84242078,b,l,
1526268514.0264,13.729000,15.45430000,b,l,
1526599014.279,12.094000,100.59947759,b,l,
1526268518.2168,13.729000,30.03003003,b,l,
1526366823.9029,14.240000,10.00000000,s,l,
1526370968.0462,14.200000,0.23564595,s,m,
1526462623.0784,12.166100,0.00004354,s,m,
1526268529.0565,13.729000,50.05005005,b,l,
1526235762.8449,14.889900,127.14293582,b,m,
1526440022.0508,12.240000,35.48198198,b,l,
1526417887.314,13.157700,230.00000000,s,l,
1526670620.0296,12.979900,0.00594419,b,l,
1526399610.1309,13.400000,175.83944648,s,l,
1526195065.0921,14.045700,496.66000000,s,m,
1526628999.1072,12.738300,30.54142800,b,l,
1526629001.7807,12.770000,0.00642353,s,l,
1526629002.6281,12.770000,130.25661300,s,l,
1526629003.4528,12.770000,8.50000000,s,l,
1526399628.2109,13.400000,105.50366789,s,l,
1526600557.349,12.190600,60.61540000,s,m,
1526203854.0398,14.279900,991.84500000,b,l,
1526629009.494,12.770000,13.79913063,s,l,
1526197412.8332,13.900000,3.00000000,s,l,
1526629013.771,12.770000,20.85212700,s,l,
1526399639.5021,13.400000,80.15450000,s,l,
1526223667.9143,14.373900,20.04358749,s,l,
1526170268.6016,14.049500,250.00000000,b,m,
1526629023.2688,12.749200,7.74873148,b,l,
1526169712.6113,13.966600,3.92040000,s,l,
1526435213.5374,12.390000,15.96880000,s,m,
1526235814.2019,14.869500,6.92000000,b,l,
1526312049.5892,14.289600,18.86927730,s,m,
1526334120.1098,14.231100,5.00000000,s,m,
1526377244.5004,14.159600,36.00000000,b,m,
1526488250.9254,12.100000,34.90923610,s,l,
1526268589.2757,13.729000,79.16916917,b,l,
1526596275.8122,12.419900,21.00000000,b,m,
1526442782.9739,12.150800,0.02388522,s,m,
1526399671.9335,13.400600,7.14000000,s,m,
1526542278.4529,13.357000,0.04582216,s,l,
1526306594.7566,14.279900,796.03210000,b,l,
1526482266.7315,12.086700,5.18853549,b,m,
1526268605.52,13.729000,6.13300000,b,l,
1526301374.4567,13.609300,55.26234060,b,l,
1526430983.0354,12.903000,170.98317490,s,l,
1526424238.3168,12.636800,11.14800000,s,m,
1526404555.0596,13.252800,0.00016704,s,m,
1526268616.4601,13.729000,142.59786001,b,l,
1526394976.0326,13.410100,0.55391947,s,m,
1526268618.1349,13.729000,10.00000000,b,l,
1526268620.9888,13.729000,59.02869655,b,l,
1526235853.9798,14.849900,225.00000000,b,m,
1526395723.7549,13.503900,5.61120000,b,m,
1526235862.191,14.770200,0.00905286,s,m,
1526424437.1657,12.510000,572.80975000,s,l,
1526559151.1261,13.489600,400.00000000,b,m,
1526430984.7887,12.902900,29.97937938,b,l,
1526454243.4276,12.364900,4.99909590,b,m,
1526498020.1737,12.180300,16.73769073,s,m,
1526310465.4075,14.322600,0.08002967,s,m,
1526670296.7333,13.074700,35.93698517,b,m,
1526596343.2722,12.380000,100.00000000,b,m,
1526430985.0374,12.902900,11.04394394,b,l,
1526411953.6276,12.776100,728.70038588,b,m,
1526312798.4235,14.379900,93.36820000,b,l,
1526323491.6851,14.065500,0.23148772,s,m,
1526268062.7197,13.710000,17.91545971,s,m,
1526366986.3269,14.235900,513.45000000,b,l,
1526366987.6561,14.240000,3.13436250,s,l,
1526629132.0846,12.800000,32.00000000,b,m,
1526301455.7306,13.560000,13.90000000,s,l,
1526530833.1572,13.499000,3.00000000,b,l,
1526230905.1604,15.000000,30.00000000,b,m,
1526494566.4766,12.249400,20.18400000,b,m,
1526301461.0476,13.560000,9.12200000,s,l,
1526399768.5023,13.449900,3.00000000,s,l,
1526218884.5168,14.207100,3.96815954,b,m,
1526268702.6414,13.716700,6.11100000,s,l,
1526170400.8885,14.000000,10.79112852,s,m,
1526498084.5789,12.200000,20.49180000,b,l,
1526521588.6999,13.857000,82.25536119,s,l,
1526194348.9132,13.927200,543.76271171,s,m,
1526465741.8705,12.526600,3.00000000,b,l,
1526508457.3519,12.340000,0.00095003,s,l,
1526246348.3097,14.903200,20.84340400,s,l,
1526394887.8591,13.550000,74.04900000,s,m,
1526367033.0549,14.240000,230.32927317,s,l,
1526203194.2469,13.880000,15.49952352,b,l,
1526367036.7531,14.240000,22.76734699,s,l,
1526259427.0946,14.680000,125.00000000,b,m,
1526432574.9943,12.714800,251.03931368,s,m,
1526432575.0189,12.660000,146.66460062,s,m,
1526203202.6788,13.842800,3.20230000,s,l,
1526396923.5179,13.500100,2.06697575,s,l,
1526268740.0675,13.670600,48.48100000,s,l,
1526629191.763,12.788800,400.00000000,b,m,
1526251660.3903,14.971700,55.85319100,b,m,
1526203210.9429,13.842900,6.15004483,s,l,
1526203211.294,13.830100,19.52700000,s,l,
1526203212.267,13.830200,19.52700000,s,l,
1526203214.6264,13.830000,9.76400000,s,l,
1526203215.4266,13.820000,83.82940000,b,l,
1526582655.3521,12.365000,121.32422159,s,m,
1526210446.9976,14.145600,187.37805257,s,m,
1526303326.2867,13.350200,3.53300000,s,l,
1526310964.6475,14.191700,99.87570000,s,m,
1526236001.907,14.839900,27.98753872,b,l,
1526407625.2345,12.750000,261.89409302,s,m,
1526510641.76,12.556700,290.00000000,b,m,
1526268776.2359,13.573300,329.07303500,s,l,
1526268780.5907,13.571600,4.42099679,s,l,
1526187365.1526,13.610400,10.00000000,s,l,
1526311741.4201,14.297000,6.99447375,s,l,
1526338788.8592,13.750000,14.54545000,s,m,
1526268785.6394,13.540500,214.50893903,s,l,
1526268786.5274,13.540000,56.53997300,b,l,
1526303239.9694,13.380500,0.00005028,s,m,
1526246206.522,15.010000,108.25368421,s,l,
1526268791.0247,13.510000,3.00000000,s,l,
1526268793.9435,13.507400,29.00080080,b,l,
1526268794.4534,13.507400,21.01560000,b,l,
1526307899.6058,14.097400,0.00001569,b,l,
1526170494.255,14.000000,72.51620096,s,m,
1526579349.8775,12.600000,500.00000000,s,l,
1526268800.6373,13.507400,70.71621622,b,l,
1526170497.4566,14.000000,216.66461904,s,l,
1526399874.0973,13.400000,111.18220000,s,l,
1526268804.6317,13.507400,7.23720000,b,l,
1526268806.9265,13.507400,4.85385385,b,l,
1526268807.4257,13.507400,122.59289289,b,l,
1526268809.5235,13.507400,9.68368369,b,l,
1526579351.9059,12.600000,500.00000000,s,l,
1526268814.2783,13.507100,30.03003003,b,l,
1526289901.4851,13.800000,20.92000000,s,l,
1526333592.3477,14.242500,19.74097414,s,m,
1526268820.1569,13.507100,66.06606607,b,l,
1526268821.1425,13.507400,3.67000000,b,l,
1526409026.9011,12.780000,511.23000000,b,m,
1526662044.8431,12.399800,6.14406699,b,m,
1526671039.4896,12.989800,16.55900000,b,m,
1526596511.771,12.379400,278.38947530,b,l,
1526596512.8546,12.380000,159.49066212,b,l,
1526596514.3173,12.380000,240.50933788,b,l,
1526198580.9791,14.080000,7.11300000,b,l,
1526399914.5124,13.449900,1100.00000000,b,l,
1526599328.9278,12.082700,0.00107354,s,m,
1526367148.6705,14.276100,14.28000000,b,m,
1526228496.7463,14.550000,0.23942504,b,l,
1526412746.7585,12.721900,0.00008759,b,l,
1526268849.7079,13.560200,8.32000000,s,m,
1526170546.9828,13.993700,4.72140000,b,l,
1526268062.7755,13.600000,10.00000000,s,m,
1526194216.5382,14.151700,528.16740200,b,m,
1526340732.35,13.870000,125.00000000,b,m,
1526268865.1691,13.580000,0.01827551,s,m,
1526157118.8905,13.650000,131.74292600,s,l,
1526522043.7638,13.630000,0.35870750,s,m,
1526465477.0979,12.299200,0.02072748,b,l,
1526575021.8178,12.730000,0.05416301,s,m,
1526437367.9083,12.110000,303.36839179,s,l,
1526582659.3153,12.325200,181.36370587,s,m,
1526393097.4,13.801000,72.45851700,s,m,
1526502235.7012,12.112300,126.29080000,s,m,
1526307562.1379,14.140000,129.77116334,s,l,
1526437369.6553,12.110000,5.94494494,b,l,
1526233070.4201,14.570000,25.14690823,s,m,
1526424725.9273,12.450500,46.22200000,s,m,
1526423532.1258,12.660900,4296.48297319,s,m,
1526515681.4998,12.864000,3.00000000,b,l,
1526301665.0681,13.609500,330.00000000,b,m,
1526596578.8721,12.420000,60.38647000,b,l,
1526617576.7102,12.470000,158.10088524,s,m,
1526311761.4477,14.386900,6.92000000,b,l,
1526448859.7935,12.219900,155.01583082,b,m,
1526531052.5076,13.500000,9.99000000,s,l,
1526167236.7163,14.150100,43.91000000,s,m,
1526169352.6474,13.937400,27.80617400,s,m,
1526203378.0414,13.810100,15.68700000,s,l,
1526203379.8595,13.809600,7.24132000,s,l,
1526465525.8925,12.368400,19.40428834,b,l,
1526203383.4343,13.790000,59.92280300,b,l,
1526165849.6811,14.020000,2.32488059,b,l,
1526230156.8713,14.700000,0.43628348,b,m,
1526465536.6882,12.370000,10.00000000,b,l,
1526465537.1599,12.406100,8.06055000,b,l,
1526563843.7916,13.300000,18.79699000,b,m,
1526662148.8326,12.403900,0.03921911,s,m,
1526596613.2051,12.380100,400.00000000,s,l,
1526566294.4669,13.249800,96.92536276,b,m,
1526596615.8977,12.367000,24.00000000,b,l,
1526526505.5778,13.630000,1413.25621647,s,m,
1526579372.159,12.568900,5.68000000,s,m,
1526524759.8895,13.580000,6.50000000,b,m,
1526517058.3914,12.896800,6.80900000,s,m,
1526268945.6713,13.638800,4.93910000,b,l,
1526269507.0452,13.665000,25.40213999,b,l,
1526306307.0818,14.270600,16.81779322,b,m,
1526629397.6956,12.670100,50.00000000,s,m,
1526371844.7294,13.876100,3.36995925,b,l,
1526604203.1002,12.000000,31.15015833,s,l,
1526595464.0021,12.350100,1138.18771000,s,l,
1526601221.1712,12.299700,5.00000000,b,m,
1526526660.2823,13.690100,115.69918383,s,m,
1526628529.9542,12.600100,105.32242242,s,l,
1526432809.2743,12.819500,5.00000000,b,l,
1526595762.5294,12.343700,40.68600000,b,l,
1526410077.2444,12.601700,56.89470000,s,m,
1526343826.7503,14.039700,23.25300000,b,m,
1526563901.6822,13.310000,115.00000000,b,m,
1526408082.545,12.621400,18.76921500,s,l,
1526404620.7875,13.270300,52.20573856,s,l,
1526236234.3094,14.860000,8.10000000,b,m,
1526654504.578,12.191000,189.00000000,s,l,
1526594666.7799,12.300000,10.00000000,s,m,
1526401536.7048,13.499800,991.84500000,b,m,
1526670296.7583,13.074700,476.87910239,b,m,
1526269017.7042,13.638800,2.47590000,b,l,
1526437775.466,13.500000,23.07555911,b,m,
1526465627.3187,12.400000,31.00000000,b,l,
1526269020.2083,13.655700,147.52692692,b,l,
1526311781.6286,14.369900,394.17200000,b,l,
1526437392.5975,12.100000,41.32231000,s,l,
1526415547.5821,12.969800,13.00000000,b,m,
1526665590.7433,12.300000,6.40928943,s,m,
1526363347.8572,14.178700,153.53400880,b,m,
1526273553.645,13.680000,0.00000309,s,m,
1526521561.8396,13.900000,10.00000000,b,m,
1526632063.8572,12.811200,0.00000028,s,m,
1526432880.3674,12.819400,150.00000000,b,l,
1526244476.0462,14.942800,61.09300000,s,l,
1526598020.9934,12.300000,100.00000000,s,l,
1526629494.347,12.670100,42.92999174,b,m,
1526267628.5932,14.150000,0.00051921,s,m,
1526432890.1591,12.819300,28.23602929,b,l,
1526494688.1334,12.216000,327.27713496,b,m,
1526668613.5268,12.659800,0.00000637,b,l,
1526394853.7206,13.580000,0.27158611,s,m,
1526437398.411,12.090000,0.00002018,b,l,
1526269511.3878,13.689000,198.00000000,b,l,
1526424453.1449,12.500000,25.00000000,s,l,
1526366402.8264,14.230000,9.92817239,s,l,
1526557549.6822,13.160000,10.00000000,b,m,
1526468097.5335,12.620900,56.95400000,s,l,
1526519522.3119,13.201300,0.00060095,s,m,
1526475397.4377,12.436000,5.40594454,s,m,
1526412450.9025,12.540100,0.00003783,s,m,
1526450937.9498,12.291300,8.13580000,b,m,
1526543246.2113,13.200100,144.41970000,s,m,
1526424453.1816,12.470000,0.07471046,s,m,
1526399178.8546,13.503000,0.00500866,s,l,
1526164341.5731,13.920000,8.38892960,s,l,
1526304429.8864,13.117700,0.00000557,s,l,
1526502235.6949,12.140400,40.38368649,s,m,
1526321530.1739,14.188900,145.04243230,b,l,
1526399180.0349,13.503000,153.40930164,s,l,
1526236362.6542,14.909300,66.00000000,b,m,
1526334669.561,14.181000,86.77438659,s,m,
1526465747.2806,12.591000,65.09084400,b,l,
1526465748.5494,12.610000,250.00000000,b,m,
1526465750.9973,12.604700,49.25969100,s,l,
1526465754.9556,12.610000,316.49769230,b,l,
1526531292.4091,13.500000,1183.53812593,s,l,
1526269149.6525,13.675000,38.74120658,b,m,
1526574016.5468,12.951000,0.00022152,s,m,
1526465761.6101,12.648800,11.55161941,b,l,
1526465762.7906,12.672500,3.88490000,s,l,
1526531299.9017,13.492200,400.00000000,b,l,
1526465767.7474,12.667700,3.00000000,b,l,
1526629611.7495,12.721900,158.48758042,b,m,
1526561105.7573,13.131400,0.05371247,s,m,
1526367478.4363,14.242900,19.53700000,b,l,
1526269176.1053,13.675000,3.50000000,b,m,
1526595796.5463,12.360000,8.97666068,s,m,
1526437557.2823,11.882300,0.68719922,s,m,
1526521566.7618,13.891200,290.44972790,s,l,
1526159105.2612,13.560000,0.00154591,s,m,
1526497494.4918,12.225300,518.96000000,s,m,
1526662406.5291,12.493300,50.00000000,b,m,
1526560847.6812,13.280300,24.03770921,b,l,
1526236432.0945,14.839700,9.00000000,b,m,
1526366424.1519,14.250000,0.09428422,b,l,
1526301972.4515,13.600000,53.94580020,s,l,
1526437422.0551,12.020100,124.73530099,s,m,
1526170902.0482,13.960000,119.82971347,s,m,
1526228236.2194,14.385400,227.58550090,b,l,
1526421039.8143,12.810800,55.96610000,s,l,
1526236444.3661,14.800000,4.65375000,s,l,
1526662432.5851,12.493300,35.87667035,b,m,
1526531361.4053,13.499200,7.10300000,b,l,
1526367522.2944,14.170100,5.00000000,s,m,
1526437775.4496,13.440000,0.04047885,b,m,
1526432056.0757,12.620100,991.84500000,s,m,
1526203685.9805,14.030000,14.42470000,b,l,
1526546302.8132,13.040000,0.33107618,s,l,
1526437688.2858,11.979700,9.72415627,b,m,
1526596910.9831,12.420000,5.00000000,b,m,
1526203695.4687,14.090000,125.00000000,b,l,
1526465841.6602,12.764200,125.80768300,b,m,
1526391248.8134,13.979600,191.43407517,b,l,
1526465844.8515,12.709100,5.65681086,s,l,
1526579422.6913,12.600000,65.50280000,s,l,
1526269242.285,13.660000,7.69300000,s,l,
1526203707.9856,14.130000,250.00000000,b,m,
1526367551.9988,14.244300,1300.00000000,b,l,
1526269248.342,13.660000,143.18711011,s,l,
1526367553.3765,14.244600,51.78656160,s,l,
1526465859.9837,12.830900,7.14000000,b,m,
1526269253.9133,13.660000,5.04700000,s,l,
1526203720.6873,14.200800,755.15567000,b,m,
1526604426.8714,11.890000,100.00000000,s,m,
1526269258.3576,13.660000,4.92600000,s,l,
1526306359.2924,14.139800,8.32000000,b,l,
1526654814.7169,12.057400,400.00000000,s,m,
1526465870.0744,12.747200,21.80437380,s,l,
1526520500.7218,13.364900,19.85194706,b,l,
1526497508.2619,12.209500,146.77250000,s,m,
1526244422.5246,14.940900,0.00000107,s,m,
1526465885.7791,12.713500,3.95083966,s,l,
1526435277.4264,12.340400,45.87968801,b,l,
1526268133.3409,13.699900,1.61873205,b,l,
1526596963.0827,12.350000,125.00000000,s,m,
1526236523.9679,14.778400,44.28000000,s,l,
1526236525.8018,14.770000,16.99390656,s,l,
1526381648.1795,14.328900,301.84838810,b,m,
1526563048.6871,13.189800,31.23086811,b,l,
1526564212.8776,13.247900,151.00000000,s,m,
1526245514.114,14.989900,12.51700000,b,l,
1526573972.9379,13.190000,283.00000000,s,l,
1526244423.3731,14.940900,13.63518230,s,l,
1526269314.0447,13.650000,10.21400000,s,l,
1526268139.9037,13.678300,0.02139350,s,m,
1526256464.1116,14.447000,0.00048609,s,m,
1526672278.5087,12.872900,28.97100000,b,m,
1526304728.4815,13.093600,19.39400000,b,m,
1526468097.5383,12.620700,64.78533400,s,l,
1526659053.4655,12.353800,68.32066966,s,l,
1526269326.063,13.650000,5.55400000,s,l,
1526268141.8504,13.699900,94.11015109,b,l,
1526662546.5801,12.492900,10.58293110,b,m,
1526236566.5208,14.770000,76.00000000,b,m,
1526205989.8795,14.319100,65.89650100,s,m,
1526312366.3162,14.369100,0.05727895,s,l,
1526198514.1717,14.110000,250.00000000,b,m,
1526465955.218,12.658300,241.57963507,s,m,
1526437541.6338,11.882400,0.00106706,s,m,
1526171048.9761,13.950000,48.82971347,s,l,
1526236585.5948,14.713000,2.00098834,s,m,
1526629802.9377,12.663000,0.00000362,s,m,
1526306375.7888,14.107100,8.31026890,s,l,
1526573981.4362,13.120900,9.86531412,s,l,
1526311838.8789,14.390000,364.30312834,b,l,
1526467608.3562,12.740000,125.00000000,b,m,
1526573983.6393,13.114700,10.00000000,b,l,
1526306378.8708,14.081500,5.68890000,b,l,
1526269377.5561,13.662000,213.00000000,b,l,
1526601795.2682,12.150100,150.24860000,s,m,
1526306379.8956,14.081500,12.63960000,b,l,
1526644982.6869,12.433000,42.81773940,s,l,
1526315349.0921,14.252600,0.23628108,s,m,
1526269385.2305,13.665000,142.59786001,b,l,
1526311842.7911,14.422000,5.02084693,b,l,
1526203854.0313,14.249600,479.41000000,b,l,
1526597071.8842,12.380000,11.53463825,s,l,
1526268215.9897,13.618200,24.96489861,s,m,
1526573987.2753,13.081100,15.28923000,s,l,
1526302165.2812,13.605000,99.90063715,s,l,
1526302167.4484,13.605000,12.30204785,s,l,
1526311844.0626,14.435600,106.47577161,b,l,
1526423532.026,12.760100,56.18850000,s,m,
1526311845.2846,14.435600,229.12008157,b,l,
1526306384.323,14.102900,110.12173458,b,l,
1526421073.2132,12.810200,5.00000000,s,m,
1526661372.9605,12.380500,0.00000599,b,l,
1526437557.2734,11.882400,9.80875400,s,m,
1526184024.8617,13.820900,148.05470000,s,m,
1526269429.1587,13.655000,9.00900901,b,l,
1526508457.3337,12.340000,141.63176234,s,l,
1526355542.9485,14.050000,500.00000000,s,l,
1526380819.6177,14.260000,100.00000000,b,l,
1526573996.0185,13.062600,0.00011885,s,l,
1526307784.7566,14.112300,77.34777892,b,m,
1526311853.6815,14.389000,312.41399339,s,l,
1526201874.0921,13.939900,395.49403511,b,m,
1526573998.629,13.020000,101.00000000,s,l,
1526334998.4413,14.200000,25.00000000,s,l,
1526405522.3105,13.130100,14.93434546,s,l,
1526460949.9588,12.149900,1300.00000000,b,m,
1526269469.9053,13.650000,50.00000000,s,m,
1526421494.8891,12.770200,8.32000000,s,m,
1526318976.0859,14.000000,0.01810573,s,m,
1526335009.0328,14.181000,141.00000000,s,l,
1526335012.239,14.169100,23.90200000,s,l,
1526302245.4139,13.605000,87.79731500,s,l,
1526483455.9855,12.122900,49.87033712,s,m,
1526302247.4565,13.600000,471.05351480,s,l,
1526662699.5705,12.409500,80.49400000,s,l,
1526574002.4157,13.000000,8.83245870,s,l,
1526244429.8005,14.940900,13.50966572,s,m,
1526371933.2009,13.895700,11.62609413,b,l,
1526569586.5199,13.222000,15.12626000,s,l,
1526303239.8987,13.478300,5.00000000,s,m,
1526203960.3687,14.279600,6.92000000,b,l,
1526409026.9076,12.800000,350.00000000,b,m,
1526668879.1135,12.710900,82.54640599,b,m,
1526203965.4023,14.182600,79.80845970,s,m,
1526267682.2299,14.150000,327.78812030,s,l,
1526335041.9638,14.141000,0.00039739,s,m,
1526269507.0421,13.662000,215.00000000,b,l,
1526269511.399,13.691000,193.00000000,b,l,
1526236744.158,14.749900,15.74834835,b,l,
1526269513.0586,13.694000,89.00000000,b,l,
1526529215.3349,13.472100,8.04013750,b,m,
1526574008.488,13.000400,6.92000000,s,l,
1526466136.9376,12.659900,63.34033995,b,l,
1526466137.3161,12.659900,5.00500501,b,l,
1526200738.4087,13.878200,4.65295211,s,m,
1526433371.8994,12.830100,29.41255800,b,m,
1526269377.5505,13.662000,209.31091091,b,l,
1526433373.4294,12.830200,50.00000000,b,m,
1526335070.066,14.113000,59.00530000,s,l,
1526271709.2729,13.698500,49.89024147,s,l,
1526597220.816,12.390000,500.00000000,b,l,
1526433381.8294,12.830200,100.00000000,b,m,
1526317329.8826,14.160000,17.00834040,b,l,
1526466152.9722,12.659900,7.13926484,b,l,
1526597225.4183,12.400000,85.48918000,s,m,
1526498923.8157,12.300000,298.30462721,s,l,
1526498925.6056,12.300000,299.27924504,s,l,
1526498926.6581,12.300000,298.46864147,s,l,
1526367855.7029,14.200000,5.00000000,s,m,
1526484526.2991,12.250000,0.00000018,b,l,
1526335089.973,14.113000,107.99470000,s,l,
1526204018.2553,14.280000,88.09709709,b,l,
1526530323.0714,13.450000,9.00000000,b,l,
1526498932.4319,12.300000,297.84272749,s,l,
1526498933.6575,12.300000,297.51687637,s,l,
1526498934.6559,12.300000,290.83311489,s,l,
1526498935.1027,12.300000,290.81650241,s,l,
1526498936.473,12.300000,500.00000000,s,l,
1526498937.0181,12.300000,290.94768932,s,l,
1526630010.2425,12.792200,158.48758042,b,l,
1526367871.0312,14.200000,94.70520000,s,l,
1526245809.6181,15.010000,81.35538169,s,m,
1526574016.5448,12.951000,0.10464391,s,m,
1526520874.3376,13.447900,249.37638574,b,m,
1526463749.5,12.299300,10.00000000,b,m,
1526421195.0406,12.879100,71.68000000,b,m,
1526229953.8786,14.700000,211.29240313,b,m,
1526437484.7773,12.000000,1000.00000000,s,m,
1526395008.1821,13.421000,40.00000000,s,l,
1526400652.2526,13.520000,30.00000000,b,m,
1526395810.7982,13.411100,174.82200000,s,m,
1526306413.718,14.120000,16.36216846,b,l,
1526480837.9413,12.110000,125.00000000,b,m,
1526510952.8051,12.520000,0.18047849,b,l,
1526171831.3706,13.813500,0.14724993,s,m,
1526437486.5042,12.000000,50.00000000,s,l,
1526171286.7975,13.930000,200.00000000,s,l,
1526604426.7986,11.944500,8.37203000,s,m,
1526231339.2488,15.000000,181.53720482,s,l,
1526515800.2215,13.000000,0.00008922,b,l,
1526584943.5871,12.570200,42.04223702,s,m,
1526380824.538,14.310000,58.00000000,b,l,
1526217440.6351,14.230300,22.13863700,s,l,
1526368015.331,14.200000,3.66792600,s,l,
1526180806.2606,13.730000,25.00000000,b,m,
1526160416.875,13.770000,20.74497527,s,l,
1526269609.6662,13.800000,3.79889730,s,l,
1526311858.5756,14.389100,0.00000170,s,l,
1526204076.1087,14.290000,13.60860861,b,l,
1526302381.4082,13.570000,100.00000000,s,m,
1526204079.931,14.290000,97.09709710,b,l,
1526523367.0535,13.820000,250.00000000,b,m,
1526367922.1279,14.200000,122.09478300,s,l,
1526202654.2514,13.889900,6.72969637,b,l,
1526162884.4905,13.790000,17.17030173,b,l,
1526574025.5763,12.960000,104.26437364,s,l,
1526433465.2908,12.758600,25.00000000,s,m,
1526362996.7262,14.050000,500.00000000,b,l,
1526232544.0368,14.830600,21.29330000,s,l,
1526524874.91,13.559900,67.31330892,b,l,
1526574027.2519,12.960000,58.90753342,s,l,
1526617718.7044,12.520000,8.41042000,b,l,
1526302406.3374,13.560000,26.97800000,s,m,
1526176561.6044,13.634800,418.03753244,s,m,
1526246348.3209,14.900000,66.62148800,s,l,
1526420368.3778,12.970000,0.00846826,s,m,
1526204108.4817,14.280000,7.00000000,s,l,
1526202658.1195,13.880000,83.05420856,b,l,
1526524877.6433,13.550000,36.90036000,s,l,
1526574030.6447,12.978400,60.00612350,b,l,
1526594519.292,12.400000,104.40924914,s,l,
1526423532.0769,12.681000,210.14512757,s,m,
1526422289.0355,12.991400,6.92000000,b,m,
1526244476.0324,14.943100,78.25094000,s,l,
1526169408.0392,13.918900,129.59984195,s,m,
1526246354.8806,14.900100,39.09600000,s,l,
1526594712.909,12.250000,6.13897300,s,m,
1526416834.0171,12.971500,38.58000000,s,l,
1526508489.4912,12.380100,37.44019356,s,l,
1526400758.617,13.479800,75.00000000,b,l,
1526412381.5122,12.575800,6.38526700,s,l,
1526433529.8001,12.750000,28.26679877,b,l,
1526424437.7202,12.500000,0.00013021,s,m,
1526518958.7806,13.280000,12.35352421,s,l,
1526437505.7359,11.996600,3.71210000,s,l,
1526500450.1147,12.214300,69.57600000,s,m,
1526437506.0672,11.996600,18.26300000,s,l,
1526368015.3329,14.200000,0.00585931,s,l,
1526171408.1362,13.900000,15.00000000,s,m,
1526207718.4008,14.325100,43.91000000,b,l,
1526582687.9313,12.354900,0.00000567,s,m,
1526424725.917,12.460100,5.00000000,s,m,
1526617732.7273,12.666000,0.00066670,b,m,
1526302492.5437,13.535400,18.92998525,s,l,
1526269727.934,13.800000,1.19903771,s,m,
1526573989.4782,13.062600,125.10190013,b,l,
1526343730.7179,14.020000,34.22365145,b,m,
1526603419.4428,12.111000,82.56956400,s,l,
1526171429.9239,13.900000,4.00000000,s,m,
1526266105.1436,14.270100,991.84500000,s,l,
1526269737.1998,13.812000,168.00000000,b,m,
1526268210.8645,13.630000,133.09970000,b,l,
1526269743.9967,13.800000,7.67042190,s,l,
1526257288.1527,14.504400,12.51232045,b,l,
1526400896.4783,13.312700,230.09239904,s,l,
1526389402.0406,13.900200,29.84100000,s,m,
1526236982.1462,14.710900,17.95332136,s,m,
1526394731.3789,13.700100,83.28820000,s,l,
1526300135.9272,13.699300,18.09800000,b,m,
1526268213.2036,13.630000,5.71728463,b,l,
1526244429.7957,14.940900,53.25973857,s,m,
1526204974.0097,14.478900,58.72321800,b,m,
1526654545.9389,12.103400,5.00000000,s,m,
1526609967.284,12.418500,999.83033500,b,m,
1526268215.9855,13.630000,0.00015053,s,m,
1526269773.3316,13.800000,7.12200000,s,l,
1526432056.0573,12.694100,241.35853694,s,m,
1526269778.4657,13.800000,43.38856800,s,l,
1526400851.6786,13.459800,3.00000000,b,l,
1526400854.128,13.430600,4.46741024,s,l,
1526171484.0715,13.900000,89.27061871,s,l,
1526368099.2554,14.200000,13.71390000,s,l,
1526368100.9835,14.200000,32.44750000,s,l,
1526368101.374,14.200000,61.71590000,s,l,
1526368104.7929,14.196600,75.00000000,b,m,
1526407598.6272,12.829100,154.44389628,s,l,
1526405663.2325,13.000000,18.74276370,s,m,
1526335343.6418,14.040000,71.20000000,s,m,
1526405927.4704,12.985500,0.00001157,b,l,
1526482032.7981,11.973900,10.00000000,s,m,
1526400888.3092,13.400000,169.97347015,s,l,
1526269817.7693,13.800000,18.77720400,s,l,
1526269819.538,13.790000,5.00000000,s,l,
1526166970.2401,14.283000,3.00000000,s,m,
1526400896.4756,13.312800,164.18925538,s,l,
1526400897.142,13.291300,514.86000000,b,l,
1526241167.7588,14.594800,1.20344314,s,l,
1526574060.2406,12.990000,326.25900000,s,m,
1526237066.5653,14.703600,21.66205064,s,l,
1526204300.4652,14.203200,6.70999923,s,l,
1526237070.112,14.700000,500.00000000,b,l,
1526237071.6226,14.700000,132.53850000,b,l,
1526237072.0961,14.700000,500.00000000,b,l,
1526237074.2583,14.700000,500.00000000,b,l,
1526237075.2515,14.700000,28.60338395,b,l,
1526335380.1991,14.040200,100.00000000,s,m,
1526521588.7092,13.854000,1.74463881,s,l,
1526400923.1296,13.362600,26.84500000,b,l,
1526653615.7384,12.341100,111.00000000,b,m,
1526400926.6598,13.361100,278.64491328,b,l,
1526335392.9331,14.000000,1.58795317,s,l,
1526393840.6665,13.820000,0.00002082,b,l,
1526447014.3249,12.227500,100.00000000,s,m,
1526264739.2494,14.417800,0.49282919,s,m,
1526268231.7214,13.550500,167.09968502,s,l,
1526245533.4986,15.000000,500.00000000,s,l,
1526578328.8114,12.809900,0.00454529,b,l,
1526408320.1497,12.597300,5.00000000,s,m,
1526532048.4969,13.414500,29.92220236,s,m,
1526400961.0598,13.390000,0.02053624,s,l,
1526268236.6471,13.597000,130.96340000,s,m,
1526237133.5926,14.836300,63.68000000,b,m,
1526532048.474,13.414500,50.00000000,s,l,
1526521590.7978,13.854000,163.25536119,s,l,
1526527237.0859,13.651900,991.84500000,s,m,
1526335445.4768,14.000000,1300.00000000,s,l,
1526335446.6397,14.000000,16.76740000,s,l,
1526335448.1445,14.000000,591.08337562,s,l,
1526394887.8355,13.550000,0.08849373,s,m,
1526466526.1415,12.644500,108.30930664,s,l,
1526437541.657,11.882300,204.97624063,s,m,
1526437849.1674,12.075100,514.22027001,b,l,
1526251856.3839,14.962400,40.44951000,b,m,
1526597602.8067,12.360100,16.52722918,s,m,
1526335459.7343,13.960000,0.15332463,s,m,
1526335462.6054,13.960000,40.00000000,s,l,
1526466537.7127,12.644500,0.00025683,b,l,
1526466538.6736,12.648400,5.78292549,s,l,
1526237163.8872,14.830000,30.00000000,b,l,
1526639433.9201,12.588600,72.75066771,s,m,
1526466545.5992,12.690000,125.00000000,b,l,
1526520500.7437,13.399900,53.39435545,b,l,
1526257321.7941,14.430200,9.46200000,s,m,
1526155903.9219,13.551400,123.09900000,s,l,
1526335484.8963,13.879400,78.00000000,s,m,
1526499327.5402,12.329800,29.63341000,b,m,
1526628999.6454,12.770000,16.75522800,s,l,
1526435213.5486,12.350200,63.95469087,s,m,
1526654726.897,12.103600,29.86500000,s,m,
1526246403.4729,14.900000,0.05416531,s,l,
1526312300.8243,14.374600,8.84721627,s,l,
1526204438.2748,14.175000,504.65056886,s,m,
1526204439.0506,14.230000,125.00000000,b,l,
1526401048.539,13.380100,0.00002714,s,m,
1526375381.4125,14.180300,32.33601827,b,m,
1526414177.0417,13.068400,2.80891000,b,m,
1526306480.5819,14.178200,423.42687173,b,l,
1526650578.4279,12.220100,0.00243866,s,m,
1526532132.7886,13.413100,50.00000000,s,l,
1526574086.0693,12.970000,0.10666030,s,m,
1526503089.2282,12.155400,5.64946906,b,l,
1526575459.4891,12.700000,3.00000000,s,m,
1526401067.6938,13.430000,46.69609084,b,m,
1526204460.5022,14.230000,125.00000000,b,l,
1526395022.6131,13.437300,0.00104148,s,l,
1526259722.3795,14.726900,9.00000000,b,m,
1526368307.7938,14.180000,19.55000000,s,l,
1526532150.7575,13.413100,50.00000000,s,l,
1526208180.4472,14.176000,4.23250564,s,l,
1526169951.5603,14.039900,18.54128825,b,l,
1526368317.5998,14.180000,12.46300000,s,l,
1526437557.2866,11.882300,0.00000116,s,m,
1526433856.2257,12.619500,155.01583082,b,m,
1526601096.7261,12.297000,991.84500000,b,m,
1526401092.1026,13.440000,125.00000000,b,l,
1526401094.8487,13.500000,10.95964295,s,l,
1526401095.5228,13.500000,74.86832118,s,l,
1526530323.0687,13.449900,95.87203200,b,l,
1526543246.2359,13.180000,4.13923806,s,m,
1526227757.0775,14.383700,42.29415954,b,m,
1526235718.5988,14.859800,8.32000000,b,l,
1526169954.5644,14.040000,69.63206762,b,l,
1526328333.6982,14.109800,12.59192045,b,l,
1526617784.442,12.601000,175.94374406,s,l,
1526169955.789,14.040000,0.01090754,b,l,
1526618705.9611,12.653900,21.88402712,b,m,
1526535865.0841,13.565700,125.00000000,b,l,
1526301028.5417,13.608300,20.76823656,s,l,
1526433888.2058,12.510000,3.00000000,s,l,
1526433889.6096,12.500000,3.00000000,s,l,
1526597732.5144,12.380100,400.00000000,s,l,
1526433893.2973,12.500000,42.00000000,s,l,
1526403753.6257,13.425000,9.98402556,b,l,
1526335594.4073,13.892300,0.09570173,s,m,
1526327374.0552,14.014900,0.01293267,s,m,
1526268453.1507,13.680100,99.78049221,s,m,
1526237295.2901,14.707300,45.51400000,s,l,
1526237296.5043,14.707300,21.37600000,s,l,
1526237298.5825,14.707300,141.00627227,s,l,
1526433908.2555,12.444200,21.40800000,b,l,
1526316463.791,14.101000,65.88426833,s,l,
1526433911.8282,12.489900,241.34077909,b,l,
1526433913.9291,12.489900,241.08388412,b,l,
1526446579.253,12.339000,0.01413725,s,l,
1526433915.6088,12.489800,237.03275462,b,l,
1526433916.5699,12.489900,24.55560489,b,l,
1526564991.5459,13.195400,47.52158048,s,l,
1526306496.9165,14.150200,8.32000000,s,l,
1526302852.4872,13.600000,9.99000000,s,l,
1526368390.8541,14.180000,1300.00000000,s,l,
1526368393.4702,14.180000,1300.00000000,s,l,
1526524951.2888,13.518800,4.54734735,b,l,
1526368397.5225,14.180000,363.06420000,s,l,
1526335630.2543,13.957600,3.00000000,b,m,
1526495025.4351,12.156800,20.90116734,s,m,
1526302865.1283,13.600000,9.99000000,s,l,
1526335635.631,13.995000,0.11160000,b,m,
1526466710.0482,12.679900,20.45012644,b,l,
1526565015.5935,13.195000,28.51294829,s,l,
1526565016.5684,13.195000,28.51294829,s,l,
1526433946.1368,12.490200,0.00000135,s,l,
1526466716.4268,12.679900,62.37698669,b,l,
1526268513.6973,13.728900,5.62921592,b,l,
1526466718.3849,12.679900,25.48219351,b,l,
1526368419.4658,14.192100,313.57149439,b,m,
1526433958.2328,12.490200,16.05600000,s,l,
1526597802.8197,12.360000,4.77095000,s,l,
1526469223.2455,12.600000,15.99399400,b,l,
1526595954.4306,12.349100,5.00000000,b,l,
1526459421.1545,12.290000,20.34174000,b,l,
1526171831.3732,13.810400,6.92000000,s,m,
1526433976.2147,12.530100,7.58477653,b,l,
1526169972.3754,14.060200,8.32000000,s,m,
1526237373.0027,14.677100,4.08800104,s,m,
1526270143.8795,13.716100,14.95100000,s,l,
1526433987.198,12.500000,10.53700000,s,l,
1526565061.7337,13.210000,5.70258966,s,l,
1526202370.8677,13.820000,305.50000000,s,m,
1526204617.1226,14.200000,8.83423783,b,l,
1526597835.3138,12.350000,98.30095000,b,l,
1526630604.9612,12.752200,39.37300000,b,m,
1526558747.9281,13.399600,9.00000000,b,m,
1526433998.548,12.476600,601.21717121,s,m,
1526302929.5659,13.600000,7.99000000,s,l,
1526565076.6984,13.210000,39.87000000,s,l,
1526625742.2883,12.380100,0.00000030,s,m,
1526439764.3356,12.170000,509.34010000,s,l,
1526224591.665,14.358200,20.28500000,b,m,
1526204636.7964,14.200000,42.56553553,b,l,
1526270173.5416,13.681600,50.05005005,s,l,
1526302943.769,13.600000,87.90000000,s,l,
1526335712.3363,13.870000,7.20980000,s,l,
1526306512.9329,14.303800,111.57902999,b,l,
1526270178.028,13.680100,120.19469469,b,l,
1526204644.9068,14.200000,0.00000918,b,l,
1526317436.5596,14.159900,9.98999999,b,l,
1526368490.9305,14.180000,61.61730000,s,l,
1526302955.3312,13.600000,9.76248794,s,l,
1526650578.4451,12.220100,0.00000026,s,m,
1526307738.9421,14.098000,49.87033712,s,m,
1526499567.4519,12.365800,4.30868700,s,l,
1526618759.8552,12.582800,0.03103839,s,m,
1526302965.3041,13.619900,134.24934580,b,l,
1526168955.6406,14.010000,20.81020700,s,l,
1526335742.5222,13.810100,120.74770000,s,l,
1526366055.7268,14.140000,0.01629743,s,l,
1526597888.4601,12.308200,124.18614420,s,l,
1526190166.9721,13.730500,0.89513891,s,l,
1526335746.1759,13.800000,53.20300725,b,l,
1526466819.5766,12.688300,148.68816300,s,l,
1526466820.5476,12.688300,148.28403040,s,l,
1526368518.9398,14.180000,1300.00000000,s,l,
1526335751.3208,13.799900,5.12007980,b,l,
1526466826.2445,12.688300,97.81318890,b,l,
1526368523.6839,14.180000,1300.00000000,s,l,
1526276583.9777,13.770000,102.00000000,b,m,
1526466830.8497,12.692600,119.71292277,s,m,
1526466832.8044,12.692600,90.50713763,s,l,
1526401297.6442,13.479800,15.00000000,b,m,
1526368530.8566,14.180000,25.10578000,s,l,
1526284675.8273,13.789900,10.00000000,b,m,
1526466837.7892,12.692900,51.44886237,s,l,
1526631805.6391,12.930000,344.72750000,b,l,
1526434073.3683,12.510000,6.05100000,s,l,
1526499613.032,12.327700,42.61980202,s,l,
1526303018.7804,13.530800,33.99000000,s,m,
1526408124.1198,12.588000,25.00000000,s,m,
1526532399.4091,13.383100,0.55854778,s,m,
1526640535.8766,12.560300,0.27379400,s,m,
1526435769.6889,12.430000,0.09888332,b,l,
1526204726.7644,14.280000,50.00000000,b,m,
1526335799.7603,13.897800,45.05509980,s,l,
1526395031.1449,13.420300,9.00000000,s,m,
1526259427.1012,14.690000,0.00864462,b,m,
1526672661.802,12.776000,9.87033710,s,m,
1526317561.1934,14.160000,80.35509424,s,l,
1526499653.9359,12.349900,10.57998850,b,l,
1526524876.8103,13.600000,500.00000000,s,l,
1526519522.3098,13.201300,0.30441181,s,m,
1526268301.1458,13.677800,0.00002116,s,m,
1526171984.5415,13.880000,14.98200000,s,l,
1526598683.503,12.200000,20.49180000,s,l,
1526499670.4902,12.340000,70.81423825,b,l,
1526337202.0626,13.850100,45.88071636,s,m,
1526412490.0962,12.650000,1284.55216330,b,l,
1526217655.5343,14.102500,67.82365849,s,l,
1526172001.0905,13.880000,0.01800000,s,l,
1526407627.5741,12.790100,463.32726650,b,l,
1526437775.4846,13.650000,0.01594892,b,m,
1526565229.0522,13.195000,177.97410342,s,l,
1526434160.285,12.500000,50.00000000,s,l,
1526368628.2355,14.180000,5.79740000,s,l,
1526656062.1617,12.213700,0.00000579,b,m,
1526434167.605,12.497700,6.91500000,b,l,
1526495417.0385,12.200000,0.48489101,b,l,
1526270331.5415,13.700000,29.97000000,s,l,
1526368640.1782,14.180000,8.63410000,s,l,
1526598020.9626,12.300200,17.84440903,s,l,
1526368646.3125,14.180000,79.69663675,s,l,
1526335879.0704,13.929000,54.80711500,b,l,
1526663562.2646,12.500000,0.07974461,b,m,
1526598029.63,12.319300,16.00000000,b,m,
1526167507.6568,14.077600,7.29200000,s,l,
1526645145.0472,12.433000,603.71900000,s,l,
1526466968.2878,12.751600,3.00000000,b,m,
1526313607.2664,14.617700,8.32000000,b,m,
1526434210.8318,12.430000,130.00000000,s,l,
1526204837.7491,14.289700,38.89291331,b,l,
1526234697.0471,14.740000,0.25964068,b,l,
1526565290.3464,13.192000,170.99910342,s,l,
1526335918.8164,13.960600,27.40355750,b,l,
1526434226.9386,12.497700,88.00000000,b,l,
1526434227.7598,12.497700,5.33050000,b,l,
1526204852.2071,14.289700,958.64789681,b,l,
1526368694.7315,14.180000,140.40310000,s,l,
1526434231.619,12.499300,111.99130003,b,l,
1526306059.9697,13.939800,8.32000000,b,l,
1526532537.5911,13.391200,6.88430000,s,m,
1526594712.9035,12.294900,31.28700900,s,m,
1526467005.7839,12.768600,3.00000000,s,l,
1526368702.1227,14.180000,66.39990850,s,l,
1526535925.2577,13.477300,0.02069226,s,m,
1526368705.2878,14.180000,140.37725000,s,l,
1526671365.3979,13.009400,11.09300000,b,m,
1526508619.496,12.441900,3.00000000,b,l,
1526472911.1103,12.543000,3.00000000,s,m,
1526204871.7735,14.429900,26.05754604,b,m,
1526573981.4261,13.153900,10.00000000,s,l,
1526426700.2046,12.900500,0.01669919,s,m,
1526335948.9316,13.999900,13.70177875,b,l,
1526335949.418,14.007700,13.68809067,s,l,
1526521607.8132,13.819000,29.70706800,s,l,
1526172113.6287,13.840000,148.04125309,s,l,
1526270418.4794,13.700000,57.79859124,s,l,
1526411403.2952,12.838800,1300.00000000,b,m,
1526650617.6838,12.289900,77.34283252,s,l,
1526223729.7549,14.280100,0.08745435,s,m,
1526172128.4602,13.840000,51.95874691,s,l,
1526462730.6149,12.307400,12.40937820,s,l,
1526368738.4203,14.180000,107.42346900,s,l,
1526598117.7082,12.270200,241.12200000,s,l,
1526405337.6561,13.200000,0.00000003,s,m,
1526303211.1733,13.531300,77.57800000,s,l,
1526303214.3087,13.530700,3.00000000,s,l,
1526467055.8634,12.780000,15.00000000,b,m,
1526654726.9165,12.074700,215.48765257,s,m,
1526671093.8735,12.956200,0.00546956,b,m,
1526335990.8485,14.075700,58.45348800,s,l,
1526267375.9888,14.207400,181.71218418,s,l,
1526335993.1091,14.075700,12.88300000,s,l,
1526650623.5057,12.289900,20.39140000,s,l,
1526194239.392,13.990200,36.20709973,s,m,
1526401536.7083,13.514500,331.99222531,b,m,
1526270467.3112,13.699100,13.08398257,b,l,
1526598149.472,12.300000,500.00000000,b,l,
1526159105.2537,13.597600,160.03124841,s,m,
1526303240.0211,13.380000,399.80600149,s,m,
1526368778.8781,14.180000,140.39480000,s,l,
1526308619.3196,14.232400,16.86293246,b,l,
1526304683.1856,13.000200,0.10717576,b,l,
1526309930.7945,14.361000,28.93345024,s,l,
1526336022.3121,14.072500,8.62000000,b,l,
1526303255.2273,13.517700,20.00000000,b,l,
1526266285.7428,14.200000,10.00000000,s,l,
1526630942.9919,12.678700,0.00000026,s,m,
1526607643.4396,12.398100,36.58620175,b,m,
1526401905.2671,13.537800,991.84500000,b,l,
1526270501.7986,13.698500,26.14961704,b,l,
1526575459.5824,12.678200,0.16694306,s,m,
1526175495.0444,13.850000,125.00000000,b,l,
1526204973.9983,14.450000,1000.00000000,b,m,
1526204974.0069,14.478900,4.72300000,b,m,
1526508637.4149,12.461900,3.00000000,b,l,
1526368816.3423,14.180000,61.59084700,s,l,
1526479736.5103,12.041000,83.04958000,s,l,
1526303283.7385,13.420600,37.29400000,s,l,
1526237748.9491,14.709600,7.08000000,b,m,
1526434357.8854,12.496200,39.57556000,s,m,
1526368823.5102,14.180000,7.90204558,s,l,
1526596020.9027,12.300000,447.04499754,b,l,
1526303291.0804,13.407700,8.04500000,b,l,
1526574735.6199,12.883000,0.00008512,s,m,
1526259427.1269,14.824100,100.94000000,b,m,
1526197345.3586,13.986000,183.00000000,s,l,
1526303304.0938,13.392500,5.65400000,s,l,
1526542574.1483,13.320000,25.78973724,s,m,
1526197346.8357,13.981000,21.00000000,s,l,
1526355725.032,13.980000,2.99460970,s,m,
1526594717.4109,12.210000,81.75866899,s,m,
1526543434.2255,13.187000,178.00000000,b,l,
1526316479.4041,14.050100,18.53932853,s,l,
1526670296.7071,13.032700,400.00000000,b,m,
1526303326.2906,13.350100,144.35340000,s,l,
1526303327.567,13.344100,96.90189262,b,l,
1526321935.2832,14.150000,67.37256000,s,l,
1526454032.4801,12.330000,0.06339598,b,l,
1526645995.142,12.420000,0.02586533,s,m,
1526230551.1354,14.946400,36.43277348,s,m,
1526520769.285,13.400000,48.82902386,b,m,
1526471104.6822,12.564200,0.11721775,s,m,
1526597823.9205,12.350000,200.00000000,s,l,
1526316480.8022,14.050100,16.38512946,s,l,
1526312041.9192,14.398900,6.92000000,s,m,
1526529726.2033,13.367000,202.00000000,b,l,
1526573987.2894,13.051500,558.58000000,s,l,
1526462730.6009,12.307400,11.48530320,s,l,
1526368901.9251,14.180000,1300.00000000,s,l,
1526303367.4564,13.290000,5.79382000,s,l,
1526405641.057,13.010800,193.95668863,s,m,
1526172620.9094,13.573000,521.11000000,s,m,
1526407924.1888,12.660600,7.14000000,s,m,
1526532757.6044,13.391100,400.00000000,s,m,
1526476717.2173,12.400200,29.97000000,s,l,
1526604426.8089,11.920000,236.00221484,s,m,
1526606959.3239,12.240000,99.78049221,s,m,
1526330451.4319,14.463200,192.23907572,b,m,
1526434182.8892,12.397000,224.74716783,s,m,
1526205090.8265,14.430200,4.15794653,s,l,
1526467236.4205,12.726000,54.85169731,s,l,
1526312049.5824,14.399400,8.32000000,s,m,
1526336168.8615,14.001700,20.00000000,b,m,
1526632063.8479,12.811200,0.04176318,s,m,
1526237869.7596,14.730000,61.25077563,b,l,
1526205103.6294,14.430000,15.01501502,b,l,
1526368945.6799,14.180000,8.47364208,s,l,
1526172340.7543,13.800000,0.04164492,b,l,
1526205109.5637,14.430000,137.13713714,b,l,
1526573989.4466,13.062600,959.11547888,b,l,
1526205115.8483,14.430000,52.15215216,b,m,
1526232544.0527,14.829700,19.58113413,s,l,
1526303421.632,13.249900,20.00000000,b,l,
1526303424.9975,13.249900,33.47107477,b,l,
1526467266.4014,12.790000,250.00000000,b,m,
1526303427.7175,13.239900,118.22422422,b,l,
1526434501.7519,12.549800,5.00000000,b,l,
1526303430.5869,13.180000,7.58725000,s,l,
1526303433.7944,13.180000,30.61111111,b,l,
1526303434.1251,13.180000,30.03003003,b,l,
1526336203.6369,13.953000,51.30844020,s,l,
1526303436.9404,13.180000,4.00400400,b,l,
1526306594.7479,14.270000,167.98930000,b,l,
1526303440.4278,13.180000,4.00400400,b,l,
1526215008.1703,14.410300,10.55142232,s,l,
1526336211.1714,13.953000,63.11702864,s,l,
1526401748.1016,13.510000,76.64057342,b,l,
1526414504.8922,12.955100,10.01001001,b,l,
1526336216.0331,13.953000,11.57453116,s,l,
1526336218.2175,13.950000,66.57453116,s,l,
1526303453.5806,13.180000,6.26902503,b,l,
1526335725.422,13.811000,359.02170304,s,m,
1526492283.8242,12.159100,0.00257575,s,l,
1526434534.6799,12.499000,0.00000045,s,m,
1526401769.0673,13.429000,81.04268054,s,m,
1526306599.3189,14.289500,380.00000000,b,m,
1526303468.715,13.280000,130.15875753,b,m,
1526432056.068,12.671000,100.00000000,s,m,
1526598383.4772,12.280000,200.00000000,s,m,
1526574735.6022,12.900000,300.00000000,s,m,
1526565623.7773,13.180000,11.00000000,b,m,
1526660597.9639,12.260200,39.39765075,s,l,
1526336251.1044,13.962200,68.92948244,b,l,
1526306602.8787,14.230300,3.51949027,s,l,
1526424437.696,12.500000,179.91728907,s,m,
1526631169.5029,12.780000,74.83631995,s,l,
1526167397.9113,14.150200,34.62687900,s,l,
1526476881.9161,12.150000,240.49756546,b,l,
1526442360.8656,12.303400,25.41741041,s,l,
1526467337.5936,12.760000,40.00000000,b,m,
1526316485.4493,14.050100,1213.85224374,s,l,
1526237963.4451,14.710000,8.17831948,s,l,
1526167236.7114,14.184300,7.05004000,s,m,
1526188002.7258,13.520400,10.00000000,s,m,
1526532881.618,13.401200,3.14759273,s,l,
1526197379.7607,13.973000,27.71421307,s,l,
1526431054.3579,12.781100,5.00000000,s,m,
1526303509.4798,13.180000,6.27000000,s,l,
1526303510.3075,13.168700,4.55625840,s,l,
1526303513.1565,13.200000,18.82530000,b,l,
1526520527.8532,13.400000,0.00026438,s,l,
1526303521.4415,13.160000,4.55700000,s,l,
1526594666.8078,12.318700,30.00000000,b,m,
1526482696.5755,12.128200,991.84500000,b,m,
1526653502.5568,12.200000,1283.89474263,b,l,
1526303527.4956,13.150200,8.27300000,s,l,
1526465841.6916,12.800400,201.28230368,b,m,
1526307757.5632,14.059700,0.05173065,s,m,
1526197383.2633,13.973000,208.28578693,s,l,
1526194316.9548,14.000100,35.08582716,s,m,
1526467380.9909,12.680500,33.42505600,s,l,
1526467381.0219,12.680000,133.14962500,s,l,
1526303542.8261,13.149900,90.07607608,b,l,
1526529509.5677,13.311400,150.19956245,s,m,
1526303545.645,13.120000,79.31422195,b,l,
1526303547.4747,13.119300,146.89299131,s,l,
1526477974.6627,12.158300,0.00003768,b,l,
1526401856.3634,13.519900,1118.52861338,b,m,
1526303554.7365,13.090300,94.46640000,s,m,
1526303558.8375,13.096200,208.49830621,b,l,
1526303559.1005,13.096200,138.97924826,b,l,
1526230156.876,14.749800,24.34300000,b,m,
1526667416.6228,12.388700,283.00000000,b,l,
1526301028.5333,13.608300,91.76901597,s,l,
1526500175.0706,12.280000,20.35830000,b,l,
1526437688.2891,11.999900,34.08787800,b,m,
1526664022.2018,12.500000,300.00000000,s,l,
1526492303.8899,12.142800,25.99815100,s,l,
1526467422.5064,12.700000,106.68462205,s,l,
1526317541.9573,14.160000,35.24460000,s,l,
1526166306.0744,14.219000,185.61378122,b,m,
1526305446.0253,13.172100,34.94300000,s,l,
1526235622.3506,14.870000,62.56955702,b,l,
1526238055.5878,14.761300,1300.00000000,b,m,
1526508778.1107,12.520500,0.00032039,s,l,
1526311503.8693,14.209000,5.01627732,b,l,
1526421309.893,12.750000,4.40000000,b,l,
1526279390.6876,13.790000,0.02300000,b,l,
1526401905.2622,13.520000,125.00000000,b,l,
1526601795.2775,12.140000,0.00068190,s,m,
1526197395.2097,13.966000,163.00000000,s,l,
1526303239.8957,13.490000,100.00000000,s,m,
1526270838.9501,13.775900,15.25487827,b,l,
1526529259.4812,13.400000,115.96468945,s,l,
1526421311.5461,12.750000,0.06008172,b,l,
1526586432.3636,12.699700,678.52328795,b,m,
1526270845.814,13.775900,28.02860000,b,l,
1526270851.3376,13.775900,5.24690817,b,l,
1526246550.1547,14.970400,7.14000000,b,m,
1526239019.3483,14.680000,350.00000000,b,l,
1526401930.937,13.520000,3.00000000,s,l,
1526197399.4974,13.938400,11.27899800,b,l,
1526467470.1239,12.696400,96.47540335,s,l,
1526467472.1785,12.696300,9.48963631,b,l,
1526518957.359,13.262200,384.74223918,b,l,
1526598547.4062,12.260000,81.45692100,b,l,
1526467476.2941,12.696300,0.00036369,s,l,
1526467478.9343,12.694600,206.08848848,b,l,
1526598552.1586,12.260000,84.79797600,b,l,
1526181005.1484,13.680000,125.00000000,b,l,
1526537584.3221,13.425600,89.52400000,s,m,
1526467486.8153,12.690000,4.71941942,s,l,
1526667077.2806,12.388700,518.68852261,b,l,
1526217885.4549,14.062700,133.84720000,s,m,
1526434723.3274,12.604900,6.92000000,b,m,
1526650694.2756,12.260100,74.83536220,s,m,
1526303655.9007,13.140000,0.55309358,s,m,
1526197404.6586,13.927400,10.00000000,s,l,
1526303659.0761,13.201800,4.00000000,b,l,
1526467502.1102,12.680000,13.69441640,s,l,
1526195916.4059,13.940500,4.35000000,s,m,
1526244476.0349,14.943100,31.59484162,s,l,
1526467507.3491,12.689500,140.93923924,b,l,
1526197406.65,13.919800,140.07870000,b,l,
1526617929.4316,12.630000,435.64003167,s,l,
1526197407.2844,13.919800,3.57459508,b,l,
1526303678.3155,13.230000,5.61895196,b,m,
1526508704.9169,12.499900,10.28700000,b,l,
1526598598.6649,12.250800,12.33980000,s,l,
1526573998.6325,13.019500,10.00000000,s,l,
1526205384.7785,14.383600,0.00385073,s,l,
1526336457.1333,13.920100,430.36661340,s,l,
1526172620.8934,13.609200,10.00000000,s,m,
1526303695.248,13.240000,30.00000000,b,m,
1526238160.59,14.710000,10.00000000,s,m,
1526205393.7929,14.420000,6.57823162,b,m,
1526193194.3684,13.932000,97.01233603,b,l,
1526205397.4053,14.380000,4.77080000,s,l,
1526335041.9434,14.141000,19.84567430,s,l,
1526317561.1608,14.180000,35.26093000,s,l,
1526492324.9956,12.149600,6.92000000,b,l,
1526484526.2966,12.250000,0.00011465,b,l,
1526423532.0494,12.727900,1300.00000000,s,m,
1526238174.6732,14.710000,15.56161772,s,l,
1526533088.0354,13.402700,35.23503930,s,l,
1526238178.7923,14.699300,6.33565800,s,l,
1526598627.7966,12.250700,15.00000000,s,l,
1526205413.1922,14.360000,30.97010000,b,l,
1526205415.3134,14.354200,10.00000000,s,l,
1526598632.7658,12.250000,20.40816000,s,l,
1526533097.1759,13.380000,63.89234370,s,l,
1526434796.9444,12.578400,28.35255076,b,l,
1526172713.433,13.666900,0.00006336,b,l,
1526205422.7204,14.350000,97.47327327,s,l,
1526407619.9999,12.810000,3.04300000,b,l,
1526268483.1247,13.729000,10.00000000,b,l,
1526265605.6228,14.220000,0.12798680,s,m,
1526205429.3609,14.350100,168.86030000,s,l,
1526416877.8605,12.999100,35.90109698,b,m,
1526205437.7557,14.344800,168.92270000,s,l,
1526303744.852,13.260000,6.50000000,b,m,
1526172673.8337,13.668000,36.78478478,b,l,
1526279339.4952,13.790000,22.97700000,b,l,
1526303749.9039,13.269900,118.52686524,b,l,
1526336519.0645,13.940100,34.27840929,s,m,
1526623404.4883,12.518100,11.97900000,b,l,
1526244479.9036,14.942500,63.10307000,s,l,
1526533132.9432,13.380000,15.69000000,s,l,
1526402061.6549,13.471000,36.90914198,s,l,
1526303758.8525,13.282200,500.00000000,s,l,
1526303759.8219,13.282200,287.95056542,s,l,
1526303764.6524,13.280000,50.00000000,b,m,
1526533141.6818,13.380000,399.24027631,s,l,
1526443530.4994,12.213800,0.00123078,s,l,
1526598679.1527,12.240300,53.86400000,b,m,
1526467608.3534,12.740000,250.00000000,b,m,
1526397254.1658,13.529900,169.39643400,b,m,
1526598683.5124,12.200000,0.05788149,s,l,
1526407619.071,12.810000,25.24400000,b,l,
1526470491.5959,12.733200,103.51353300,b,m,
1526172713.4291,13.666900,99.16115280,b,l,
1526375381.4217,14.190000,49.96003881,b,m,
1526303430.5688,13.200100,145.99380000,s,l,
1526598710.6541,12.200000,67.72775749,s,l,
1526415881.5846,12.990400,0.09260248,s,l,
1526598712.4668,12.200000,326.51447943,s,l,
1526522149.5013,13.865800,492.93500302,b,m,
1526263495.2443,14.500100,134.67590000,s,m,
1526523837.0761,13.600300,30.19900000,s,l,
1526412106.0529,12.572400,130.88924475,s,l,
1526193198.3606,13.940000,167.00000000,b,l,
1526268486.7773,13.729000,23.16226226,b,l,
1526598733.8965,12.200000,114.28145266,s,l,
1526584381.3671,12.530800,152.62450000,s,m,
1526426700.2011,12.900500,7.60724049,s,m,
1526241208.7336,14.659000,69.93006993,b,m,
1526395374.7808,13.400000,0.00000292,s,l,
1526670296.7155,13.074700,917.59104224,b,m,
1526522746.7914,13.771000,167.00000000,s,l,
1526303840.7709,13.270000,106.60660661,b,l,
1526500450.093,12.280000,3.00000000,s,m,
1526598755.7695,12.200000,500.00000000,s,l,
1526598756.1379,12.200000,500.00000000,s,l,
1526434919.6855,12.530000,16.72046280,s,l,
1526306665.6776,14.147900,7.75226242,b,l,
1526598777.2681,12.182400,8.20854000,s,l,
1526469464.3687,12.570300,138.83500000,s,l,
1526238339.2862,14.700000,5.91000000,s,l,
1526238343.3435,14.700000,83.89000000,s,l,
1526402697.465,13.380100,14.96408626,s,m,
1526238347.2006,14.671500,125.40128410,s,l,
1526508738.918,12.520000,8.41042000,b,l,
1526604656.1957,12.039600,49.21162950,b,m,
1526256486.0318,14.472900,35.74217777,s,l,
1526434966.1437,12.530000,47.28257010,s,l,
1526434967.521,12.530000,35.99696710,s,l,
1526238360.0319,14.671500,87.67992377,s,l,
1526159105.25,13.610000,10.00000000,s,m,
1526314166.2713,14.283800,0.00016013,s,m,
1526477225.5854,11.967800,21.68690000,s,m,
1526484605.3173,12.292100,97.70057129,b,l,
1526248163.824,14.843000,89.00059936,s,l,
1526628849.5836,12.710400,7.86756000,b,m,
1526521620.1648,13.818900,0.00000019,b,l,
1526574280.0976,13.000000,0.00059070,s,l,
1526558730.2873,13.400000,250.00000000,b,l,
1526598843.4946,12.190100,0.00208605,s,l,
1526335049.153,14.130000,52.66386513,s,l,
1526205639.3184,14.470000,139.35770560,b,m,
1526437774.8784,13.100000,381.67938931,b,m,
1526437774.8845,13.180000,7.98722000,b,m,
1526508750.4448,12.557700,3.00000000,b,m,
1526303960.5268,13.216400,18.45220499,b,l,
1526446345.6373,12.290000,100.00000000,s,l,
1526462712.7081,12.210000,0.15225379,b,m,
1526268453.1535,13.680100,0.21903520,s,m,
1526266333.2045,14.150000,0.00000144,s,m,
1526197404.6534,13.936000,202.00000000,s,l,
1526392880.7517,13.863700,45.35322027,s,m,
1526303976.4326,13.276700,4.46423475,b,m,
1526375422.0631,14.224600,60.15595518,b,m,
1526336746.2341,13.915100,75.00000000,s,l,
1526590674.9107,12.720000,152.74010000,s,m,
1526631666.7195,12.900000,35.00000000,b,l,
1526574008.4929,13.000000,11.16754130,s,l,
1526537584.335,13.425200,66.93487558,s,m,
1526336757.2941,13.990000,30.00000000,b,m,
1526383145.4044,14.131000,192.00000000,s,l,
1526272007.3802,13.638500,0.00628506,b,l,
1526520543.0865,13.400000,0.00020300,s,l,
1526598913.5569,12.220000,41.14324877,b,m,
1526167485.2809,14.150600,7.14000000,s,m,
1526239019.3414,14.679900,150.56584046,b,l,
1526631689.7166,12.939900,14.17581001,b,m,
1526312151.9957,14.450700,15.00000000,b,m,
1526205708.1263,14.430000,125.00000000,b,l,
1526598932.8647,12.219700,68.40675303,b,m,
1526238489.6716,14.699900,256.97171409,b,l,
1526237373.0121,14.621100,17.29600000,s,m,
1526598940.371,12.180200,10.00000000,s,l,
1526598941.4634,12.180100,15.20137162,s,l,
1526566175.1201,13.200000,18.93939000,b,l,
1526304035.8891,13.216900,32.49183873,s,l,
1526165927.762,13.979100,24.66890000,b,l,
1526407743.7532,12.829900,15.47121330,b,m,
1526533415.6182,13.300000,5.00000000,s,l,
1526304041.4303,13.220900,54.92170000,s,l,
1526205738.6365,14.367800,13.26659227,s,l,
1526508781.5972,12.520700,8.04771738,s,m,
1526238512.6432,14.690000,4.00000000,b,l,
1526205746.4583,14.367500,150.89898295,b,l,
1526598963.3719,12.180000,12.64005820,s,l,
1526410462.8155,12.700000,43.13000000,b,l,
1526205750.0547,14.344300,30.50800000,s,l,
1526271287.6829,13.902000,15.00000000,b,m,
1526443231.1922,12.210000,29.47247189,b,l,
1526578613.004,12.780300,97.37510857,s,m,
1526304062.6251,13.220900,3.00000000,s,l,
1526493267.2932,12.214000,8.18734000,b,m,
1526645302.2154,12.433000,419.51643208,s,l,
1526238534.042,14.680000,24.65985986,b,l,
1526532757.5909,13.391700,14.28000000,s,m,
1526467916.6275,12.650000,125.00000000,b,l,
1526598989.3605,12.150000,20.57613000,s,l,
1526268472.141,13.729000,82.82077798,b,l,
1526238547.8712,14.680000,91.19580000,b,l,
1526437774.8333,12.083400,991.84500000,b,m,
1526437775.4704,13.500000,327.00000000,b,m,
1526193665.6581,14.090000,125.00000000,b,m,
1526664546.2027,12.400000,93.42859768,s,l,
1526599013.4188,12.100000,13.00000000,s,m,
1526599014.0287,12.100000,987.00000000,s,l,
1526628849.5693,12.699900,158.48758042,b,m,
1526437422.0519,12.029700,5.00000000,s,m,
1526336878.1127,13.923400,15.00000000,s,m,
1526238575.0293,14.672600,17.11000000,s,l,
1526437621.3465,11.850000,16.00000000,s,m,
1526235710.824,14.850000,0.12197127,b,l,
1526631799.6847,12.930000,75.16369000,b,l,
1526521620.1586,13.818900,69.90213701,b,l,
1526503089.2249,12.155400,5.64946906,b,l,
1526599035.9355,12.080000,151.22100000,s,l,
1526508778.1088,12.520500,0.22200786,s,l,
1526253677.7942,14.798600,67.57395900,s,l,
1526437781.1975,12.025700,3.86850000,s,l,
1526350400.6249,13.891100,174.82200000,s,m,
1526467970.1433,12.659900,17.69600334,b,l,
1526628999.6321,12.770000,136.74104400,s,l,
1526599045.6093,12.080000,198.52848449,s,l,
1526409053.4289,12.789900,25.86300000,b,m,
1526435213.578,12.350000,10.49473684,s,m,
1526161566.4071,13.789600,33.08545780,b,l,
1526238607.1696,14.690000,28.17597598,b,l,
1526238611.3687,14.689900,14.85915916,b,l,
1526626623.1751,12.261400,20.00000000,s,m,
1526566294.464,13.249700,156.07463724,b,m,
1526502235.6914,12.150000,17.00000000,s,m,
1526330274.0621,14.370000,8.97531696,s,l,
1526434723.3249,12.550000,80.00000000,b,m,
1526238622.0262,14.669900,13.32682683,b,l,
1526525168.3679,13.500000,20.00000000,s,m,
1526268231.7074,13.610100,517.90000000,s,l,
1526235718.6114,14.859900,7.89003291,b,l,
1526336934.4713,13.915100,26.16200000,s,l,
1526157222.9067,13.672900,10.00000000,b,m,
1526336936.8909,13.915100,7.01990000,b,l,
1526470556.7296,12.737800,6.92000000,b,m,
1526631854.229,12.905700,20.00000000,s,l,
1526336943.3965,13.915100,15.65610000,b,l,
1526371918.7027,13.895900,3.03083083,b,l,
1526294361.1168,13.602100,2000.00000000,s,l,
1526435257.1192,12.340300,38.85218901,s,l,
1526435265.7834,12.340400,28.56454600,s,l,
1526435269.7772,12.336700,28.56408300,b,l,
1526306721.1038,14.130000,100.00000000,b,m,
1526598020.9967,12.257800,382.15559097,s,l,
1526437484.8613,12.000000,19.65220848,s,m,
1526599117.4717,12.038500,5.71800000,s,m,
1526500814.1272,12.202900,8.11925800,s,l,
1526468049.9936,12.660000,97.89156749,s,l,
1526417346.1286,13.114800,0.00007017,b,m,
1526500820.5891,12.190000,5.50110110,b,l,
1526659669.5524,12.340000,12.78333874,s,l,
1526437796.5156,12.070000,46.51185743,s,l,
1526435292.6159,12.270700,95.80129500,s,m,
1526437797.5016,12.070000,64.46203212,s,l,
1526574016.5392,12.951500,133.68448503,s,m,
1526579793.094,12.630000,77.95865400,b,m,
1526468075.6664,12.620400,38.79511869,s,l,
1526468077.4251,12.620400,97.79824864,s,l,
1526437390.3409,12.103200,151.04550000,s,l,
1526599784.0605,12.010000,125.00000000,s,l,
1526267409.8646,14.207800,6.92000000,s,m,
1526205945.2935,14.360000,9.67340000,b,l,
1526306730.1885,14.140000,66.16452122,b,l,
1526575108.2201,12.819700,0.04900483,b,l,
1526468097.5308,12.620900,64.78430800,s,l,
1526664708.4019,12.419600,9.00000000,b,m,
1526205959.4881,14.360000,10.15365365,b,l,
1526435336.7683,12.310100,0.06370629,s,l,
1526566409.2821,13.230000,5.00000000,b,m,
1526303367.4369,13.300000,20.00000000,s,l,
1526476535.9569,12.492500,9.00000000,b,m,
1526435343.0184,12.300000,30.00000000,s,m,
1526599184.3856,12.074400,4.55042095,b,l,
1526520874.3434,13.458700,41.47005363,b,m,
1526468114.8818,12.630000,0.00043251,b,l,
1526230275.417,14.899100,8.15400000,b,m,
1526268505.494,13.729000,522.95000000,b,l,
1526304288.0433,13.213000,16.58599999,b,l,
1526205989.8818,14.319000,65.89696200,s,m,
1526468134.8416,12.614700,27.14500000,s,l,
1526435367.3867,12.310100,3.82900000,s,l,
1526661724.2431,12.350300,55.00000000,s,m,
1526205994.6303,14.319300,10.51546747,s,l,
1526468142.8389,12.614600,17.60000000,s,l,
1526206000.5284,14.290000,119.63763764,b,l,
1526468149.8932,12.600000,391.43311049,s,l,
1526483455.4827,12.128500,307.11658235,b,l,
1526522149.492,13.800000,0.00101230,b,m,
1526206014.4813,14.320000,21.50000000,b,m,
1526468159.9547,12.600000,108.56688951,s,l,
1526304320.8524,13.160100,17.68845525,s,m,
1526206018.143,14.238200,3.00000000,s,l,
1526664772.2818,12.350100,205.07700000,s,l,
1526337093.9037,13.934400,30.00000000,b,m,
1526337094.4493,13.915200,37.87021718,s,l,
1526268513.6929,13.728900,44.02675957,b,l,
1526538025.3343,13.430000,0.60891781,s,m,
1526206030.7959,14.320000,101.77017017,b,l,
1526241208.718,14.658900,13.67100000,b,m,
1526307784.7494,14.097400,5.29290004,b,m,
1526664792.576,12.350000,149.06300000,b,l,
1526485433.0656,12.314000,158.82899269,b,l,
1526159290.3719,13.560000,48.76148969,s,l,
1526437819.3252,12.100000,301.57376033,s,l,
1526650578.3953,12.300000,44.15981301,s,m,
1526271589.5361,13.807400,142.45526215,b,m,
1526271590.5704,13.752400,58.96669555,b,l,
1526483431.5962,12.128500,311.28316479,b,l,
1526337128.6503,13.934400,25.00000000,b,m,
1526271595.4835,13.745900,19.73800000,s,l,
1526533746.0756,13.297900,50.00000000,s,m,
1526238835.2083,14.610000,50.05005005,b,l,
1526435445.0226,12.399800,56.86387600,b,l,
1526435446.0229,12.399800,10.00000000,b,m,
1526271609.4174,13.698500,5.53548117,s,l,
1526599117.476,12.030000,20.00000000,s,m,
1526632063.8102,12.811200,50.88804633,s,m,
1526410364.9774,12.643300,8.85365100,s,m,
1526522095.7399,13.681700,290.90554107,s,m,
1526271621.0682,13.698500,500.83000000,s,l,
1526402697.4781,13.380100,0.00008578,s,m,
1526337163.5614,13.915000,72.00000000,s,l,
1526395810.8291,13.360000,7.75000000,s,m,
1526636663.4533,12.636200,85.10258202,s,m,
1526253117.6415,14.843100,84.91210357,s,m,
1526173336.3926,13.660000,100.00000000,s,l,
1526599328.9256,12.082700,0.49173504,s,m,
1526434228.944,12.497700,137.72314512,b,l,
1526333430.4499,14.200300,0.00000042,s,m,
1526456339.3348,12.300500,81.29750800,s,l,
1526304428.1736,13.220000,200.00000000,s,l,
1526304429.8573,13.180000,100.00000000,s,l,
1526483459.0818,12.128500,276.33233902,b,l,
1526499826.7891,12.310000,125.00000000,b,l,
1526337202.0674,13.850100,0.00030313,s,m,
1526337204.2368,13.884300,7.27502639,b,l,
1526256516.5179,14.400300,0.09199045,s,l,
1526304445.2794,13.206200,18.00000000,b,m,
1526337218.2848,13.850000,49.99000000,s,l,
1526337230.9816,13.850000,9.97407590,s,m,
1526337231.0208,13.850000,0.02586535,s,m,
1526206161.0585,14.230500,7.11100000,s,l,
1526206162.6571,14.221500,120.26526527,b,l,
1526206163.6746,14.221500,500.00000000,b,l,
1526206164.3735,14.221500,345.24234405,b,l,
1526271706.3953,13.698500,31.93870000,s,l,
1526271707.7837,13.698500,3.71850000,s,l,
1526337244.3238,13.883700,5.00000000,b,l,
1526271709.2785,13.698500,0.00024041,s,l,
1526670296.6921,13.000000,99.84025559,b,m,
1526620943.997,12.415900,69.86214805,s,m,
1526654545.9463,12.095000,991.84500000,s,m,
1526271721.0298,13.700000,142.67990000,s,l,
1526312231.8296,14.448100,0.01507130,b,l,
1526435565.7416,12.418400,153.31719193,b,l,
1526435566.8829,12.418400,1.69863889,b,l,
1526437843.2256,12.057000,500.00000000,s,l,
1526313245.3027,14.494100,19.94870841,b,m,
1526443305.9888,12.220000,95.59419705,b,m,
1526566648.2648,13.230000,12.71576069,s,l,
1526405076.5912,13.250000,119.87134482,s,l,
1526227672.244,14.294000,6.83850000,s,l,
1526566651.7215,13.230000,20.45799698,s,l,
1526271744.9017,13.700000,14.55822720,s,l,
1526253117.6958,14.747700,0.00000115,s,m,
1526337283.7388,13.883700,20.67502179,b,l,
1526304516.232,13.141500,76.09481400,s,l,
1526337285.6022,13.850000,7.98527798,s,l,
1526271752.338,13.700000,30.64042890,s,l,
1526187966.2141,13.491600,0.00206453,s,m,
1526271758.6543,13.700000,84.50960000,s,l,
1526271759.6465,13.700000,63.14420000,s,l,
1526405080.7924,13.250000,61.61715373,s,l,
1526667870.6298,12.438300,130.69217700,b,l,
1526471281.753,12.569900,5.28177000,s,m,
1526238998.6376,14.573400,88.94496823,s,m,
1526437849.1649,12.073800,26.55103420,b,l,
1526462731.8142,12.307400,17.46951300,s,l,
1526532399.4111,13.383100,0.00144845,s,m,
1526427042.8992,12.842000,4.43679700,s,l,
1526599784.083,12.000000,5.05870872,s,l,
1526517288.2023,13.053700,8.32000000,b,m,
1526519772.4009,13.236900,131.83365635,b,m,
1526239019.3321,14.600000,125.00000000,b,l,
1526239020.5998,14.700000,398.71321302,s,l,
1526239021.2678,14.700000,179.11550700,s,l,
1526574027.2451,12.960100,400.00000000,s,l,
1526435631.5544,12.430000,0.25865325,s,l,
1526271796.1837,13.700000,82.38886330,s,l,
1526629001.7733,12.770000,4.81453882,s,l,
1526304569.1443,13.069000,5.00000000,s,l,
1526654726.9336,12.051000,171.89127873,s,m,
1526335070.0613,14.119000,167.00000000,s,l,
1526239038.393,14.590000,3.64964965,b,l,
1526323168.6737,14.160000,22.24273500,s,l,
1526597602.8147,12.360100,0.00010145,s,m,
1526370120.0953,14.200000,3.80290290,b,l,
1526304588.1248,13.033200,41.97157157,b,l,
1526454243.423,12.356600,0.05019550,b,m,
1526669794.7028,12.733600,329.08816934,s,m,
1526497494.4967,12.201800,15.24587993,s,m,
1526304607.195,13.010000,68.34600000,s,l,
1526271843.7991,13.698500,68.35316660,s,l,
1526239078.9089,14.589900,17.91468361,b,m,
1526629009.3644,12.770000,9.49199850,s,l,
1526271848.2072,13.698500,3.29020650,s,l,
1526271849.6238,13.698500,23.74273350,s,l,
1526271852.8965,13.698500,11.40333160,s,l,
1526522746.7938,13.770000,167.00000000,s,l,
1526304622.8834,13.000000,2.99222028,s,m,
1526271856.642,13.698500,4.46230000,s,l,
1526271858.8556,13.698500,24.56281260,s,l,
1526259088.9053,14.980000,500.00000000,b,m,
1526310465.3945,14.361000,42.54118105,s,m,
1526271862.4976,13.698500,25.30840000,s,l,
1526271863.2515,13.691000,61.75850228,s,l,
1526534008.3271,13.398700,3.00000000,b,m,
1526271865.9908,13.691000,38.24149772,s,l,
1526306794.6702,14.130000,29.95743810,b,m,
1526203707.9813,14.111000,8.98733000,b,m,
1526435713.9038,12.430300,9.00000000,s,l,
1526370178.6003,14.200000,24.72009000,b,l,
1526575121.5007,12.760900,69.21690400,s,m,
1526407271.5392,13.023700,0.00163850,s,m,
1526304651.6501,13.000000,0.00014089,s,m,
1526164802.171,13.937000,22.69450000,b,l,
1526446573.8934,12.322000,99.84025821,b,l,
1526304655.7837,13.000000,161.47080000,s,l,
1526632336.9926,12.809900,289.26160000,b,l,
1526423532.0363,12.752100,28.57241100,s,m,
1526271895.8101,13.572000,8.32000000,s,l,
1526304665.8047,13.000000,1450.00000000,s,m,
1526402981.5243,13.428400,3.53076175,b,m,
1526256464.0512,14.500100,122.96163020,s,m,
1526629020.4222,12.770000,195.97026852,s,l,
1526304682.9527,13.000000,161.62020000,s,l,
1526304683.1928,13.000300,10.41915417,b,l,
1526304685.5494,13.000500,92.13560712,b,l,
1526304689.8159,13.003400,10.00000000,s,l,
1526159237.1901,13.560000,0.00027957,s,m,
1526410569.7234,12.700000,61.81281281,b,l,
1526435769.693,12.430000,0.00000025,b,l,
1526266333.197,14.150000,167.37178241,s,m,
1526584943.5909,12.551300,27.95776298,s,m,
1526304700.4469,13.032300,5.55005689,b,l,
1526520595.6272,13.413900,53.39435545,b,m,
1526304703.6135,13.032600,83.54836800,b,l,
1526599617.0705,12.030000,245.29270000,s,m,
1526495025.4442,12.146500,207.73406766,s,m,
1526410571.1867,12.700000,204.60887155,b,l,
1526421494.9019,12.770000,0.00214773,s,m,
1526564212.8731,13.248200,9.00000000,s,m,
1526632395.664,12.799900,298.36150000,b,l,
1526538025.3163,13.430000,277.38974260,s,m,
1526271951.9248,13.570000,13.24900000,s,l,
1526197379.5563,13.977000,11.71421307,s,l,
1526304721.1713,13.062200,88.00000000,b,l,
1526393996.0264,13.823800,3.00000000,b,l,
1526409272.7952,12.790000,19.94813523,s,m,
1526304728.0304,13.062200,23.03390178,b,l,
1526395491.9073,13.499000,65.35127215,b,m,
1526667870.7447,12.438500,102.93217700,s,l,
1526337502.6917,13.840000,22.72213031,s,l,
1526267891.8423,13.828900,0.00000002,s,m,
1526235814.2062,14.869900,92.22000000,b,l,
1526304742.1936,13.125300,20.00000000,b,m,
1526438490.972,12.190000,264.31154475,s,l,
1526271980.8481,13.550200,8.32000000,s,l,
1526410364.9826,12.643100,8.85379100,s,m,
1526632436.7503,12.750000,5.00000000,s,l,
1526468598.8383,12.590000,23.00000000,s,l,
1526632439.2333,12.749000,53.48380738,b,l,
1526304762.5857,13.032100,7.28170188,s,m,
1526335948.9428,14.000000,0.10197117,b,l,
1526173695.7278,13.720300,9.00000000,s,m,
1526337536.9121,13.840000,43.10296569,s,l,
1526272003.352,13.638400,37.72339189,b,l,
1526476118.1749,12.449400,7.14000000,b,l,
1526272007.3748,13.638400,10.00000000,b,l,
1526272009.7251,13.638500,5.25071580,s,l,
1526479394.3463,12.078000,5.00000000,b,l,
1526337549.3109,13.820400,37.81230000,s,l,
1526337553.2295,13.820400,23.20946488,s,l,
1526534162.9046,13.399000,0.00920829,b,l,
1526239251.1658,14.668400,41.91004800,b,l,
1526306710.9885,14.148000,890.63061649,b,m,
1526524357.2138,13.609500,0.22755504,s,m,
1526437027.7982,12.160100,19.94813490,s,m,
1526534170.2837,13.400000,23.02986567,s,l,
1526218376.3526,14.070000,37.64084084,b,l,
1526272035.9177,13.669800,5.20000000,b,l,
1526272038.5706,13.640100,7.76600000,s,l,
1526337575.0281,13.780000,0.99184136,s,m,
1526234696.9335,14.750000,11.56235932,s,l,
1526632491.6605,12.712000,3.00000000,s,l,
1526303655.8986,13.140000,292.15687679,s,m,
1526230365.7474,14.887300,511.50151471,b,l,
1526337584.923,13.780000,0.21903519,s,m,
1526375381.4087,14.159800,0.00000014,b,m,
1526248226.4036,14.820200,0.06674871,s,m,
1526370359.3493,14.180000,0.00015458,s,m,
1526272058.8405,13.669700,5.30000000,b,l,
1526304828.367,13.086400,275.00000000,b,m,
1526485321.5617,12.304800,150.94573106,s,l,
1526272066.8086,13.646400,191.19034050,s,l,
1526272067.7526,13.646400,4.36800000,s,l,
1526337605.6064,13.780000,99.68000000,s,m,
1526623585.331,12.480000,12.84793920,s,l,
1526435913.6411,12.430000,20.27110365,s,m,
1526304429.8655,13.140000,892.56370000,s,l,
1526399671.9468,13.400000,62.86000000,s,m,
1526534222.5959,13.348900,53.90984399,s,m,
1526337616.7922,13.780000,0.05216569,s,l,
1526295907.4123,13.839900,8.27274802,b,l,
1526337621.3821,13.780000,0.01885347,s,m,
1526306710.9805,14.139900,9.36938351,b,m,
1526665692.1704,12.375200,400.00000000,b,l,
1526403166.8273,13.380100,38.40024295,s,m,
1526468704.7717,12.648300,142.26042978,b,l,
1526599781.3597,12.036200,14.95000000,b,m,
1526599784.0853,12.000000,0.01211183,s,l,
1526423679.4585,12.745000,127.64524520,b,l,
1526172620.8788,13.623800,73.40096000,s,m,
1526440920.8453,12.313300,5.36153310,b,l,
1526256740.9545,14.420000,361.31143489,s,m,
1526306056.8903,13.808000,0.07165564,s,m,
1526656362.418,12.249500,42.00705100,b,m,
1526312821.9653,14.499000,15.47388785,b,l,
1526599809.83,12.010000,125.00000000,s,l,
1526337670.831,13.792200,61.04360181,b,l,
1526312300.8217,14.374600,58.76964576,s,l,
1526434228.9514,12.499300,124.49009045,b,l,
1526337676.336,13.792200,26.73131111,b,l,
1526668879.1084,12.710100,0.00000463,b,m,
1526665694.6149,12.450000,26.18478197,s,l,
1526304921.6367,13.086400,1.54322359,b,l,
1526419533.7092,12.980400,18.58915700,s,l,
1526599837.7249,12.030100,85.00000000,s,m,
1526162028.2181,13.800000,0.00034746,b,l,
1526448837.8361,12.200000,46.00000000,s,l,
1526239393.2853,14.620000,0.00007061,b,m,
1526335392.924,14.021600,225.73062706,s,l,
1526447542.5538,12.124000,3.98618619,b,l,
1526468775.3851,12.543000,0.00003689,s,m,
1526604426.8562,11.900000,1100.00000000,s,m,
1526239405.1842,14.619900,4.47867090,b,l,
1526306845.6814,14.103300,24.47730443,s,l,
1526601096.7793,12.297000,158.48758042,b,m,
1526413469.6624,12.740000,0.03362495,s,l,
1526508915.65,12.499600,91.60064148,b,l,
1526599861.6954,12.103100,30.00000000,b,m,
1526665695.2278,12.450000,555.76000000,s,l,
1526197383.2825,13.972000,168.00000000,s,l,
1526599866.7671,12.103000,112.63222500,b,m,
1526304955.3395,13.145700,11.06553891,b,l,
1526479112.6453,11.980000,99.88014399,b,l,
1526312309.5075,14.374600,53.50075468,s,l,
1526304960.953,13.100000,0.00018474,s,m,
1526501572.9056,12.180000,30.00000000,b,m,
1526436038.4404,12.594200,193.08000000,b,m,
1526239251.1818,14.687100,986.64522019,b,l,
1526306493.3815,14.279000,1300.00000000,b,m,
1526599884.7402,12.080100,132.47778886,s,m,
1526267891.8662,13.828900,25.00000000,s,m,
1526599886.7535,12.080100,267.23076000,s,m,
1526235853.9729,14.840000,125.00000000,b,m,
1526607643.4498,12.398100,0.00007151,b,m,
1526665696.815,12.450000,5.40978480,s,l,
1526231339.2446,15.000100,98.39781785,s,l,
1526336175.8626,13.953000,43.00000000,s,m,
1526599906.1119,12.173000,30.00000000,b,m,
1526246779.9613,14.993400,32.61469046,b,m,
1526230551.1461,14.922500,100.72000000,s,m,
1526242660.746,14.729700,42.58296880,s,m,
1526408320.1706,12.540000,40.00000000,s,m,
1526536231.8363,13.600000,2.29269270,b,l,
1526525841.8712,13.530600,400.00000000,s,l,
1526162686.1254,13.839800,15.70790791,b,l,
1526230398.3153,14.909800,8.32000000,b,m,
1526568581.0059,13.300000,62.08314000,b,l,
1526618153.6783,12.620000,0.00957701,b,l,
1526468864.071,12.695500,7.14000000,b,m,
1526599937.5855,12.190500,27.00000000,b,l,
1526632707.0499,12.700000,0.22835056,b,l,
1526235862.184,14.770200,3.49092365,s,m,
1526189525.9255,13.747700,0.00005053,b,l,
1526468871.4265,12.690900,152.74828141,b,m,
1526594717.4002,12.210000,142.38394300,s,m,
1526523367.041,13.800000,125.00000000,b,m,
1526244476.054,14.942800,52.43496000,s,l,
1526523851.0362,13.660000,6.16138788,b,l,
1526245827.7704,15.010000,0.00013275,s,m,
1526337814.5018,13.810000,36.20564000,s,l,
1526521590.8043,13.854000,165.00000000,s,l,
1526544583.155,13.099800,74.44320000,b,l,
1526312325.74,14.374600,0.00049160,s,l,
1526173986.3956,13.814200,25.00000000,b,m,
1526448859.7991,12.220000,125.00000000,b,m,
1526206758.3818,14.270000,15.28288288,b,l,
1526536241.3464,13.610700,16.64000000,s,l,
1526306059.9567,13.909900,6.68850480,b,l,
1526181255.4942,13.640700,80.72107492,s,m,
1526632748.2331,12.726900,152.12583861,s,l,
1526440920.8503,12.325100,4.13846690,b,l,
1526205750.041,14.344900,18.19184668,s,l,
1526195422.9872,13.973000,160.36000000,s,l,
1526161597.1547,13.789500,7.30133547,b,m,
1526530399.5753,13.447100,6.92000000,b,l,
1526337850.7596,13.800000,4.90798015,s,l,
1526337851.6812,13.800000,4.90798015,s,l,
1526282188.9535,13.739100,98.77500000,s,m,
1526501695.8467,12.150000,20.57613000,s,l,
1526337858.8697,13.800000,36.20600000,s,l,
1526337859.6855,13.800000,19.06676168,s,l,
1526567239.678,13.357500,17.00000000,b,m,
1526567242.4391,13.357400,130.00000000,b,m,
1526305102.5673,13.258900,57.71321321,b,l,
1526436176.3588,12.500000,500.00000000,s,l,
1526436177.8888,12.500000,134.76854033,s,l,
1526436178.947,12.500000,201.25068004,s,l,
1526436180.6897,12.500000,248.84171276,s,l,
1526436182.7273,12.500000,400.00000000,s,l,
1526501719.9615,12.150000,0.00000273,s,m,
1526305113.7684,13.269900,131.26936936,b,l,
1526305114.9371,13.269900,180.31020000,s,l,
1526222858.309,14.322800,21.46050000,b,m,
1526337885.7021,13.799500,20.18229464,b,m,
1526244422.517,14.940900,230.13340761,s,m,
1526632803.9516,12.760000,42.85411442,b,m,
1526305127.5281,13.270000,49.03273273,s,l,
1526230340.8919,14.910000,40.68000000,b,m,
1526167485.3008,14.050100,0.99722460,s,m,
1526485321.6702,12.310000,105.77526894,s,l,
1526305137.5476,13.270000,27.81389768,s,l,
1526231339.2397,15.000600,14.28000000,s,l,
1526665590.7304,12.310100,4.87404651,s,m,
1526534521.225,13.404000,51.05105105,b,l,
1526305146.9934,13.269900,47.60103693,s,l,
1526337918.4963,13.799400,50.90190392,b,l,
1526305151.4667,13.250000,77.59379379,b,l,
1526305152.5608,13.250000,10.91300000,b,l,
1526436225.6818,12.489700,28.80989339,b,l,
1526256528.1895,14.420300,0.00033253,s,l,
1526265468.192,14.340000,9.46546547,s,l,
1526230422.1649,14.812100,8.32000000,s,m,
1526305159.8623,13.250000,150.71590000,b,l,
1526272393.6656,13.610000,977.92657192,s,m,
1526567306.7088,13.372200,130.92650144,b,l,
1526567307.6908,13.380100,134.46503793,s,l,
1526589323.4197,12.660000,0.03740076,s,m,
1526208578.536,14.194400,172.50000000,b,m,
1526567310.6074,13.380100,13.68707051,s,l,
1526579949.1898,12.575200,20.40600000,s,l,
1526665692.1395,12.374800,5.71940594,b,l,
1526567314.7909,13.380100,14.49315723,s,l,
1526569027.8076,13.254000,84.09582000,s,l,
1526567316.2058,13.380100,143.14638570,s,l,
1526494395.4216,12.126200,63.11700000,s,m,
1526567318.8665,13.380100,98.26349530,s,l,
1526305175.0392,13.250000,4.56310000,b,l,
1526567320.3549,13.380100,17.73167914,s,l,
1526305177.6956,13.250000,65.95325325,b,l,
1526305178.1826,13.250000,96.35475475,b,l,
1526305179.8911,13.250000,19.67767768,b,l,
1526305180.2239,13.250000,16.35725726,b,l,
1526567326.3059,13.380100,79.11826863,s,l,
1526306721.1126,14.140000,233.76580000,b,m,
1526567333.9743,13.380100,134.52000000,s,l,
1526567334.1209,13.380100,14.94516517,s,l,
1526195426.3791,13.956000,144.89999999,s,l,
1526567339.1799,13.380100,8.09259571,s,l,
1526387465.6999,13.870100,10.18660000,s,l,
1526589402.7124,12.708900,20.26675000,b,m,
1526344554.1842,13.941200,29.92221041,s,m,
1526305204.2382,13.250000,8.12090000,b,l,
1526567350.8994,13.380100,10.42696260,s,l,
1526567351.4582,13.380100,27.13573417,s,l,
1526363106.6364,14.170500,3.00000000,b,m,
1526305209.9867,13.250000,97.97287287,b,l,
1526436282.0505,12.420400,26.85699100,s,m,
1526368646.3178,14.180000,0.00044927,s,l,
1526305212.1019,13.250000,168.00000000,b,m,
1526567358.6181,13.380100,132.85221480,s,l,
1526567359.9065,13.380100,991.84500000,s,l,
1526567366.2167,13.380100,1300.00000000,s,l,
1526567367.8383,13.380100,1300.00000000,s,l,
1526177703.142,13.536600,0.02073215,s,l,
1526596963.0949,12.343100,131.94983612,s,m,
1526427042.896,12.842000,4.43679700,s,l,
1526543313.1028,13.110500,145.40663153,s,m,
1526162031.2607,13.800000,88.00000000,b,l,
1526305232.3379,13.250000,43.00000000,b,m,
1526167058.7178,14.253500,0.00000261,s,l,
1526199792.8961,14.004300,225.00000000,b,m,
1526305238.9076,13.250000,271.99660000,b,l,
1526305239.2294,13.250000,196.19101604,b,l,
1526665692.1845,12.412200,1143.69308180,b,l,
1526665693.5914,12.450000,0.09246480,s,l,
1526665694.596,12.450000,7.36570344,s,l,
1526665695.1028,12.450000,3.41540634,s,l,
1526665696.8262,12.450000,73.07248063,s,l,
1526665700.5589,12.344600,44.24929364,s,l,
1526536273.4036,13.640000,36.55525535,b,m,
1526534635.7118,13.360700,65.35621632,s,l,
1526600183.255,12.071000,330.00000000,s,m,
1526469118.8291,12.696000,3.00000000,s,l,
1526305284.0847,13.300000,99.35370677,b,m,
1526665695.7838,12.450000,134.81193370,s,l,
1526312366.3185,14.369100,0.00010291,s,l,
1526224985.591,14.369800,676.00000000,b,m,
1526591510.4452,12.690000,52.23100462,s,l,
1526256740.9454,14.420000,0.00046535,s,m,
1526522149.4939,13.800000,0.00000068,b,m,
1526370847.0858,14.199500,8.88888889,b,l,
1526567462.1712,13.325900,4.69000000,s,l,
1526274635.4271,13.600000,30.00000000,s,m,
1526633001.2616,12.720000,134.25606000,b,l,
1526633004.1972,12.687200,78.81959700,s,l,
1526367478.4415,14.244600,309.79758780,b,l,
1526437983.0486,12.088800,44.98416918,b,l,
1526317834.4765,14.159900,131.41866297,b,m,
1526239806.7616,14.670000,125.00000000,b,m,
1526305345.103,13.259900,157.69199199,b,l,
1526195065.1052,13.999900,10.00000000,s,m,
1526435292.6064,12.280000,344.19870500,s,m,
1526501966.2148,12.150000,97.05680000,s,l,
1526469199.7209,12.600000,22.02202202,b,l,
1526174288.5509,13.799800,5.00000000,b,l,
1526365198.7765,14.090800,0.00004163,s,m,
1526305363.7919,13.231100,0.04977716,s,m,
1526305370.0774,13.249600,132.08538539,b,l,
1526370907.6002,14.199500,33.25435287,b,l,
1526305376.2528,13.231300,34.03188567,s,l,
1526305377.051,13.222700,157.71441441,b,l,
1526305378.2736,13.222700,145.64840000,b,l,
1526305379.7064,13.222700,357.12835636,b,l,
1526620973.4382,12.470400,0.00002033,b,m,
1526534758.899,13.403900,5.00000000,b,l,
1526239847.7747,14.710000,49.43415954,b,m,
1526672828.9958,12.830000,1.72894097,b,m,
1526671093.8784,12.989700,29.97000000,b,m,
1526579986.25,12.576200,79.51527400,s,l,
1526274635.4321,13.599400,0.16219738,s,m,
1526314366.8381,14.393100,1.75325000,b,m,
1526225001.2959,14.240700,8.32000000,s,m,
1526665848.5845,12.398900,177.37560340,b,l,
1526600313.8048,12.208900,30.21685290,b,m,
1526665850.1416,12.400000,42.31420000,s,l,
1526665851.0926,12.400000,603.71900000,s,l,
1526665852.6744,12.400000,9.13180547,s,l,
1526665853.7159,12.400000,32.11300000,s,l,
1526665856.8785,12.400000,1300.00000000,s,l,
1526665858.2665,12.400000,1300.00000000,s,l,
1526305412.8075,13.171600,95.00000000,s,l,
1526665862.6473,12.400000,400.00000000,s,l,
1526665863.2371,12.400000,32.11300000,s,l,
1526534792.9425,13.404000,10.54109354,b,l,
1526305417.9554,13.250000,14.04784785,b,l,
1526305418.2881,13.250000,14.04864785,s,l,
1526338779.0704,13.770000,121.23940000,s,l,
1526228496.738,14.500000,5.00000000,b,l,
1526272656.3447,13.669800,0.00004158,b,l,
1526305429.1406,13.230000,12.36306307,b,l,
1526239894.4838,14.700000,11.90008800,s,l,
1526370968.0314,14.200000,90.86870486,s,m,
1526436505.0259,12.420000,200.00000000,s,l,
1526239899.4731,14.700000,99.90000000,s,l,
1526454032.4738,12.329900,30.79117800,b,l,
1526394309.1578,13.810000,125.00000000,b,l,
1526305446.0279,13.172100,28.57554900,s,l,
1526403753.631,13.425000,0.00002548,b,l,
1526394311.577,13.831000,500.00000000,s,l,
1526600365.7384,12.199900,60.00000000,b,m,
1526579997.8967,12.560000,17.58700000,b,l,
1526469297.8274,12.600000,4.00400400,b,l,
1526521948.7372,13.677800,13.08515213,s,m,
1526463853.7658,12.240000,65.35947000,s,l,
1526305464.2281,13.170000,25.99433574,s,l,
1526272698.5176,13.724500,516.78000000,s,l,
1526665694.6004,12.450000,0.01003626,s,l,
1526436543.444,12.450000,480.00000000,s,l,
1526170400.8913,14.000000,0.02798417,s,m,
1526305474.1392,13.170000,79.60480481,b,l,
1526338243.1805,13.850000,5.00000000,b,m,
1526394887.8478,13.550000,0.21860258,s,m,
1526305479.4928,13.169900,90.07129467,b,l,
1526617703.3614,12.500000,466.86500000,b,l,
1526305491.2645,13.180000,500.00000000,b,l,
1526312398.3342,14.444100,113.97380000,s,l,
1526502102.1702,12.150000,12.99999977,s,l,
1526305495.0003,13.190000,45.03564734,s,l,
1526520010.9346,13.346200,3.00000000,b,m,
1526204871.7919,14.440000,67.25054604,b,m,
1526534888.0423,13.330400,100.00000000,s,m,
1526215077.1984,14.375000,0.00003353,s,m,
1526436589.0736,12.409900,25.00000000,b,m,
1526673157.5663,12.910000,0.19582220,b,l,
1526436592.3253,12.409900,327.74311951,b,l,
1526461130.635,12.072100,5.30100000,s,l,
1526436604.0462,12.399900,100.00000000,b,m,
1526186795.027,13.670900,19.94813485,s,m,
1526436613.416,12.332500,0.05077369,s,l,
1526469385.9294,12.600000,46.80266540,b,l,
1526574060.2529,12.980500,0.00027956,s,m,
1526240016.7734,14.700000,0.01597259,s,l,
1526494566.4647,12.221200,1300.00000000,b,m,
1526520595.621,13.413200,8.99100000,b,m,
1526267914.5685,13.885400,9.00000000,s,l,
1526416176.367,13.000000,70.15375102,b,l,
1526544580.8345,13.099900,76.33587000,b,l,
1526317873.6493,14.120000,39.30873229,s,l,
1526427100.8034,12.841000,4.43679700,s,l,
1526427101.2137,12.841000,4.43236464,s,l,
1526196314.3479,13.989600,3.01371846,b,l,
1526194348.9001,13.973600,39.62791400,s,m,
1526545692.6763,13.030300,0.65302045,s,m,
1526316474.1148,14.087700,29.48540000,s,l,
1526182982.1515,13.840000,99.74067425,s,l,
1526443487.916,12.218800,81.27768475,b,l,
1526240061.7126,14.620000,95.00000000,s,l,
1526668990.615,12.630100,328.54399997,s,l,
1526408210.1078,12.600000,0.00001507,b,l,
1526181255.4973,13.610600,150.34230000,s,m,
1526321015.3825,14.150000,205.98287256,b,l,
1526240077.4983,14.578600,51.28371380,s,l,
1526305616.6482,13.299600,30.00000000,b,m,
1526665695.6581,12.450000,3.66305333,s,l,
1526469464.3767,12.559900,42.29762900,s,l,
1526502235.7049,12.110000,62.72232742,s,m,
1526367034.6503,14.240000,230.31901734,s,l,
1526666080.2429,12.320000,716.26151786,s,l,
1526240100.4573,14.570000,34.05630709,s,l,
1526239086.2603,14.570000,40.00000000,s,m,
1526523871.711,13.606100,9.95200000,s,m,
1526518932.6434,13.237700,25.00000000,b,m,
1526600557.3462,12.190900,7.14000000,s,m,
1526436718.2975,12.330000,15.00000000,s,l,
1526600561.1425,12.136200,21.68000000,s,m,
1526408669.8994,12.610000,0.00134151,s,m,
1526432574.9986,12.700000,701.40440000,s,m,
1526510974.9973,12.550000,93.29259259,b,l,
1526274196.1195,13.700000,30.11765000,s,l,
1526432575.0133,12.684200,7.88382000,s,m,
1526666110.4605,12.315800,58.00000000,s,l,
1526309771.0425,14.300000,32.30375959,s,l,
1526240139.1256,14.570000,20.00000000,s,l,
1526567823.3863,13.300000,18.79699000,b,l,
1526667416.6101,12.388500,216.96330143,b,l,
1526365198.7614,14.103700,5.04900000,s,m,
1526338455.2384,13.781000,43.19250000,s,l,
1526268740.0726,13.670500,7.49900000,s,l,
1526667418.6556,12.388700,0.13293786,b,l,
1526338463.6426,13.781000,48.32927219,s,l,
1526338466.3807,13.780000,28.62650000,s,l,
1526667419.1401,12.401000,234.00000000,b,l,
1526240164.9642,14.570000,5.24727000,s,l,
1526547270.6846,13.010000,300.00000000,s,l,
1526272936.343,13.757500,0.00776000,b,l,
1526339740.9866,13.777300,48.18503719,b,l,
1526629191.7751,12.789000,400.00000000,b,m,
1526267891.8176,13.828900,60.00000000,s,m,
1526305710.7434,13.300000,500.00000000,b,l,
1526225053.5963,14.290000,15.14876578,b,l,
1526665694.952,12.450000,1539.08329526,s,l,
1526305714.4501,13.300000,15.75000000,b,l,
1526272947.1509,13.770000,900.00000000,s,m,
1526476955.3499,12.132200,0.03449511,s,l,
1526308921.7119,14.230100,8.75838454,b,l,
1526253117.7097,14.747700,11.97126895,s,m,
1526600634.1832,12.235500,3.00000000,b,m,
1526617711.9698,12.510000,500.00000000,b,l,
1526203210.9522,13.830100,0.00099525,s,l,
1526601888.2477,12.100000,557.20000000,s,m,
1526535111.9387,13.407000,45.00000000,b,m,
1526344031.3159,14.015600,149.78855064,s,l,
1526481741.9552,11.970000,1289.36155854,b,l,
1526544606.756,13.100000,0.11290957,b,m,
1526203214.6238,13.830100,5.47200475,s,l,
1526159524.7881,13.616400,10.68000000,s,l,
1526272988.6634,13.797000,17.33840000,b,l,
1526272989.2635,13.797000,10.80000000,b,l,
1526633004.1874,12.687300,69.62614671,s,l,
1526448976.4243,12.145600,0.03297824,s,m,
1526327374.0236,14.014900,0.00001670,s,m,
1526305764.6511,13.433100,264.88987836,s,l,
1526600677.5209,12.210200,81.89874000,s,m,
1526272999.3571,13.797000,24.61500000,b,l,
1526304429.8681,13.130200,991.84500000,s,l,
1526567913.2671,13.363000,2.86000000,b,m,
1526176896.9522,13.583000,109.45788936,s,l,
1526268551.281,13.729000,132.59786001,b,l,
1526305774.6102,13.433500,48.16585311,s,l,
1526410749.0435,12.770000,0.00043673,b,l,
1526305776.6723,13.486000,96.00000000,b,m,
1526306984.1875,14.103800,26.47200000,s,l,
1526232544.0555,14.814400,10.00000000,s,l,
1526273015.924,13.797000,125.81260001,b,l,
1526339754.7848,13.789800,0.00416001,b,l,
1526406034.26,13.133600,16.93285000,b,l,
1526502400.9978,12.187000,20.00000000,b,l,
1526579986.2406,12.576200,79.51527400,s,l,
1526408320.159,12.582400,521.51000000,s,m,
1526303468.7117,13.269700,19.92875130,b,m,
1526306988.6733,14.139000,0.00000996,b,l,
1526535178.1769,13.407000,86.14029470,b,m,
1526273035.3389,13.838000,27.76203931,b,m,
1526371343.2362,14.210000,100.00000000,s,l,
1526239251.16,14.659900,8.95734181,b,l,
1526617714.3435,12.510000,500.00000000,b,l,
1526470831.9163,12.650000,2.84545604,s,l,
1526567968.4152,13.359500,5.00000000,b,m,
1526305833.265,13.568800,600.00000000,b,m,
1526371373.6026,14.200000,100.28018303,s,m,
1526371374.3866,14.200000,1300.00000000,s,l,
1526371376.7856,14.200000,356.59869406,s,l,
1526569139.2892,13.254000,0.01293267,s,m,
1526371381.8053,14.180000,639.21814185,s,l,
1526305848.3485,13.532500,34.06167946,s,l,
1526470836.4146,12.639500,21.72546396,s,l,
1526273083.738,13.838000,80.00000000,b,m,
1526443530.4976,12.213800,0.56357976,s,l,
1526305854.8266,13.532500,61.12040000,s,l,
1526436927.9705,12.300000,17.61445314,s,l,
1526654814.7077,12.059300,151.37980000,s,m,
1526236001.9037,14.830000,125.00000000,b,l,
1526653723.3492,12.277400,201.24000000,s,l,
1526520010.9215,13.336700,53.39435545,b,m,
1526405303.0703,13.240000,261.83068731,s,l,
1526618807.9152,12.555100,0.00019880,s,l,
1526526061.1712,13.639700,4.99626696,b,l,
1526305873.6107,13.550000,1300.00000000,b,l,
1526338642.8771,13.771000,0.00000004,s,m,
1526305876.7221,13.550000,90.12062062,b,l,
1526436951.9666,12.250000,20.00000000,s,l,
1526305880.9292,13.617400,73.43545700,s,l,
1526547300.6887,12.938600,10.93600000,s,l,
1526305882.7514,13.619300,14.95200000,b,l,
1526282188.9564,13.737800,10.00000000,s,m,
1526305884.3735,13.629900,17.60834635,b,l,
1526600797.465,12.240000,5.00000000,b,l,
1526279696.8367,13.838000,19.94140000,b,m,
1526371429.2834,14.115900,7.08419000,s,l,
1526305894.9416,13.661900,18.35886425,b,l,
1526371431.2401,14.112000,79.17390000,s,l,
1526307004.6476,14.148000,300.00000000,b,l,
1526305900.5411,13.662000,42.44246425,b,l,
1526305901.1368,13.691000,8.37310000,b,l,
1526371438.2462,14.112000,14.14833750,s,l,
1526535281.9886,13.412000,174.00000000,b,l,
1526436981.2304,12.249600,24.50000000,b,l,
1526436982.03,12.250000,382.50000000,s,l,
1526273143.0424,13.797000,4.40000000,s,l,
1526535288.8128,13.421000,200.00000000,b,l,
1526535292.4748,13.452000,189.00000000,b,l,
1526436989.0771,12.240000,20.00000000,s,l,
1526535297.1457,13.486900,248.49728384,b,l,
1526371460.2449,14.080000,21.28500000,s,l,
1526371463.4227,14.030000,0.05550710,s,l,
1526371464.6667,14.030000,66.63660000,s,l,
1526268780.5952,13.560000,495.57900321,s,l,
1526534792.946,13.407000,108.85970530,b,l,
1526437003.1961,12.207300,50.16500000,s,l,
1526305933.7809,13.691000,57.72976143,b,l,
1526371470.1365,14.030000,133.30789290,s,l,
1526535312.3082,13.499000,500.00000000,b,l,
1526305937.2337,13.739800,367.45162809,b,l,
1526305938.6157,13.739800,146.91650000,b,l,
1526600851.9349,12.290000,220.28792514,s,l,
1526437012.1613,12.200100,1.10246211,s,l,
1526187813.4669,13.520300,3.68853500,s,m,
1526371478.8466,14.000100,42.07000000,s,l,
1526362918.4391,14.030100,0.00034639,s,l,
1526305944.3307,13.739800,229.16597191,b,l,
1526207641.0664,14.299900,63.89816712,b,m,
1526256795.6421,14.300000,0.07331046,s,m,
1526437027.8012,12.160100,0.00000003,s,m,
1526305956.5264,13.772000,154.58288357,b,l,
1526268785.6217,13.560300,11.00000000,s,l,
1526510976.7882,12.550000,269.85894458,b,l,
1526568110.8338,13.382600,37.90904607,b,m,
1526666415.2223,12.315800,0.00024900,s,l,
1526502578.2678,12.184300,14.50000000,b,m,
1526305973.0636,13.825900,222.80982752,s,l,
1526535352.9953,13.553900,11.73434519,b,l,
1526469818.942,12.555800,4.28884899,s,l,
1526437052.3944,12.160700,73.01400000,s,l,
1526520010.9173,13.320000,117.63529807,b,m,
1526437056.1885,12.170000,11.50000000,b,l,
1526437060.6817,12.169900,125.23223223,b,l,
1526543523.1649,13.120000,20.26360000,s,l,
1526156172.8034,13.674300,9.47200000,b,m,
1526268791.0211,13.510100,10.00000000,s,l,
1526437068.1457,12.169800,49.77761294,b,l,
1526521928.275,13.710100,128.59976754,s,l,
1526207697.2531,14.240300,64.44400000,s,l,
1526437075.3908,12.160000,41.65586048,s,l,
1526525841.8758,13.530500,0.68644735,s,l,
1526307022.7996,14.148000,0.00006117,b,l,
1526437078.3209,12.160000,38.58858859,b,l,
1526268793.3009,13.507400,11.59399399,b,l,
1526335742.5723,13.800000,161.57420290,s,l,
1526273243.7758,13.689700,188.08528431,s,m,
1526268794.7265,13.507400,30.22950000,b,l,
1526535391.172,13.596000,153.88910709,b,m,
1526338788.8638,13.730000,185.12133160,s,m,
1526579219.4559,12.710000,59.88024246,s,m,
1526207718.3919,14.292000,150.74808397,b,l,
1526408224.9179,12.651600,5.00000000,b,l,
1526437098.1652,12.153000,8.06542418,s,l,
1526305973.9219,13.900000,0.05988018,b,l,
1526581714.0186,12.590000,78.83341369,s,l,
1526404337.8127,13.425000,0.01128604,b,m,
1526437108.9964,12.131700,150.69070000,s,m,
1526437109.0087,12.131600,7.82331400,s,m,
1526633718.7403,12.800000,190.00000000,b,m,
1526306039.2247,13.909900,8.00000000,b,l,
1526176905.4537,13.550000,10.00000000,s,l,
1526437116.2251,12.119700,0.00000058,s,m,
1526666493.6462,12.278800,25.00000000,s,m,
1526306047.0726,13.900000,107.98918919,b,l,
1526666497.3977,12.278900,400.00000000,s,m,
1526407011.8695,13.040000,0.00000002,s,m,
1526183585.7789,13.914700,13.89800000,s,l,
1526437126.9646,12.160000,20.06759868,b,l,
1526371591.3724,13.980000,3.00000000,s,l,
1526306056.8653,13.847900,8.32000000,s,m,
1526306059.9656,13.910000,0.00008783,b,l,
1526306061.1186,13.848000,3.00000000,s,l,
1526306065.5866,13.910000,3.00000000,s,l,
1526158544.1546,13.686400,10.00000000,s,m,
1526194216.516,14.059600,18.00000000,b,m,
1526371605.8515,13.953900,25.35355355,b,l,
1526405337.653,13.200000,199.68051118,s,m,
1526175000.2824,13.837700,4.70000000,b,l,
1526306075.8895,13.910000,27.00000000,s,l,
1526175005.8276,13.837700,0.00004032,b,l,
1526666526.2247,12.278800,294.92300000,s,m,
1526484605.3303,12.292500,0.30520386,b,l,
1526189703.0839,13.740300,18.86700000,s,l,
1526246960.2659,14.985700,17.86000000,b,m,
1526633764.1954,12.800000,200.00000000,b,m,
1526268806.9528,13.507400,14.62660000,b,l,
1526414773.2997,12.950000,100.00000000,s,l,
1526268807.4049,13.507400,5.78651311,b,l,
1526413682.4633,12.941000,79.92499500,b,l,
1526324547.7281,14.099400,5.00000000,b,l,
1526617732.7229,12.666000,499.40077066,b,m,
1526240565.6483,14.640000,5.00000000,b,m,
1526367113.5268,14.238800,39.96799200,b,m,
1526519522.3076,13.201300,152.51031448,s,m,
1526530399.5857,13.447500,29.08000000,b,l,
1526437181.2936,12.131500,34.67943692,s,l,
1526306112.0406,13.940000,199.81250000,b,m,
1526427190.1796,12.822200,5.00000000,s,l,
1526338888.8977,13.740700,3.00000000,b,m,
1526522796.7329,13.748000,2.74499999,s,l,
1526437688.2925,11.999900,1300.00000000,b,m,
1526437204.1126,12.150000,41.15226000,s,l,
1526226009.9761,14.386200,6.94950000,b,l,
1526306135.106,13.978200,199.03584962,s,l,
1526306136.6743,13.978200,170.65823242,s,l,
1526379606.5131,14.059800,30.26170800,b,m,
1526268133.3542,13.699900,5.53950398,b,l,
1526522797.0558,13.748000,67.25500001,s,l,
1526633834.3859,12.800000,10.00000000,b,l,
1526535531.0847,13.602000,9.00000000,b,m,
1526306158.0376,13.970000,200.11080000,b,l,
1526306159.5362,14.017900,517.71000000,b,l,
1526396524.9574,13.343900,5.00000000,s,m,
1526268821.0866,13.507400,51.78656347,b,l,
1526601096.7186,12.290000,493.71830000,b,m,
1526306185.2609,14.080000,114.98420000,b,l,
1526522107.7714,13.700100,0.00023095,s,l,
1526338957.9285,13.730600,0.00692715,s,l,
1526306191.8267,14.125000,5.02100000,b,l,
1526640195.469,12.580100,4.76943744,s,m,
1526661372.9579,12.380500,0.00599994,b,l,
1526350400.6153,13.931300,71.78081000,s,m,
1526175130.8753,13.860000,50.00000000,b,l,
1526306207.3255,14.190000,59.90415335,b,m,
1526526505.5628,13.702200,132.15701374,s,m,
1526437283.9557,12.159900,91.23550000,b,l,
