time,bid,ask
1526202368,13.888000,13.939800
1526202370,13.820000,13.939800
1526202371,13.820100,13.939800
1526202372,13.820100,13.930000
1526202373,13.820200,13.930000
1526202374,13.820300,13.930000
1526267905,13.885100,13.991100
1526202376,13.820400,13.930000
1526202378,13.830000,13.930000
1526202379,13.830000,13.929800
1526333452,14.234700,14.344600
1526202381,13.830100,13.929800
1526333454,14.234800,14.344300
1526377133,14.128600,14.162800
1526202384,13.840000,13.920000
1526202385,13.840100,13.920000
1526202387,13.840100,13.920000
1526202389,13.840200,13.920000
1526202390,13.840200,13.945100
1526202391,13.840200,13.945000
1526333465,14.234800,14.344000
1526202395,13.840300,13.940000
1526333468,14.202600,14.343800
1526333469,14.210000,14.343800
1526202398,13.840300,13.939400
1526202399,13.840900,13.939400
1526333472,14.210100,14.343700
1526202402,13.840900,13.930000
1526333475,14.220000,14.343600
1526202405,13.840900,13.929800
1526202406,13.841000,13.929800
1526377137,14.128600,14.162500
1526202408,13.820300,13.920000
1526202409,13.841100,13.920000
1526202411,13.820300,13.920000
1526202412,13.841200,13.920000
1526333486,14.220900,14.342700
1526333487,14.220900,14.342800
1526333488,14.221000,14.342500
1526202418,13.841300,13.930000
1526333491,14.221400,14.342400
1526202420,13.841300,13.929600
1526202421,13.841400,13.929600
1526333495,14.221500,14.342100
1526202424,13.841400,13.920000
1526202425,13.841400,13.920000
1526202427,13.841600,13.920000
1526333500,14.221800,14.342000
1526333501,14.221800,14.342000
1526202432,13.841600,13.919800
1526202435,13.841700,13.919800
1526202437,13.841800,13.919800
1526202439,13.841800,13.910000
1526333512,14.222000,14.345700
1526333514,14.221600,14.345600
1526202443,13.841900,13.910000
1526202444,13.820600,13.920000
1526202445,13.820700,13.920000
1526333453,14.234700,14.344300
1526202448,13.820600,13.920000
1526202449,13.820800,13.920000
1526202450,13.820900,13.930000
1526202451,13.830000,13.910000
1526333524,14.221800,14.345100
1526333526,14.231700,14.345100
1526202456,13.830100,13.921500
1526202457,13.830100,13.920000
1526333530,14.231700,14.357900
1526202459,13.830200,13.919900
1526333532,14.231800,14.345000
1526333533,14.231900,14.357800
1526202462,13.830200,13.910000
1526333537,14.231900,14.357600
1526202466,13.830300,13.910000
1526202467,13.830400,13.910000
1526202468,13.830400,13.930000
1526202470,13.830400,13.929900
1526202471,13.830500,13.929900
1526202472,13.830900,13.929900
1526202473,13.830900,13.929500
1526202474,13.830900,13.920000
1526202475,13.831000,13.920000
1526202476,13.831000,13.919900
1526333549,14.232500,14.356900
1526333550,14.232600,14.356900
1526202479,13.831100,13.910000
1526202481,13.831200,13.910000
1526333459,14.234800,14.344200
1526202484,13.831300,13.910000
1526333557,14.242400,14.356400
1526333558,14.242400,14.356300
1526202487,13.831300,13.909900
1526202488,13.831400,13.909900
1526202489,13.831400,13.900000
1526202490,13.831500,13.900000
1526202492,13.831500,13.899900
1526333565,14.242500,14.356100
1526202494,13.831500,13.899800
1526202495,13.831600,13.890000
1526333568,14.242500,14.356000
1526202499,13.831700,13.890000
1526333572,14.242500,14.370900
1526333573,14.242500,14.355900
1526333574,14.242500,14.370900
1526202503,13.831800,13.890000
1526202507,13.831900,13.890000
1526202509,13.832000,13.890000
1526333582,14.242500,14.355400
1526202511,13.832000,13.900000
1526333585,14.242900,14.355300
1526202515,13.832100,13.900000
1526333588,14.242900,14.355200
1526202518,13.832200,13.900000
1526333592,14.243100,14.354600
1526377156,14.128600,14.161800
1526333595,14.245800,14.354500
1526333597,14.245800,14.354200
1526202528,13.832300,13.900000
1526202529,13.832400,13.900000
1526333467,14.234800,14.343800
1526237835,14.671800,14.719400
1526202534,13.832500,13.900000
1526333607,14.245800,14.353900
1526202536,13.832600,13.900000
1526202537,13.832600,13.899900
1526202538,13.832600,13.900000
1526333613,14.245800,14.353700
1526202542,13.832700,13.900000
1526202545,13.832800,13.900000
1526333618,14.245800,14.353600
1526202548,13.832900,13.900000
1526202551,13.833000,13.900000
1526355316,13.980000,14.059800
1526333626,14.245800,14.352700
1526202555,13.833100,13.900000
1526333628,14.245800,14.352600
1526202559,13.833200,13.900000
1526333634,14.245800,14.352700
1526202564,13.833300,13.900000
1526202567,13.833400,13.900000
1526333640,14.245800,14.352300
1526333642,14.222400,14.352300
1526202571,13.833500,13.900000
1526333474,14.210200,14.343600
1526202574,13.833600,13.900000
1526333647,14.230000,14.351900
1526202577,13.833700,13.900000
1526333651,14.230100,14.351800
1526202580,13.833800,13.900000
1526333653,14.230700,14.351800
1526333654,14.230700,14.351200
1526202584,13.833900,13.900000
1526333657,14.230700,14.351100
1526202586,13.834000,13.900000
1526202589,13.834000,13.899900
1526202591,13.834100,13.899900
1526202592,13.834100,13.890000
1526333665,14.230100,14.351000
1526202594,13.834200,13.890000
1526333667,14.230400,14.350800
1526333478,14.220100,14.343500
1526202598,13.834200,13.889900
1526333671,14.230400,14.350700
1526333672,14.230400,14.350600
1526333674,14.218100,14.350500
1526202603,13.834200,13.880000
1526333677,14.230000,14.350500
1526333678,14.230000,14.349900
1526333680,14.230000,14.349800
1526333480,14.220700,14.342800
1526333682,14.230100,14.349800
1526333683,14.230100,14.349700
1526333684,14.230200,14.349600
1526202614,13.810100,13.890000
1526202616,13.810200,13.890000
1526377172,14.128600,14.162700
1526202618,13.810300,13.890000
1526202619,13.834300,13.890000
1526202620,13.834400,13.890000
1526333694,14.230400,14.349100
1526202624,13.834500,13.890000
1526333697,14.230500,14.349100
1526333698,14.230500,14.348700
1526333701,14.230500,14.348600
1526333703,14.230500,14.348500
1526202632,13.834500,13.889900
1526202633,13.834600,13.880000
1526246103,15.010000,15.095900
1526202636,13.834700,13.880000
1526202638,13.834700,13.900000
1526333711,14.230800,14.347800
1526333712,14.230400,14.347800
1526202641,13.834800,13.900000
1526202642,13.834900,13.900000
1526202643,13.834900,13.899900
1526202644,13.835000,13.899900
1526202646,13.835100,13.899900
1526333719,14.230500,14.347700
1526202649,13.835200,13.890000
1526202651,13.835300,13.890000
1526202652,13.835300,13.889900
1526333725,14.230500,14.347300
1526202654,13.835300,13.880000
1526333728,14.230000,14.347200
1526202657,13.835400,13.880000
1526333730,14.230700,14.346600
1526202659,13.835500,13.880000
1526202660,13.835500,13.900000
1526333733,14.230700,14.346500
1526277120,13.700000,13.790000
1526202663,13.835600,13.900000
1526202664,13.835600,13.899900
1526202666,13.835700,13.890000
1526333740,14.230300,14.346200
1526202671,13.835800,13.890000
1526202672,13.835800,13.906300
1526202673,13.835800,13.900000
1526202675,13.835900,13.900000
1526333748,14.230400,14.345800
1526377182,14.128600,14.163100
1526202678,13.836000,13.900000
1526202679,13.836100,13.900000
1526202681,13.836200,13.900000
1526333755,14.230500,14.345300
1526202686,13.836300,13.920000
1526202687,13.836400,13.920000
1526333760,14.230300,14.345200
1526333762,14.219100,14.344700
1526333763,14.219200,14.344700
1526202692,13.836500,13.920000
1526202693,13.836600,13.920000
1526333767,14.219200,14.290000
1526202697,13.836700,13.920000
1526202698,13.836700,13.930000
1526202699,13.836800,13.930000
1526333772,14.218400,14.290000
1526202701,13.837000,13.929600
1526202702,13.837000,13.920000
1526202703,13.837100,13.920000
1526333777,14.230000,14.290000
1526202706,13.837200,13.920000
1526202709,13.837300,13.920000
1526202712,13.837400,13.920000
1526202713,13.837400,13.950000
1526333787,14.218400,14.290000
1526202718,13.837500,13.949900
1526202719,13.837600,13.940000
1526202721,13.837800,13.939700
1526333499,14.221800,14.342100
1526202725,13.837900,13.939700
1526202726,13.837900,13.930000
1526333799,14.218500,14.290000
1526202730,13.838000,13.930000
1526202731,13.838300,13.929600
1526333805,14.218400,14.290000
1526202735,13.838400,13.929600
1526202736,13.839000,13.929600
1526202737,13.839000,13.920000
1526333811,14.230000,14.290000
1526202740,13.839100,13.920000
1526202741,13.839100,13.939400
1526202742,13.839100,13.930000
1526202743,13.838600,13.930000
1526333816,14.210000,14.290000
1526202746,13.838700,13.930000
1526202747,13.838700,13.940000
1526333821,14.220000,14.290000
1526202750,13.838800,13.940000
1526224277,14.227200,14.300000
1526202753,13.838900,13.940000
1526311659,14.196500,14.260000
1526202758,13.839000,13.940000
1526202759,13.839100,13.940000
1526202761,13.839400,13.939700
1526198562,14.058100,14.100000
1526202764,13.839500,13.939700
1526202765,13.839500,13.930000
1526202766,13.839600,13.930000
1526202768,13.839900,13.930000
1526333507,14.222000,14.345800
1526202772,13.840000,13.930000
1526202777,13.839600,13.930000
1526202778,13.840100,13.930000
1526202780,13.839700,13.940000
1526202781,13.840200,13.940000
1526202785,13.840300,13.940000
1526202788,13.840600,13.939700
1526202789,13.840700,13.939700
1526202791,13.840800,13.939700
1526202794,13.841100,13.930000
1526202797,13.841200,13.930000
1526202801,13.841300,13.930000
1526202804,13.841300,13.940000
1526202806,13.841400,13.940000
1526303312,13.357900,13.389500
1526202811,13.841500,13.940000
1526333884,14.220300,14.290000
1526202813,13.841800,13.939700
1526202816,13.841900,13.939700
1526202817,13.841900,13.930000
1526333890,14.220000,14.289900
1526333515,14.221600,14.345500
1526202820,13.842000,13.930000
1526202822,13.842000,13.940000
1526202823,13.842100,13.940000
1526202825,13.842700,13.939400
1526202826,13.842800,13.939400
1526202828,13.842800,13.930000
1526202831,13.842900,13.930000
1526202832,13.843000,13.930000
1526202836,13.843100,13.930000
1526202838,13.843100,13.950000
1526202839,13.843200,13.950000
1526202840,13.843200,13.949700
1526202841,13.842400,13.949700
1526202842,13.842500,13.949700
1526202843,13.842500,13.940000
1526202845,13.842900,13.939600
1526202847,13.843000,13.939600
1526333921,14.210400,14.290000
1526333922,14.210500,14.290000
1526202851,13.843600,13.930000
1526202853,13.843700,13.930000
1526202859,13.843800,13.930000
1526202861,13.843800,13.940000
1526202862,13.843800,13.960000
1526202863,13.825200,13.959900
1526202864,13.843900,13.959900
1526202865,13.843900,13.950000
1526202867,13.825500,13.949900
1526202869,13.825600,13.949900
1526202870,13.825600,13.940000
1526202871,13.826000,13.939600
1526202872,13.826100,13.939600
1526202873,13.826200,13.939600
1526202874,13.826200,13.930000
1526202876,13.826700,13.929400
1526202878,13.826800,13.929400
1526202880,13.826800,13.920000
1526202881,13.826900,13.920000
1526202882,13.827000,13.919800
1526202885,13.827100,13.919800
1526202889,13.827100,13.910000
1526202891,13.827200,13.910000
1526202894,13.827300,13.950000
1526202896,13.827400,13.950000
1526202899,13.827500,13.949900
1526202902,13.827600,13.949900
1526202903,13.827900,13.940000
1526377220,14.128600,14.161300
1526202906,13.828000,13.940000
1526202907,13.828100,13.940000
1526202909,13.828100,13.939400
1526202910,13.828300,13.939400
1526202913,13.828400,13.939400
1526202915,13.828700,13.930000
1526202916,13.848500,13.930000
1526202920,13.848600,13.930000
1526333994,14.220100,14.290000
1526377223,14.128600,14.161200
1526202925,13.848600,13.940000
1526202926,13.848700,13.940000
1526202927,13.848700,13.939900
1526202929,13.849000,13.939900
1526202930,13.849000,13.939500
1526202931,13.849000,13.930000
1526333534,14.231900,14.357700
1526334006,14.220100,14.290000
1526202935,13.849100,13.930000
1526273298,13.665100,13.740000
1526224308,14.250000,14.309900
1526202938,13.849200,13.930000
1526334012,14.230000,14.290000
1526202942,13.848600,13.930000
1526202944,13.849300,13.930000
1526202947,13.849300,13.929900
1526202948,13.849400,13.929900
1526202949,13.848700,13.920000
1526202951,13.849500,13.920000
1526202953,13.849500,13.939900
1526202954,13.849600,13.930000
1526333538,14.231900,14.357400
1526202958,13.849600,13.929900
1526202959,13.848800,13.920000
1526202960,13.849700,13.920000
1526202962,13.848900,13.920000
1526334035,14.220000,14.290000
1526334036,14.220100,14.290000
1526202966,13.848700,13.920000
1526202967,13.849000,13.920000
1526333540,14.232100,14.357400
1526202971,13.849100,13.920000
1526334047,14.230100,14.290000
1526202976,13.848600,13.920000
1526202977,13.849200,13.920000
1526334050,14.220300,14.290000
1526202979,13.848600,13.920000
1526202980,13.849300,13.920000
1526333542,14.232100,14.357300
1526202982,13.848500,13.920000
1526202983,13.848600,13.920000
1526202984,13.849300,13.920000
1526202985,13.848600,13.920000
1526202986,13.849400,13.920000
1526334060,14.230400,14.290000
1526202989,13.848700,13.920000
1526202991,13.848700,13.940000
1526334064,14.221000,14.290000
1526202994,13.848800,13.939900
1526202995,13.848900,13.939800
1526202997,13.848900,13.930000
1526202999,13.849000,13.930000
1526203000,13.849000,13.929900
1526203003,13.849000,13.920000
1526203004,13.848700,13.920000
1526203005,13.849100,13.920000
1526334078,14.230100,14.290000
1526373151,13.873600,13.976600
1526203009,13.849200,13.920000
1526334083,14.230300,14.290000
1526377238,14.128600,14.160300
1526334087,14.230400,14.290000
1526203016,13.849300,13.920000
1526334089,14.230500,14.290000
1526203019,13.848500,13.920000
1526203020,13.848700,13.920000
1526203021,13.848600,13.920000
1526203022,13.849400,13.920000
1526334096,14.230700,14.290000
1526203025,13.848600,13.920000
1526203026,13.848600,13.919900
1526203027,13.848700,13.919900
1526203028,13.848700,13.910000
1526334103,14.230900,14.290000
1526203033,13.848700,13.909900
1526334109,14.230900,14.290000
1526203040,13.839200,13.900000
1526203041,13.839300,13.900000
1526203043,13.839300,13.899900
1526203045,13.839400,13.890000
1526333553,14.232800,14.356500
1526334120,14.231200,14.290000
1526377244,14.128600,14.159600
1526334122,14.231000,14.290000
1526203051,13.839400,13.900000
1526203052,13.839500,13.900000
1526334126,14.231300,14.290000
1526203058,13.839600,13.899800
1526334133,14.231500,14.290000
1526203062,13.839600,13.890000
1526203063,13.839700,13.890000
1526334138,14.231600,14.290000
1526203067,13.839800,13.890000
1526334141,14.231800,14.290000
1526334142,14.231900,14.290000
1526203072,13.839900,13.890000
1526203078,13.840000,13.890000
1526203080,13.840100,13.890000
1526333559,14.242500,14.356300
1526334156,14.231900,14.290000
1526203085,13.840300,13.890000
1526334164,14.220300,14.290000
1526334165,14.230100,14.290000
1526203095,13.840500,13.909900
1526203097,13.840600,13.909900
1526203098,13.840700,13.909900
1526203100,13.840700,13.900000
1526334173,14.230200,14.290000
1526203103,13.840800,13.899900
1526334176,14.230300,14.290000
1526203105,13.841000,13.899900
1526203106,13.841000,13.890000
1526203107,13.841100,13.890000
1526334182,14.230400,14.290000
1526203111,13.841200,13.890000
1526334184,14.220600,14.290000
1526203113,13.841300,13.890000
1526334189,14.230000,14.290000
1526203118,13.841400,13.890000
1526203125,13.841500,13.890000
1526203129,13.841500,13.910000
1526203130,13.841600,13.910000
1526203132,13.841700,13.910000
1526203133,13.841700,13.909900
1526203134,13.841800,13.909900
1526203135,13.841900,13.909900
1526203137,13.841900,13.900000
1526203138,13.842000,13.900000
1526329307,14.060700,14.139800
1526203143,13.842100,13.900000
1526203144,13.842200,13.900000
1526334217,14.230100,14.289900
1526334218,14.230100,14.290000
1526203147,13.842300,13.900000
1526334221,14.220300,14.289900
1526203150,13.842400,13.900000
1526334225,14.230000,14.289900
1526203154,13.842500,13.900000
1526203156,13.842500,13.899900
1526203158,13.842500,13.890000
1526203159,13.842600,13.890000
1526203161,13.842700,13.890000
1526333575,14.242500,14.355800
1526203183,13.842700,13.889900
1526203186,13.842700,13.880000
1526334259,14.230000,14.289900
1526334265,14.220300,14.289900
1526334268,14.220400,14.289900
1526203199,13.842800,13.880000
1526203201,13.842800,13.879900
1526203202,13.817600,13.830000
1526203203,13.817700,13.870000
1526203204,13.842900,13.870000
1526203210,13.830100,13.870000
1526334283,14.220500,14.289900
1526203212,13.830200,13.869900
1526203213,13.830200,13.869900
1526203214,13.810000,13.820000
1526203215,13.810100,13.860000
1526334289,14.220600,14.289900
1526203219,13.810100,13.859900
1526203220,13.810200,13.859900
1526334293,14.220600,14.289900
1526203224,13.810300,13.859900
1526334297,14.220600,14.289900
1526203226,13.810300,13.850000
1526203229,13.810300,13.849900
1526203230,13.810300,13.840000
1526203233,13.810300,13.839900
1526377275,14.128600,14.157900
1526203237,13.810300,13.830000
1526334312,14.220500,14.289900
1526203241,13.810000,13.830000
1526203242,13.810000,13.850000
1526334315,14.220600,14.289900
1526334318,14.230000,14.289900
1526203248,13.810000,13.860000
1526203249,13.810100,13.860000
1526203251,13.810100,13.859900
1526203253,13.810100,13.850000
1526334327,14.220800,14.289900
1526334332,14.220900,14.289900
1526334334,14.221000,14.289900
1526203265,13.810100,13.860000
1526203267,13.810100,13.859900
1526203268,13.810000,13.859900
1526203269,13.810000,13.850000
1526203275,13.810000,13.868700
1526203277,13.810100,13.868600
1526203281,13.810100,13.860000
1526203286,13.810100,13.859900
1526203287,13.810100,13.859800
1526203289,13.810100,13.859900
1526203290,13.810100,13.850000
1526268412,13.680700,13.728600
1526203297,13.810000,13.860000
1526334374,14.221200,14.289900
1526334376,14.230300,14.289900
1526203305,13.810100,13.860000
1526334379,14.230000,14.289900
1526334380,14.230400,14.289900
1526334383,14.230500,14.289900
1526203312,13.810100,13.859900
1526334387,14.217200,14.289900
1526334388,14.230100,14.289900
1526203317,13.810100,13.850000
1526334391,14.217300,14.289900
1526334392,14.230000,14.289900
1526334393,14.230200,14.289900
1526203323,13.810100,13.870000
1526334396,14.230000,14.289900
1526203325,13.810000,13.870000
1526334398,14.217200,14.289900
1526203327,13.810000,13.869900
1526334401,14.217200,14.289800
1526203330,13.810000,13.860000
1526334403,14.217000,14.289800
1526334405,14.217300,14.289800
1526203334,13.810100,13.860000
1526334407,14.217000,14.290000
1526334408,14.217000,14.289700
1526334409,14.217000,14.289900
1526268067,13.795200,13.798500
1526203353,13.810100,13.859900
1526203354,13.810000,13.859900
1526377295,14.128600,14.157300
1526203359,13.810000,13.850000
1526203363,13.810100,13.850000
1526333606,14.245800,14.370900
1526203378,13.809600,13.810000
1526203379,13.770100,13.800000
1526203380,13.770200,13.849700
1526203381,13.770200,13.790000
1526203382,13.770300,13.790000
1526203383,13.770400,13.790000
1526250957,14.905500,14.983000
1526203388,13.770500,13.830000
1526334461,14.203000,14.289900
1526203390,13.770600,13.830000
1526203391,13.770700,13.830000
1526334464,14.210000,14.289900
1526203393,13.770800,13.840000
1526203394,13.770900,13.840000
1526334467,14.210000,14.289900
1526203397,13.771000,13.840000
1526334470,14.203100,14.280000
1526203400,13.771100,13.840000
1526334473,14.203200,14.280000
1526203402,13.771200,13.840000
1526203403,13.771300,13.840000
1526334476,14.203300,14.290000
1526203406,13.771400,13.840000
1526334479,14.203400,14.290000
1526203409,13.771500,13.840000
1526334483,14.210000,14.290000
1526203412,13.771600,13.840000
1526203419,13.771700,13.840000
1526334493,14.203500,14.280000
1526203423,13.771800,13.840000
1526268080,13.710300,13.728900
1526246235,14.954000,15.028300
1526203428,13.771900,13.840000
1526203429,13.772000,13.840000
1526203436,13.772100,13.840000
1526203438,13.772200,13.840000
1526203440,13.772300,13.840000
1526203441,13.772400,13.840000
1526334518,14.203500,14.279900
1526203448,13.772500,13.840000
1526333620,14.245800,14.353000
1526203452,13.772600,13.840000
1526334528,14.201600,14.262600
1526334531,14.201600,14.250000
1526203460,13.772700,13.840000
1526203461,13.772800,13.840000
1526203466,13.772900,13.840000
1526333623,14.245800,14.352900
1526203468,13.773000,13.840000
1526203470,13.773100,13.840000
1526203473,13.773200,13.840000
1526203475,13.773300,13.840000
1526203476,13.773400,13.840000
1526203478,13.773500,13.840000
1526268089,13.678300,13.728900
1526203480,13.773600,13.840000
1526377316,14.128600,14.163100
1526203484,13.773700,13.840000
1526268090,13.678300,13.728700
1526203488,13.773800,13.840000
1526203490,13.773900,13.840000
1526203491,13.773900,13.860000
1526334564,14.201600,14.239900
1526203493,13.774100,13.860000
1526289937,13.780000,13.854300
1526203496,13.780000,13.860000
1526203499,13.780100,13.860000
1526334572,14.201600,14.229900
1526203501,13.790000,13.860000
1526203502,13.790100,13.880000
1526334576,14.200000,14.219900
1526203506,13.790200,13.880000
1526334579,14.200000,14.220000
1526203508,13.790300,13.880000
1526203510,13.800000,13.880000
1526203511,13.800100,13.910000
1526203512,13.800500,13.909600
1526334585,14.200000,14.220000
1526203514,13.800600,13.909600
1526203515,13.800600,13.900000
1526203516,13.810000,13.900000
1526203517,13.826200,13.900000
1526289941,13.780000,13.854200
1526203521,13.826200,13.910000
1526203522,13.826200,13.910000
1526334595,14.200000,14.229900
1526203525,13.826200,13.910000
1526203527,13.840000,13.940000
1526203529,13.840000,13.939900
1526203532,13.840100,13.939900
1526203533,13.840100,13.930000
1526334607,14.200000,14.219900
1526203536,13.859000,13.930000
1526334611,14.200000,14.210000
1526203542,13.859100,13.930000
1526203544,13.859000,13.930000
1526203545,13.859200,13.930000
1526203546,13.863400,13.930000
1526203550,13.863400,13.929900
1526203551,13.863400,13.930000
1526377328,14.128600,14.161900
1526203554,13.863400,13.950000
1526203556,13.863400,13.947200
1526203557,13.863500,13.947200
1526334632,14.200000,14.230000
1526203561,13.863500,13.940000
1526334634,14.200000,14.229900
1526333639,14.245800,14.352400
1526334638,14.200000,14.220000
1526203568,13.863600,13.940000
1526334642,14.200000,14.219900
1526377331,14.128600,14.161700
1526203572,13.863600,13.939900
1526334646,14.200000,14.219800
1526203577,13.863600,13.989600
1526203578,13.863600,13.930000
1526268106,13.678200,13.728300
1526334655,14.200000,14.229900
1526334656,14.200000,14.220000
1526203585,13.863600,13.950000
1526333643,14.222500,14.352300
1526334661,14.200000,14.240000
1526203590,13.863700,13.950000
1526334669,14.181000,14.240000
1526203598,13.863700,13.949900
1526203599,13.863700,13.950000
1526364539,14.087800,14.191000
1526333646,14.222500,14.352300
1526203610,13.863600,13.950000
1526268112,13.678300,13.700000
1526203619,13.863700,13.960000
1526334694,14.181000,14.239900
1526203623,13.863800,13.960000
1526203624,13.863800,13.959600
1526203625,13.870000,13.959600
1526203627,13.870100,13.959600
1526334701,14.181000,14.230000
1526203630,13.880000,13.950000
1526203632,13.880100,13.950000
1526268115,13.678300,13.699900
1526203636,13.890000,13.980000
1526203638,13.891200,13.980000
1526334712,14.181100,14.230000
1526203641,13.891300,14.010000
1526203642,13.900000,14.010000
1526203643,13.900100,14.010000
1526203644,13.900200,14.009900
1526334718,14.181100,14.249900
1526203647,13.900200,14.000000
1526203649,13.910000,13.999600
1526334724,14.181100,14.240000
1526203653,13.910100,13.999600
1526203656,13.910100,13.990000
1526334730,14.181000,14.239900
1526268119,13.678200,13.699900
1526203661,13.963400,14.000000
1526334734,14.181000,14.230000
1526203663,13.963500,14.000000
1526334740,14.181000,14.249900
1526203673,13.970000,14.000000
1526203674,13.970000,14.020000
1526203676,13.970100,14.019900
1526268122,13.678500,13.699900
1526203680,13.980000,14.030000
1526203682,13.980100,14.030000
1526203685,14.030000,14.080000
1526203686,14.030000,14.100000
1526203687,13.990000,14.099700
1526203688,13.990100,14.099900
1526203691,13.990600,14.099400
1526203692,14.000000,14.090000
1526203694,14.000100,14.090000
1526203695,14.000100,14.100000
1526203696,14.028700,14.100000
1526203697,14.028800,14.100000
1526203698,14.040000,14.111000
1526203703,14.040100,14.111000
1526203708,14.040100,14.140400
1526203709,14.050000,14.140100
1526203710,14.067800,14.140100
1526203712,14.067900,14.140100
1526203715,14.080000,14.140100
1526203717,14.080000,14.140400
1526268129,13.678200,13.699900
1526203720,14.080000,14.200700
1526203721,14.080000,14.190000
1526203723,14.099100,14.189900
1526334796,14.181000,14.240000
1526203725,14.099100,14.189900
1526328539,14.002500,14.080000
1526203729,14.099300,14.180000
1526203731,14.099400,14.180000
1526203733,14.099400,14.180000
1526334808,14.200000,14.240000
1526203737,14.099200,14.180000
1526203739,14.099500,14.180000
1526203740,14.099500,14.200700
1526203741,14.110000,14.192000
1526203745,14.110000,14.239900
1526203746,14.110000,14.230000
1526203748,14.110100,14.229400
1526203749,14.110600,14.229400
1526203751,14.110600,14.220000
1526203754,14.110700,14.220000
1526203755,14.110700,14.219800
1526203757,14.099300,14.219800
1526203758,14.099400,14.210000
1526203761,14.099400,14.209900
1526203763,14.099700,14.209800
1526203764,14.099700,14.200000
1526203767,14.099800,14.200000
1526203769,14.110000,14.199600
1526203770,14.110100,14.199600
1526203773,14.110200,14.199600
1526203775,14.110200,14.190000
1526203777,14.120000,14.190000
1526203778,14.120100,14.190000
1526203779,14.120200,14.190000
1526203781,14.120300,14.190000
1526203783,14.130000,14.220000
1526203784,14.130100,14.220000
1526334857,14.200000,14.239900
1526203786,14.130200,14.220000
1526203789,14.140000,14.220000
1526203790,14.140100,14.220000
1526203791,14.140200,14.220000
1526334864,14.200000,14.230000
1526203794,14.140300,14.220000
1526203795,14.150000,14.220000
1526203798,14.150100,14.220000
1526203800,14.160000,14.227100
1526203801,14.160600,14.227100
1526203803,14.160700,14.227100
1526203805,14.160800,14.227100
1526203806,14.170000,14.254900
1526203807,14.170000,14.254800
1526203809,14.170100,14.254800
1526203811,14.170100,14.254900
1526203812,14.170100,14.240000
1526203813,14.180000,14.240000
1526334887,14.200000,14.229900
1526334891,14.200000,14.220000
1526203822,14.180100,14.279600
1526203824,14.180200,14.279600
1526203825,14.180200,14.270000
1526203830,14.180300,14.270000
1526277159,13.710100,13.790000
1526203836,14.180300,14.269800
1526334909,14.200000,14.230000
1526334912,14.200000,14.229900
1526334914,14.200000,14.220000
1526203843,14.180300,14.259900
1526203844,14.180400,14.259900
1526203845,14.180300,14.280000
1526203847,14.180300,14.249600
1526203849,14.180300,14.240000
1526203854,14.180300,14.289900
1526203855,14.180300,14.280000
1526203857,14.180300,14.279900
1526203858,14.180300,14.279900
1526334931,14.200000,14.230000
1526203860,14.180300,14.270000
1526203864,14.180300,14.269800
1526203866,14.180300,14.260000
1526203870,14.180300,14.259700
1526203872,14.182000,14.250000
1526203874,14.182100,14.250000
1526333691,14.230400,14.349200
1526203877,14.182200,14.250000
1526203880,14.182300,14.250000
1526203883,14.182400,14.270000
1526203884,14.182400,14.270000
1526203890,14.182500,14.260000
1526203898,14.182500,14.270000
1526203903,14.182500,14.280000
1526268160,13.714700,13.729000
1526203906,14.182500,14.279900
1526334979,14.200000,14.229900
1526203908,14.182600,14.279900
1526203909,14.182600,14.270000
1526334983,14.200000,14.220000
1526203912,14.182700,14.270000
1526203914,14.182700,14.269900
1526203916,14.182700,14.260000
1526334990,14.200000,14.219900
1526203920,14.182700,14.280000
1526203921,14.182700,14.270000
1526334996,14.200000,14.210000
1526203926,14.182700,14.289900
1526203928,14.182700,14.289500
1526335002,14.181000,14.209900
1526203932,14.182700,14.280000
1526335005,14.181000,14.200000
1526335006,14.181000,14.199900
1526335009,14.169100,14.199900
1526335010,14.169100,14.190000
1526203940,14.182700,14.279400
1526335013,14.141000,14.189800
1526335014,14.141000,14.180000
1526203944,14.182700,14.270000
1526203945,14.182700,14.270000
1526335018,14.141000,14.179900
1526335020,14.141000,14.170000
1526203949,14.182700,14.290000
1526290013,13.780000,13.850400
1526203953,14.182700,14.289700
1526335026,14.141000,14.169900
1526203955,14.182700,14.280000
1526335028,14.141000,14.170000
1526203958,14.182500,14.279600
1526335031,14.141000,14.169900
1526203960,14.182500,14.270000
1526203962,14.182600,14.270000
1526335035,14.141000,14.160000
1526203965,14.182600,14.290000
1526335039,14.141000,14.159900
1526335041,14.141000,14.150000
1526335044,14.141000,14.149900
1526335048,14.130000,14.141000
1526335049,14.119000,14.130000
1526335050,14.119000,14.141000
1526335051,14.119000,14.120000
1526203980,14.182900,14.280000
1526335053,14.119000,14.140000
1526203983,14.183000,14.280000
1526335056,14.119000,14.139900
1526203988,14.183100,14.280000
1526335061,14.119000,14.130000
1526203990,14.183300,14.279700
1526203992,14.183300,14.270000
1526335066,14.119000,14.130000
1526335069,14.119000,14.119900
1526203998,14.183100,14.270000
1526204003,14.183100,14.290000
1526204009,14.183100,14.289800
1526204011,14.183200,14.289800
1526204014,14.183200,14.280000
1526204017,14.183200,14.279700
1526335090,14.047300,14.110000
1526204019,14.183200,14.290000
1526204020,14.183300,14.290000
1526335093,14.047300,14.109900
1526204022,14.183400,14.290000
1526204023,14.183800,14.289600
1526204024,14.190000,14.289600
1526335098,14.047500,14.109900
1526204027,14.190100,14.289600
1526204028,14.190600,14.289600
1526204029,14.200000,14.280000
1526204032,14.200100,14.280000
1526204033,14.222900,14.280000
1526224491,14.262500,14.379400
1526335109,14.047700,14.109900
1526377409,14.128600,14.162600
1526204040,14.230000,14.280000
1526204041,14.230000,14.290000
1526335114,14.047700,14.109700
1526204044,14.230100,14.290000
1526204045,14.240000,14.290000
1526204047,14.240100,14.290000
1526204049,14.280000,14.290000
1526335122,14.047700,14.109500
1526335125,14.047700,14.109400
1526335126,14.047200,14.109400
1526333721,14.230500,14.347500
1526335128,14.047200,14.109300
1526335130,14.047200,14.109200
1526204059,14.280000,14.300000
1526335134,14.047200,14.108900
1526335137,14.047200,14.109000
1526335138,14.047200,14.108800
1526335140,14.047200,14.109000
1526204069,14.280000,14.290000
1526335144,14.047200,14.108700
1526333724,14.230500,14.347400
1526335146,14.040000,14.108600
1526204075,14.280100,14.290000
1526335150,14.040000,14.108500
1526204079,14.249100,14.290000
1526204080,14.249200,14.290000
1526204081,14.249200,14.290000
1526335154,14.040000,14.108300
1526204083,14.241200,14.290000
1526204084,14.241300,14.290000
1526204085,14.241200,14.290000
1526335158,14.040000,14.108100
1526335159,14.040000,14.108000
1526204088,14.230200,14.290000
1526335161,14.040000,14.107900
1526204091,14.230300,14.290000
1526335165,14.040000,14.118300
1526335166,14.040000,14.107800
1526204099,14.230200,14.290000
1526204100,14.280000,14.290000
1526224502,14.261600,14.360000
1526333729,14.230100,14.347200
1526335177,14.040000,14.107600
1526204108,14.217500,14.290000
1526204111,14.217500,14.220000
1526204112,14.217500,14.290000
1526204113,14.217500,14.289400
1526204115,14.217500,14.220000
1526204116,14.217500,14.289400
1526204117,14.217500,14.280000
1526335194,14.040200,14.100000
1526204123,14.217500,14.279900
1526335196,14.040000,14.100000
1526204126,14.217500,14.279600
1526204128,14.217500,14.270000
1526335203,14.040000,14.099900
1526204133,14.217500,14.269600
1526204134,14.217500,14.260000
1526204139,14.217500,14.259400
1526377426,14.128600,14.162000
1526335214,14.040100,14.099900
1526335215,14.040000,14.099900
1526204144,14.169100,14.250000
1526204146,14.203800,14.250000
1526335219,14.050000,14.099900
1526204150,14.203800,14.260000
1526335223,14.050100,14.099900
1526204153,14.203800,14.259700
1526204156,14.203800,14.250000
1526333738,14.230300,14.346300
1526204162,14.203900,14.250000
1526335235,14.040000,14.099900
1526335238,14.040100,14.099900
1526204167,14.203900,14.280000
1526335241,14.050000,14.099900
1526204171,14.204000,14.280000
1526204173,14.204100,14.280000
1526335246,14.040100,14.099900
1526204178,14.210000,14.280000
1526204183,14.210100,14.280000
1526204186,14.210200,14.280000
1526204191,14.210200,14.279900
1526204193,14.220000,14.270000
1526204196,14.220100,14.270000
1526204199,14.220100,14.279900
1526325181,14.110600,14.211900
1526204202,14.220200,14.279900
1526204203,14.230000,14.279900
1526204207,14.230000,14.270000
1526204208,14.220300,14.270000
1526204209,14.230100,14.270000
1526204210,14.230200,14.270000
1526333747,14.230400,14.345900
1526204213,14.230200,14.280000
1526204214,14.230300,14.280000
1526204216,14.230400,14.280000
1526204218,14.230500,14.280000
1526204219,14.230400,14.280000
1526204220,14.220300,14.280000
1526204221,14.230600,14.280000
1526204225,14.220300,14.280000
1526224523,14.261600,14.358400
1526204229,14.220400,14.280000
1526204233,14.220500,14.279900
1526204234,14.220600,14.279900
1526333751,14.230500,14.345400
1526204237,14.220600,14.270000
1526204238,14.220700,14.270000
1526204241,14.220900,14.270000
1526322189,14.150000,14.223000
1526335315,14.040200,14.099900
1526204244,14.221000,14.270000
1526204245,14.220900,14.270000
1526335319,14.040000,14.099900
1526408606,12.624200,12.729900
1526204249,14.220900,14.280000
1526204250,14.220700,14.280000
1526204251,14.220800,14.280000
1526204252,14.221000,14.280000
1526204253,14.204000,14.280000
1526204255,14.221100,14.280000
1526268219,13.618300,13.727600
1526377446,14.128600,14.160500
1526204263,14.202600,14.280000
1526335338,14.040000,14.099800
1526204267,14.202700,14.280000
1526204268,14.202800,14.280000
1526335341,14.040000,14.099700
1526204271,14.202900,14.280000
1526335344,14.040000,14.099600
1526204274,14.203000,14.280000
1526204275,14.203000,14.279900
1526204276,14.203100,14.279900
1526333758,14.218500,14.345300
1526204278,14.202900,14.279900
1526204279,14.203100,14.270000
1526335354,14.040000,14.099900
1526335355,14.040000,14.099400
1526204284,14.202300,14.270000
1526204285,14.203200,14.270000
1526335358,14.040000,14.100000
1526204290,14.203300,14.270000
1526335363,14.040000,14.099900
1526204296,14.203400,14.270000
1526204297,14.203500,14.280000
1526204300,14.202300,14.202800
1526335373,14.040000,14.099800
1526204303,14.202800,14.280000
1526335378,14.040200,14.099800
1526335380,14.040000,14.099800
1526290073,13.780000,13.847500
1526333764,14.230400,14.290000
1526335386,14.040000,14.099700
1526335387,14.040000,14.099600
1526204321,14.202800,14.279900
1526204322,14.202300,14.279900
1526335396,14.000000,14.099200
1526335397,14.000400,14.099200
1526204327,14.202300,14.270000
1526335401,14.000400,14.099100
1526335404,14.000600,14.050000
1526335411,14.000200,14.050000
1526335412,14.000200,14.049900
1526204341,14.202300,14.250000
1526333769,14.219300,14.290000
1526204344,14.202300,14.240000
1526204356,14.155800,14.240000
1526204357,14.181000,14.240000
1526333773,14.219400,14.290000
1526377464,14.128600,14.130000
1526335442,14.000000,14.049800
1526335446,14.000000,14.049700
1526335448,13.974100,13.974400
1526335452,13.974100,14.030100
1526335453,13.974100,13.974300
1526335458,13.960000,13.965800
1526204390,14.181000,14.239900
1526335465,13.900000,13.960000
1526204396,14.181000,14.230000
1526333778,14.230100,14.290000
1526335476,13.900000,13.959800
1526335481,13.900000,13.959700
1526335483,13.900000,13.959600
1526204412,14.181000,14.250000
1526204413,14.181000,14.240000
1526335486,13.879800,13.959600
1526335488,13.879900,13.959600
1526335492,13.880500,13.959500
1526268246,13.588600,13.727600
1526335499,13.880100,13.959400
1526335502,13.880200,13.959300
1526335503,13.880200,13.959400
1526335505,13.880200,13.959200
1526204436,14.181000,14.239900
1526204437,14.175100,14.239900
1526204438,14.175000,14.230000
1526204439,14.175000,14.239900
1526204442,14.175000,14.249900
1526204443,14.175100,14.249900
1526335516,13.880400,13.959100
1526204445,14.175100,14.239900
1526204446,14.175100,14.239700
1526335519,13.881100,13.959000
1526204448,14.160500,14.239700
1526204449,14.160500,14.230000
1526202715,13.837500,13.950000
1526335524,13.881200,13.958900
1526204454,14.160400,14.230000
1526204455,14.160400,14.240000
1526335528,13.881600,13.958800
1526335529,13.881700,13.958800
1526204458,14.160400,14.239900
1526335531,13.881800,13.958800
1526204460,14.160400,14.239900
1526204461,14.160400,14.249900
1526335535,13.890000,13.958700
1526335537,13.890100,13.958600
1526204466,14.160400,14.240000
1526204467,14.160400,14.239900
1526335540,13.890300,13.958600
1526335541,13.900000,13.958600
1526204471,14.160400,14.230000
1526335544,13.900400,13.958600
1526204476,14.160400,14.229900
1526335550,13.900400,13.958500
1526204479,14.158800,14.229900
1526335552,13.890200,13.958500
1526204481,14.158800,14.220000
1526204483,14.158800,14.219900
1526335557,13.890400,13.958400
1526204486,14.158800,14.210000
1526335559,13.890500,13.958400
1526335565,13.890800,13.958400
1526335567,13.890900,13.958400
1526204496,14.158800,14.209900
1526204498,14.121600,14.200000
1526204499,14.121700,14.200000
1526335572,13.891000,13.958400
1526204502,14.121800,14.200000
1526335575,13.891200,13.958400
1526204504,14.121800,14.199900
1526335577,13.891200,13.958300
1526335578,13.891100,13.958300
1526335580,13.891300,13.958300
1526204509,14.121800,14.190000
1526204511,14.121800,14.189900
1526335584,13.891900,13.958200
1526204515,14.130000,14.189900
1526204516,14.130000,14.180000
1526335589,13.892200,13.958200
1526335590,13.892300,13.958200
1526335591,13.892300,13.958100
1526204521,14.130000,14.209800
1526204523,14.130300,14.199900
1526335596,13.892400,13.958000
1526335597,13.892600,13.958000
1526335598,13.892700,13.958000
1526204527,14.152700,14.199900
1526204528,14.152700,14.190000
1526204529,14.152700,14.189900
1526335602,13.893100,13.957900
1526335605,13.893200,13.957900
1526204535,14.152700,14.229900
1526204536,14.152700,14.189800
1526335609,13.893800,13.957800
1526335610,13.893900,13.957800
1526204539,14.152700,14.229900
1526335612,13.894000,13.957800
1526335616,13.894200,13.957700
1526204545,14.152800,14.219900
1526335618,13.894300,13.957700
1526335620,13.894200,13.957700
1526335621,13.894400,13.957700
1526204550,14.152800,14.220000
1526204551,14.160000,14.210000
1526335625,13.894500,13.957600
1526204556,14.152700,14.260000
1526204557,14.152700,14.259900
1526204558,14.152700,14.259700
1526204559,14.153000,14.259700
1526335633,13.894700,13.957600
1526335634,13.894800,13.957600
1526204563,14.153000,14.250000
1526204564,14.160000,14.249600
1526335637,13.895300,13.994400
1526335639,13.895400,13.994400
1526204569,14.160100,14.249600
1526204570,14.160100,14.240000
1526204571,14.160000,14.240000
1526204572,14.160100,14.240000
1526335646,13.895600,13.994300
1526335647,13.895700,13.994100
1526335649,13.895600,13.994100
1526335650,13.895700,13.994100
1526204579,14.160200,14.260000
1526204580,14.170000,14.259900
1526204581,14.170000,14.259700
1526335654,13.895800,13.994000
1526204583,14.170000,14.259600
1526204585,14.170000,14.250000
1526335658,13.895900,13.994700
1526204587,14.170100,14.250000
1526335660,13.895900,13.993500
1526335661,13.896000,13.993500
1526204591,14.180000,14.250000
1526335665,13.896000,13.993400
1526335666,13.896100,13.993400
1526335667,13.896300,13.992800
1526204597,14.180100,14.259900
1526335671,13.896400,13.992700
1526204601,14.180100,14.250000
1526204602,14.190000,14.250000
1526377503,14.128600,14.161700
1526204607,14.190000,14.270000
1526204608,14.190100,14.200000
1526335682,13.896400,13.992600
1526335683,13.896400,14.000000
1526335684,13.896400,13.993000
1526335685,13.896500,13.993000
1526335686,13.895800,13.992500
1526335687,13.895900,13.992500
1526224588,14.270000,14.358000
1526335690,13.895900,13.993000
1526335691,13.879400,13.992400
1526335692,13.896200,13.992400
1526335696,13.896300,13.992300
1526335697,13.896300,13.992000
1526204626,14.184600,14.200000
1526204627,14.185200,14.200000
1526204628,14.190200,14.200000
1526204631,14.185200,14.200000
1526204632,14.190000,14.200000
1526335705,13.896400,13.979900
1526335706,13.896400,13.970000
1526204635,14.190100,14.200000
1526335708,13.870000,13.969900
1526335709,13.870100,13.969900
1526335711,13.870000,13.969900
1526335712,13.842400,13.860000
1526335713,13.842400,13.850000
1526335714,13.842400,13.940000
1526333819,14.210100,14.290000
1526204644,14.200000,14.280000
1526204646,14.190100,14.280000
1526335719,13.842700,13.939700
1526204648,14.205400,14.280000
1526268284,13.640100,13.728200
1526335722,13.842700,13.930000
1526335724,13.842700,13.929900
1526204653,14.220000,14.280000
1526335726,13.810000,13.929500
1526335728,13.842800,13.929500
1526335729,13.842800,13.924100
1526204658,14.230000,14.280000
1526335732,13.811500,13.924000
1526204661,14.230100,14.280000
1526335735,13.842900,13.888400
1526335736,13.810000,13.888400
1526204666,14.230200,14.280000
1526335742,13.783800,13.800000
1526335744,13.783900,13.800000
1526335745,13.790000,13.800000
1526335746,13.800000,13.888300
1526335747,13.810000,13.888500
1526335748,13.790000,13.799900
1526335749,13.790100,13.799900
1526335751,13.840000,13.928900
1526335752,13.830000,13.928800
1526335753,13.820000,13.928800
1526335754,13.820000,13.928900
1526335755,13.820100,13.928900
1526335756,13.820100,13.928800
1526268290,13.677600,13.728100
1526335758,13.830000,13.928800
1526335760,13.830100,13.928800
1526335762,13.830000,13.928800
1526335764,13.830300,13.928800
1526377518,14.059300,14.161200
1526335767,13.830300,13.928700
1526335769,13.840000,13.928700
1526335770,13.840000,13.928600
1526335773,13.840100,13.928500
1526335776,13.850000,13.928500
1526335778,13.850100,13.928500
1526335781,13.850100,13.928400
1526335784,13.850100,13.928300
1526224604,14.274100,14.378500
1526335787,13.850100,13.928200
1526335789,13.850200,13.928200
1526335790,13.850200,13.928100
1526335792,13.850100,13.928100
1526335794,13.897800,13.928100
1526335795,13.897800,13.928000
1526335799,13.897800,13.927900
1526335803,13.897800,13.927800
1526204732,14.230300,14.280000
1526204734,14.230400,14.280000
1526246453,14.839600,14.975600
1526204739,14.230500,14.280000
1526204741,14.230600,14.280000
1526335816,13.897800,13.927600
1526204745,14.230700,14.280000
1526204749,14.230800,14.280000
1526333837,14.220000,14.290000
1526335824,13.897800,13.927400
1526204753,14.230900,14.280000
1526335829,13.897800,13.929500
1526204758,14.231000,14.280000
1526335831,13.897800,13.927300
1526204762,14.231100,14.280000
1526335835,13.897800,13.927200
1526204764,14.231200,14.280000
1526204767,14.231300,14.280000
1526204768,14.231400,14.280000
1526335841,13.897800,13.927100
1526204771,14.231500,14.280000
1526335845,13.897900,13.927000
1526204775,14.231600,14.280000
1526335849,13.897900,13.929300
1526335850,13.897900,13.926900
1526204779,14.231700,14.280000
1526268306,13.678000,13.728900
1526204782,14.231800,14.280000
1526335857,13.897900,13.929200
1526204786,14.231900,14.280000
1526335859,13.897900,13.926700
1526204788,14.232000,14.280000
1526204790,14.232100,14.280000
1526204792,14.232200,14.280000
1526204793,14.232300,14.280000
1526335866,13.910000,13.926600
1526204795,14.232400,14.280000
1526335868,13.910100,13.926500
1526204799,14.232500,14.280000
1526335872,13.920000,13.926500
1526204802,14.232600,14.280000
1526335875,13.920100,13.929000
1526335876,13.920000,13.926400
1526335877,13.920200,13.926400
1526204806,14.232700,14.280000
1526335879,13.930000,13.960900
1526335880,13.934500,13.960900
1526204809,14.232900,14.280000
1526204811,14.233000,14.280000
1526204812,14.233100,14.280000
1526335888,13.940100,13.960700
1526268312,13.678300,13.728900
1526204818,14.233200,14.289700
1526204821,14.233300,14.289700
1526335895,13.950100,13.960700
1526204824,14.240000,14.289700
1526204825,14.240100,14.289700
1526204826,14.240000,14.289700
1526204827,14.240100,14.289700
1526204829,14.240200,14.289700
1526204830,14.250000,14.289700
1526204836,14.250100,14.289700
1526335912,13.927900,13.960600
1526204841,14.260000,14.289700
1526335915,13.950200,13.960600
1526204844,14.260100,14.289700
1526330922,14.262300,14.359900
1526335918,13.961200,13.971600
1526204847,14.270000,14.289700
1526335920,13.961300,13.971900
1526204849,14.270100,14.289700
1526335923,13.961400,13.971900
1526204852,14.291300,14.300000
1526335926,13.972400,13.999800
1526204855,14.330000,14.409900
1526335928,13.972500,13.999800
1526204857,14.353600,14.409900
1526204858,14.353600,14.400000
1526204860,14.353600,14.399900
1526204861,14.353700,14.399900
1526204863,14.353700,14.390000
1526204866,14.324000,14.390000
1526204867,14.338400,14.389900
1526335940,13.980000,13.999900
1526204869,14.338400,14.380000
1526335942,13.980100,13.999900
1526204871,14.338400,14.449500
1526204873,14.338500,14.449400
1526204875,14.338500,14.440000
1526335948,14.007700,14.049900
1526268322,13.678700,13.728900
1526204878,14.338400,14.440000
1526204879,14.338500,14.440000
1526335952,14.020000,14.049800
1526204881,14.339000,14.439400
1526204883,14.339100,14.439400
1526204885,14.339100,14.439300
1526204886,14.339300,14.439100
1526204887,14.339300,14.430000
1526204889,14.339400,14.429900
1526335962,14.040000,14.147900
1526335963,14.040000,14.143400
1526204893,14.339700,14.429700
1526335966,14.040500,14.143400
1526204895,14.339800,14.429700
1526204898,14.339900,14.420000
1526204902,14.340000,14.420000
1526204904,14.340000,14.440000
1526204905,14.340100,14.440000
1526204906,14.340100,14.439400
1526204907,14.340600,14.439400
1526204908,14.340600,14.430000
1526204911,14.340700,14.430000
1526335984,14.075700,14.114500
1526204913,14.340800,14.430000
1526204914,14.340900,14.430000
1526204916,14.341000,14.430000
1526204918,14.350000,14.440000
1526204921,14.350100,14.440000
1526335994,14.075700,14.081000
1526204923,14.350200,14.440000
1526204925,14.350300,14.440000
1526204928,14.360000,14.440000
1526204931,14.360100,14.440000
1526204934,14.360200,14.440000
1526204937,14.360300,14.440000
1526204938,14.360400,14.440000
1526204941,14.370000,14.440000
1526204943,14.370100,14.440000
1526204947,14.370200,14.440000
1526204950,14.370300,14.440000
1526204953,14.370400,14.440000
1526204956,14.380000,14.440000
1526204957,14.380100,14.440000
1526204958,14.380100,14.439900
1526204961,14.390000,14.439900
1526204964,14.390100,14.439900
1526204965,14.390100,14.450000
1526204968,14.400000,14.450000
1526377564,14.027100,14.131600
1526204973,14.400100,14.450000
1526204974,14.400100,14.478900
1526204976,14.400200,14.478900
1526336050,13.999900,14.072400
1526204979,14.410000,14.470000
1526336053,13.999900,14.071800
1526204982,14.410100,14.469900
1526204984,14.420000,14.469900
1526204987,14.420100,14.469900
1526204989,14.420100,14.478900
1526336062,13.999900,14.072200
1526336065,13.999900,14.071800
1526204995,14.430000,14.478900
1526336068,13.999900,14.071700
1526204997,14.430000,14.478800
1526204998,14.430100,14.479000
1526336071,13.999900,14.071300
1526336073,13.960400,14.071200
1526205003,14.420100,14.479000
1526336077,13.960500,14.070500
1526336079,13.960600,14.070500
1526205008,14.430100,14.479000
1526336082,13.960700,14.059800
1526205011,14.440000,14.479000
1526336084,13.960700,14.040100
1526205013,14.440100,14.479000
1526205014,14.440100,14.478900
1526336088,13.960700,14.040000
1526336089,13.960300,14.040000
1526205018,14.419600,14.478900
1526336092,13.960300,14.039900
1526268346,13.679700,13.729000
1526205022,14.430000,14.478900
1526205023,14.430000,14.479000
1526336096,13.957000,14.030000
1526336097,13.957000,14.001700
1526205027,14.419600,14.470000
1526336101,13.957000,14.001500
1526336103,13.957000,14.001400
1526336104,13.957000,13.990000
1526336108,13.957000,13.989900
1526336110,13.957000,13.980000
1526205039,14.430000,14.479000
1526205043,14.430100,14.479000
1526205044,14.430100,14.470000
1526336119,13.957000,14.001700
1526205049,14.430200,14.470000
1526333888,14.210300,14.290000
1526333889,14.210300,14.289900
1526378060,14.050100,14.140800
1526377581,14.027800,14.131400
1526268355,13.680000,13.729000
1526205079,14.430200,14.469900
1526205083,14.430200,14.460000
1526205087,14.430200,14.459900
1526205088,14.430200,14.450000
1526205090,14.409100,14.430000
1526205091,14.430300,14.450000
1526205092,14.430300,14.449900
1526205093,14.409100,14.449900
1526205094,14.409200,14.449900
1526205095,14.376300,14.449900
1526205097,14.376300,14.440000
1526205098,14.376400,14.440000
1526205101,14.376400,14.439900
1526205103,14.376400,14.430000
1526205104,14.376500,14.430000
1526336177,13.953100,14.001700
1526336178,13.953100,14.033800
1526336181,13.953100,14.033700
1526336182,13.953000,14.020000
1526336183,13.953000,14.019900
1526205113,14.376700,14.430000
1526336186,13.953000,13.999100
1526205115,14.376800,14.430000
1526205116,14.376700,14.430000
1526205117,14.376800,14.430000
1526205118,14.376800,14.448500
1526205119,14.376800,14.440000
1526336193,13.953000,13.999200
1526336195,13.953000,13.999100
1526336196,13.953000,13.966300
1526205125,14.376900,14.440000
1526205126,14.376900,14.460000
1526205128,14.376900,14.459900
1526205130,14.377000,14.459900
1526205131,14.377000,14.450000
1526205132,14.377100,14.450000
1526205133,14.377100,14.449900
1526205136,14.377100,14.440000
1526205137,14.377200,14.440000
1526219193,14.100100,14.130900
1526205143,14.377300,14.440000
1526205144,14.377400,14.440000
1526336218,13.913400,13.960000
1526205148,14.377500,14.440000
1526205151,14.377600,14.440000
1526336225,13.913400,13.966300
1526377595,14.028900,14.131200
1526336229,13.913500,13.962200
1526205158,14.377800,14.440000
1526336233,13.913600,13.962200
1526205162,14.377900,14.440000
1526336235,13.920000,13.962200
1526336238,13.920100,13.962200
1526205168,14.378000,14.440000
1526205169,14.378100,14.440000
1526336242,13.930000,13.962200
1526336244,13.930100,13.962200
1526205175,14.378200,14.440000
1526333908,14.220000,14.290000
1526336250,13.940000,13.962200
1526336251,13.940000,14.041000
1526336252,13.940100,14.037400
1526336253,13.980000,14.040800
1526205182,14.378300,14.450000
1526205183,14.378300,14.449900
1526205186,14.378400,14.449900
1526205187,14.378400,14.440000
1526336260,13.980100,14.040900
1526205189,14.378500,14.440000
1526246529,14.876700,14.971600
1526205192,14.378500,14.439900
1526205194,14.378600,14.439900
1526205195,14.378600,14.440000
1526336268,13.990000,14.040900
1526205197,14.378600,14.439800
1526205199,14.378700,14.430000
1526205201,14.378800,14.430000
1526336274,13.942200,14.041000
1526336275,13.942300,14.041000
1526205204,14.378900,14.430000
1526205205,14.379000,14.430000
1526336278,13.942400,14.041000
1526336279,13.942400,14.040800
1526336280,13.942600,14.040800
1526205210,14.379100,14.430000
1526205211,14.379100,14.449700
1526336284,13.942700,14.040800
1526205213,14.379200,14.449600
1526377589,14.028500,14.131200
1526336288,13.942800,14.040700
1526205217,14.379400,14.440000
1526336291,13.942900,14.040700
1526205221,14.379500,14.440000
1526336294,13.943000,14.040700
1526336295,13.943300,14.040600
1526205225,14.379600,14.440000
1526336300,13.943400,14.040400
1526205229,14.379700,14.440000
1526205232,14.379800,14.440000
1526205233,14.379800,14.450000
1526336306,13.944300,14.040400
1526336307,13.944400,14.040400
1526205236,14.379900,14.450000
1526336310,13.944500,14.040700
1526205239,14.380000,14.470000
1526336313,13.944600,14.040700
1526205242,14.380100,14.470000
1526205243,14.380100,14.469900
1526205244,14.380100,14.460000
1526336317,13.944800,14.008100
1526205247,14.380200,14.460000
1526205250,14.380300,14.470000
1526336323,13.944800,14.008100
1526336324,13.930800,14.008100
1526224694,14.275400,14.417800
1526336326,13.930900,14.008100
1526205255,14.380400,14.469900
1526205256,14.380500,14.469900
1526205258,14.380600,14.460000
1526336332,13.931200,14.008100
1526205261,14.380700,14.460000
1526336334,13.931300,14.008100
1526205264,14.380800,14.460000
1526205267,14.380900,14.470000
1526205269,14.381000,14.469900
1526205272,14.381100,14.469900
1526205274,14.381100,14.479000
1526205275,14.381200,14.460000
1526205277,14.381300,14.460000
1526205278,14.381400,14.460000
1526333925,14.220000,14.290000
1526205280,14.381500,14.460000
1526336353,13.940000,14.008100
1526205283,14.381500,14.470000
1526336356,13.940100,14.008100
1526205287,14.381600,14.470000
1526205289,14.381700,14.469900
1526205291,14.381600,14.469900
1526205292,14.381700,14.469900
1526205294,14.381700,14.460000
1526336367,13.940100,14.041000
1526336369,13.950000,14.040900
1526336372,13.950100,14.040900
1526205301,14.381900,14.450000
1526205303,14.382000,14.450000
1526336377,13.950500,14.040600
1526205307,14.382000,14.449900
1526336382,13.950500,14.030000
1526336385,13.950100,14.029900
1526336386,13.930600,14.029900
1526336387,13.930600,14.029800
1526336388,13.930600,13.996300
1526224705,14.275400,14.417300
1526336392,13.962200,13.996300
1526205322,14.382300,14.440000
1526377623,14.030200,14.120000
1526336396,13.962200,13.990000
1526205326,14.382300,14.439900
1526205327,14.382400,14.439900
1526205330,14.382400,14.430000
1526205331,14.382500,14.430000
1526205333,14.382600,14.430000
1526205335,14.382600,14.429900
1526205337,14.382700,14.420000
1526273314,13.665100,13.756100
1526205343,14.382700,14.419900
1526205344,14.382700,14.420000
1526205345,14.382800,14.420000
1526205350,14.382900,14.420000
1526205356,14.383000,14.420000
1526205358,14.383100,14.420000
1526246557,14.876700,14.970200
1526205362,14.383200,14.420000
1526205363,14.383300,14.420000
1526205365,14.383400,14.420000
1526205367,14.383400,14.440000
1526336441,13.962200,13.996300
1526205370,14.383600,14.439900
1526205372,14.383600,14.430000
1526205373,14.383700,14.430000
1526205375,14.383700,14.429900
1526205376,14.383800,14.430000
1526377632,14.030600,14.120000
1526205378,14.383900,14.429800
1526205383,14.383900,14.420000
1526205384,14.383600,14.420000
1526336457,13.920100,13.996300
1526205386,14.365600,14.420000
1526205387,14.365600,14.420000
1526205388,14.365700,14.380000
1526205389,14.365800,14.420000
1526205391,14.380000,14.420000
1526336466,13.930100,13.996300
1526205397,14.365800,14.380000
1526205398,14.365800,14.420000
1526205399,14.380100,14.420000
1526336472,13.940100,13.996300
1526336473,13.940000,13.996300
1526205402,14.365900,14.420000
1526205404,14.365900,14.420000
1526336477,13.925800,13.996300
1526205407,14.365900,14.419900
1526205408,14.365800,14.419900
1526205409,14.365900,14.419900
1526336482,13.940100,13.996300
1526268411,13.680700,13.728700
1526205412,14.354300,14.360000
1526205413,14.360000,14.409900
1526205415,14.311300,14.350000
1526205417,14.311300,14.409900
1526205418,14.311400,14.350000
1526205420,14.311500,14.400000
1526205421,14.311700,14.400000
1526205422,14.350000,14.400000
1526205423,14.350000,14.399900
1526205424,14.350100,14.399900
1526336497,13.940100,14.031200
1526205427,14.350200,14.390000
1526336501,13.940300,14.031000
1526205430,14.311800,14.390000
1526205431,14.344700,14.390000
1526205432,14.344700,14.389900
1526336505,13.940300,14.030900
1526205435,14.344800,14.380000
1526336509,13.940100,14.030900
1526336510,13.940100,14.030800
1526336511,13.940100,14.030700
1526205440,14.343600,14.370000
1526336513,13.940100,14.030300
1526205442,14.311300,14.340000
1526205443,14.311400,14.370000
1526336519,13.908600,14.029600
1526205448,14.287000,14.370000
1526336521,13.908600,14.029500
1526336523,13.908700,14.020000
1526336524,13.920000,14.019900
1526205454,14.287000,14.360000
1526312109,14.297500,14.486800
1526336528,13.920200,13.999600
1526205459,14.287100,14.360000
1526205460,14.287100,14.370000
1526336533,13.920200,13.999500
1526336534,13.920200,13.990000
1526336538,13.920300,13.990000
1526205467,14.300000,14.370000
1526205470,14.300000,14.370000
1526205473,14.300100,14.390000
1526205478,14.300200,14.390000
1526211746,14.250800,14.330000
1526205480,14.300200,14.389400
1526205482,14.285800,14.389400
1526205483,14.300300,14.389400
1526336556,13.920400,13.990000
1526336557,13.907200,13.990000
1526336558,13.907300,13.990000
1526336559,13.920500,13.990000
1526268424,13.680300,13.728400
1526336562,13.907200,13.990000
1526205491,14.293200,14.380000
1526336567,13.920600,13.989900
1526205496,14.292900,14.380000
1526205497,14.293300,14.380000
1526205500,14.293400,14.380000
1526264121,14.500700,14.530000
1526293313,13.630200,13.730000
1526205503,14.293500,14.390000
1526205505,14.293500,14.389600
1526336579,13.907300,13.980000
1526336580,13.907300,13.980000
1526205509,14.293500,14.380000
1526205510,14.300000,14.380000
1526336585,13.907200,13.990000
1526336587,13.907200,13.989900
1526205516,14.300100,14.380000
1526205517,14.300100,14.370000
1526336591,13.907200,13.980000
1526205520,14.300200,14.370000
1526336593,13.907200,13.979900
1526336595,13.907300,13.979900
1526336596,13.907300,13.968600
1526205527,14.310100,14.370000
1526336603,13.907300,13.960000
1526336606,13.907300,13.959900
1526336609,13.907300,13.960000
1526205538,14.310200,14.370000
1526336613,13.907200,13.950000
1526336614,13.907200,13.960000
1526205546,14.310300,14.370000
1526336619,13.907200,13.959900
1526336626,13.907300,13.950000
1526205556,14.310400,14.370000
1526377662,14.031700,14.120000
1526336631,13.907200,13.950000
1526205560,14.310500,14.370000
1526336633,13.907200,13.968600
1526205562,14.310600,14.370000
1526205564,14.310700,14.370000
1526205565,14.320000,14.370000
1526205568,14.320100,14.370000
1526205570,14.320100,14.380000
1526205571,14.330000,14.380000
1526205574,14.330100,14.380000
1526205576,14.330200,14.380000
1526205577,14.340000,14.380000
1526336651,13.907300,13.968600
1526205580,14.340200,14.380000
1526336653,13.907400,13.968500
1526336654,13.907400,13.968600
1526336655,13.915000,13.968600
1526205584,14.366300,14.380000
1526336659,13.915100,13.968600
1526205593,14.366700,14.380000
1526336667,13.915000,13.968600
1526377669,14.032100,14.120000
1526336672,13.915000,13.990600
1526205601,14.366900,14.380000
1526336675,13.915000,13.990500
1526336679,13.915000,13.980000
1526205610,14.366500,14.380000
1526224754,14.276200,14.414000
1526205614,14.366400,14.380000
1526205615,14.366700,14.380000
1526336689,13.915000,13.990000
1526205620,14.366800,14.380000
1526205626,14.367000,14.380000
1526205636,14.366400,14.380000
1526224758,14.400000,14.413700
1526205639,14.366400,14.470000
1526205642,14.366500,14.469900
1526205646,14.366500,14.469800
1526205648,14.366900,14.469600
1526205651,14.366900,14.469500
1526205652,14.366900,14.460000
1526246668,14.879700,14.998100
1526205655,14.366900,14.459400
1526205659,14.367300,14.459400
1526205663,14.367300,14.459800
1526336736,13.915100,13.990000
1526205665,14.367300,14.459300
1526205666,14.367300,14.450000
1526205669,14.367400,14.449700
1526205671,14.367400,14.440000
1526205674,14.367400,14.439600
1526205676,14.367400,14.430000
1526336751,13.915200,13.990000
1526268456,13.680200,13.728900
1526336755,13.915100,13.990000
1526333292,14.300100,14.385500
1526336758,13.915300,13.990000
1526205688,14.367400,14.450000
1526336761,13.915000,13.990000
1526336762,13.915100,13.990000
1526205692,14.367400,14.449900
1526336766,13.915000,13.990000
1526377605,14.029600,14.120000
1526205697,14.367400,14.440000
1526205701,14.367400,14.439700
1526205704,14.367400,14.430000
1526205708,14.367400,14.439900
1526205709,14.367400,14.430000
1526333997,14.230000,14.290000
1526205712,14.367500,14.430000
1526336785,13.915100,13.990000
1526205714,14.367500,14.440000
1526205715,14.367500,14.445500
1526205718,14.367600,14.445500
1526205720,14.367600,14.440000
1526336793,13.915000,13.999200
1526205722,14.367600,14.439900
1526336795,13.915000,13.999100
1526336796,13.915100,13.999000
1526336797,13.915100,13.999100
1526205726,14.367700,14.439900
1526205729,14.367700,14.430000
1526336803,13.915100,13.998900
1526205732,14.367800,14.429900
1526336805,13.915200,13.998900
1526268465,13.680300,13.728900
1526205737,14.367800,14.420000
1526205738,14.344300,14.420000
1526205739,14.344300,14.419900
1526205740,14.344300,14.367500
1526336813,13.930000,13.999500
1526205742,14.344400,14.367500
1526336815,13.930100,13.999500
1526246671,14.879800,14.998100
1526205746,14.344400,14.360000
1526205747,14.344900,14.360000
1526336821,13.940000,13.999500
1526205750,14.326800,14.360000
1526336823,13.940100,13.999500
1526205752,14.326900,14.360000
1526336827,13.950000,13.999500
1526205757,14.327000,14.360000
1526205759,14.327100,14.360000
1526336836,13.950100,14.038200
1526336837,13.950100,14.038100
1526205766,14.327200,14.360000
1526336839,13.950200,14.038100
1526205769,14.327500,14.360000
1526336842,13.950300,14.038200
1526205771,14.327600,14.360000
1526336844,13.943500,14.038100
1526336845,13.950300,14.038100
1526336847,13.950400,14.038100
1526205777,14.327500,14.360000
1526205778,14.327700,14.360000
1526312163,14.371400,14.450400
1526205789,14.327800,14.360000
1526333547,14.232500,14.357000
1526336868,13.950500,14.038000
1526377702,14.033500,14.131200
1526336872,13.950500,14.037900
1526336873,13.943500,14.037900
1526205802,14.327900,14.360000
1526336876,13.923400,14.002900
1526336879,13.923500,14.002900
1526205809,14.289900,14.360000
1526336882,13.923600,14.002900
1526205811,14.300000,14.360000
1526205814,14.300200,14.360000
1526336887,13.923600,14.003000
1526336888,13.923600,14.002800
1526336889,13.923500,14.002800
1526336890,13.923500,14.002800
1526205819,14.310000,14.360000
1526205821,14.310100,14.360000
1526336895,13.915100,14.002800
1526336896,13.915100,14.002500
1526334016,14.230100,14.290000
1526205826,14.310200,14.360000
1526312171,14.371500,14.450000
1526205828,14.310400,14.360000
1526205829,14.310800,14.409900
1526205831,14.311000,14.409800
1526205833,14.311100,14.409800
1526205834,14.311100,14.400000
1526336910,13.915100,13.969400
1526205841,14.311400,14.400000
1526205843,14.311500,14.410000
1526205845,14.311600,14.410000
1526205846,14.311700,14.410000
1526205847,14.311800,14.410000
1526205849,14.311800,14.420000
1526205850,14.312100,14.420000
1526205851,14.312200,14.419400
1526205852,14.312700,14.419400
1526205853,14.312800,14.419400
1526205854,14.312800,14.410000
1526205857,14.312900,14.410000
1526388634,13.920800,14.000000
1526205859,14.312900,14.409800
1526205860,14.313000,14.409800
1526336934,13.915000,13.915100
1526205863,14.313200,14.409800
1526205865,14.313200,14.400000
1526205866,14.313500,14.400000
1526205868,14.313600,14.400000
1526205869,14.313700,14.400000
1526336943,13.915100,13.969400
1526205872,14.313800,14.400000
1526205873,14.313900,14.400000
1526205874,14.314300,14.400000
1526205876,14.314400,14.400000
1526205880,14.314500,14.400000
1526205881,14.314500,14.410000
1526205882,14.314600,14.409900
1526205883,14.314700,14.409900
1526205884,14.314800,14.409700
1526336957,13.915000,13.969400
1526205886,14.314900,14.400000
1526205887,14.315000,14.400000
1526336961,13.915000,13.969400
1526205891,14.315100,14.399900
1526336965,13.915000,13.969400
1526205894,14.315400,14.399900
1526205895,14.315500,14.399900
1526205896,14.315500,14.390000
1526205898,14.315700,14.390000
1526205899,14.315800,14.390000
1526205902,14.315900,14.390000
1526336975,13.915100,13.969400
1526205906,14.316000,14.390000
1526205908,14.316100,14.389900
1526205909,14.316100,14.390000
1526377721,14.040700,14.131400
1526205914,14.316200,14.390000
1526205915,14.316300,14.390000
1526198667,14.058000,14.070000
1526205917,14.316400,14.389900
1526205919,14.316500,14.389900
1526205921,14.316600,14.389900
1526205922,14.316600,14.380000
1526312187,14.371700,14.449400
1526205924,14.316700,14.380000
1526205925,14.316800,14.380000
1526205926,14.316900,14.380000
1526205928,14.316900,14.379900
1526205931,14.317000,14.379900
1526205932,14.317000,14.370000
1526334034,14.210500,14.290000
1526377725,14.040800,14.131400
1526205936,14.317200,14.369900
1526205938,14.317700,14.369900
1526337014,13.915200,13.969400
1526337015,13.915300,13.969400
1526205944,14.317900,14.360000
1526337019,13.915400,13.969400
1526205949,14.318000,14.360000
1526337024,13.915500,13.969400
1526337027,13.915600,13.969400
1526205956,14.318300,14.360000
1526205958,14.318500,14.360000
1526377729,14.040900,14.131800
1526337032,13.915700,13.969400
1526205961,14.318700,14.360000
1526334039,14.220200,14.290000
1526205964,14.318800,14.360000
1526337040,13.915900,13.969400
1526337043,13.916000,13.969400
1526337046,13.916100,13.969400
1526337048,13.916200,13.969400
1526337049,13.916100,13.969400
1526205978,14.319000,14.360000
1526205983,14.319100,14.360000
1526205986,14.319200,14.360000
1526334043,14.230000,14.290000
1526205988,14.319300,14.360000
1526205989,14.242500,14.320000
1526205990,14.319300,14.360000
1526205991,14.319300,14.320000
1526205992,14.319400,14.359900
1526205993,14.319300,14.350000
1526205994,14.237400,14.310000
1526205995,14.237400,14.350000
1526205996,14.237400,14.349900
1526205997,14.237500,14.290000
1526377736,14.041200,14.131600
1526206003,14.290000,14.330000
1526337076,13.915200,13.969400
1526268510,13.690000,13.728900
1526206006,14.238000,14.329600
1526206009,14.238000,14.320000
1526206011,14.238100,14.320000
1526206014,14.238200,14.320000
1526206019,14.238200,14.330000
1526206020,14.238300,14.330000
1526206022,14.238300,14.329900
1526206023,14.238400,14.329900
1526206025,14.238400,14.320000
1526337098,13.920000,13.934400
1526206029,14.238500,14.320000
1526206031,14.238600,14.320000
1526206034,14.238900,14.320000
1526334051,14.220400,14.290000
1526206036,14.239000,14.320000
1526206039,14.239100,14.320000
1526334052,14.230200,14.290000
1526206043,14.239200,14.320000
1526206044,14.239200,14.350000
1526206045,14.239300,14.350000
1526206046,14.239300,14.329800
1526206048,14.239400,14.350000
1526206049,14.239400,14.340000
1526206053,14.239700,14.339700
1526337126,13.915200,13.934400
1526206055,14.239800,14.339700
1526206056,14.239800,14.330000
1526334055,14.230300,14.290000
1526206061,14.239400,14.330000
1526206063,14.239900,14.330000
1526206064,14.240000,14.330000
1526206065,14.240000,14.329400
1526206067,14.210100,14.329400
1526206068,14.210100,14.320000
1526206071,14.210100,14.319800
1526206072,14.210200,14.319800
1526206073,14.220100,14.310000
1526246682,14.880300,14.997500
1526334058,14.220800,14.290000
1526206078,14.220200,14.310000
1526206080,14.220200,14.309800
1526206084,14.220200,14.300000
1526377750,14.041700,14.131700
1526206086,14.220300,14.300000
1526337160,13.915200,13.920000
1526337163,13.883300,13.910000
1526337164,13.883300,13.920000
1526337165,13.915100,13.920000
1526334061,14.220900,14.290000
1526337169,13.915200,13.920000
1526206098,14.220300,14.299400
1526337171,13.915200,13.934400
1526206101,14.220300,14.299000
1526206102,14.220400,14.290000
1526337175,13.915100,13.934400
1526337176,13.915100,13.934300
1526206106,14.220500,14.290000
1526268527,13.701300,13.729000
1526337180,13.883400,13.934300
1526337181,13.883400,13.893100
1526337184,13.852100,13.893100
1526337186,13.852100,13.893000
1526337187,13.852200,13.885000
1526337188,13.850000,13.885000
1526337189,13.850000,13.884900
1526206119,14.220700,14.299000
1526206122,14.220700,14.320000
1526206123,14.221100,14.319400
1526206124,14.221100,14.319300
1526206125,14.221100,14.310000
1526206126,14.221200,14.310000
1526377757,14.042000,14.131700
1526337200,13.850100,13.884400
1526337202,13.850100,13.884300
1526206131,14.221300,14.309800
1526337204,13.850000,13.884200
1526206134,14.221300,14.309900
1526337207,13.850000,13.884200
1526268532,13.680300,13.729000
1526206138,14.221400,14.300000
1526206140,14.221500,14.300000
1526334069,14.230100,14.290000
1526377760,14.042100,14.131700
1526337218,13.850000,13.884100
1526206147,14.230100,14.309800
1526206148,14.230200,14.309800
1526337221,13.850000,13.884000
1526206150,14.230200,14.309400
1526206151,14.230300,14.309400
1526206152,14.230300,14.300000
1526337226,13.850000,13.883900
1526206156,14.230400,14.300000
1526206158,14.230400,14.309400
1526206159,14.230500,14.309400
1526206161,14.211800,14.221500
1526206162,14.220000,14.221500
1526206164,14.230600,14.309400
1526206165,14.230600,14.309300
1526337238,13.850000,13.883700
1526206169,14.240300,14.309300
1526337244,13.850000,13.883800
1526206176,14.240300,14.309100
1526337249,13.850000,13.883700
1526268540,13.680200,13.729000
1526206189,14.240000,14.309000
1526206195,14.240300,14.308600
1526206200,14.240500,14.308600
1526365847,14.120000,14.200000
1526377770,14.042400,14.131700
1526206207,14.240700,14.308500
1526206213,14.240800,14.308500
1526206214,14.240800,14.349700
1526206215,14.240800,14.331400
1526337288,13.816300,13.850000
1526377772,14.042500,14.131700
1526206218,14.240900,14.331400
1526206219,14.240900,14.331000
1526206220,14.240900,14.320000
1526337294,13.816600,13.849900
1526337295,13.816700,13.849900
1526206225,14.241000,14.319900
1526206226,14.241100,14.319900
1526268547,13.680200,13.728900
1526206228,14.241100,14.331000
1526206229,14.241100,14.319900
1526337302,13.817100,13.849900
1526206232,14.241100,14.339900
1526206233,14.241200,14.330900
1526206234,14.241200,14.330000
1526337308,13.817600,13.849900
1526206237,14.241300,14.329500
1526337311,13.817700,13.849900
1526206240,14.241400,14.320000
1526377776,14.042600,14.131700
1526337315,13.817800,13.849900
1526337316,13.818400,13.849900
1526206245,14.230700,14.319900
1526206248,14.241500,14.319900
1526206249,14.230800,14.319900
1526206250,14.230800,14.319800
1526206251,14.230800,14.310000
1526377778,14.042700,14.131700
1526206255,14.230800,14.309700
1526206256,14.230800,14.300000
1526337329,13.817800,13.849900
1526337332,13.818100,13.849900
1526337337,13.818200,13.849900
1526206267,14.230900,14.300000
1526337343,13.817800,13.849900
1526206274,14.231000,14.300000
1526206277,14.231000,14.320000
1526206278,14.231000,14.319900
1526206282,14.231000,14.310000
1526246689,14.880500,14.997300
1526337358,13.817900,13.849900
1526206287,14.231000,14.332600
1526206289,14.231000,14.320000
1526206293,14.230700,14.320000
1526337373,13.817900,13.849900
1526206302,14.230800,14.319900
1526206307,14.231000,14.310000
1526206308,14.231100,14.310000
1526337382,13.818200,13.849900
1526337386,13.818500,13.849900
1526206316,14.230900,14.310000
1526334098,14.230800,14.290000
1526206318,14.231200,14.310000
1526206319,14.231000,14.310000
1526206320,14.231300,14.310000
1526206322,14.230600,14.310000
1526206323,14.230700,14.310000
1526206326,14.230700,14.320000
1526206330,14.230800,14.320000
1526206331,14.230800,14.319900
1526287287,13.833000,13.942400
1526206333,14.231000,14.319900
1526206334,14.231100,14.319900
1526337407,13.818800,13.849900
1526206337,14.231100,14.310000
1526337411,13.818900,13.849900
1526337412,13.819000,13.849900
1526206341,14.230900,14.310000
1526206345,14.230800,14.310000
1526206347,14.230800,14.309400
1526206350,14.230600,14.309400
1526337425,13.820100,13.849900
1526206355,14.230600,14.330000
1526206358,14.230600,14.329800
1526206359,14.230700,14.329800
1526206360,14.230700,14.329700
1526206362,14.230700,14.320000
1526337436,13.820400,13.849900
1526337437,13.820500,13.849900
1526206366,14.230700,14.319700
1526337439,13.820800,13.849900
1526206368,14.230700,14.310000
1526206371,14.230700,14.309600
1526337445,13.820900,13.849900
1526246692,14.880600,14.997300
1526337448,13.821000,13.849900
1526206378,14.230700,14.300000
1526206379,14.230600,14.300000
1526337454,13.821700,13.849900
1526337457,13.821600,13.849900
1526337459,13.821700,13.849900
1526206388,14.230600,14.330000
1526337461,13.821200,13.849900
1526337462,13.821800,13.849900
1526206391,14.230600,14.329900
1526206392,14.230600,14.329700
1526337467,13.822100,13.849900
1526337469,13.822200,13.849900
1526206398,14.230600,14.329300
1526206399,14.230700,14.320000
1526334112,14.231000,14.290000
1526337474,13.822600,13.849900
1526206405,14.230700,14.319400
1526337478,13.822900,13.849900
1526337482,13.823000,13.849900
1526206411,14.230700,14.310000
1526337484,13.840000,13.849900
1526206419,14.230700,14.309700
1526206420,14.230700,14.300000
1526206424,14.230800,14.300000
1526206431,14.230900,14.340000
1526206433,14.230700,14.340000
1526206437,14.230700,14.339800
1526206441,14.230700,14.339500
1526206442,14.230700,14.330000
1526257700,14.420200,14.500000
1526206445,14.230700,14.329700
1526206448,14.230800,14.320000
1526206451,14.230800,14.319600
1526206453,14.230800,14.310000
1526206457,14.230800,14.309400
1526206461,14.230800,14.309400
1526206462,14.230800,14.300000
1526364537,14.087800,14.191100
1526337536,13.820400,13.839700
1526334123,14.231200,14.290000
1526206470,14.230800,14.320000
1526337543,13.820400,13.824200
1526337545,13.820400,13.824100
1526337551,13.820400,13.824000
1526206480,14.230800,14.346100
1526206481,14.230800,14.340000
1526206482,14.230800,14.339700
1526206483,14.230800,14.339600
1526206484,14.231400,14.339400
1526206486,14.231500,14.330000
1526206487,14.231500,14.329900
1526206489,14.231500,14.330000
1526206490,14.231700,14.329800
1526337566,13.781200,13.793400
1526206495,14.231800,14.329800
1526206497,14.231700,14.320000
1526206498,14.232100,14.320000
1526337571,13.780000,13.793300
1526337572,13.781300,13.793300
1526206502,14.232100,14.320000
1526337575,13.780000,13.793300
1526206504,14.232100,14.319600
1526206505,14.230700,14.319600
1526206506,14.230800,14.319600
1526206507,14.230800,14.319500
1526337580,13.780000,13.793300
1526206509,14.230800,14.310000
1526206511,14.230800,14.309400
1526337585,13.780100,13.793200
1526206514,14.230800,14.300000
1526206516,14.230700,14.300000
1526337589,13.780100,13.793100
1526206518,14.230800,14.300000
1526206519,14.230800,14.319500
1526206520,14.230800,14.310000
1526206523,14.230800,14.309700
1526206525,14.230700,14.300000
1526203061,13.839600,13.899700
1526337602,13.780000,13.792900
1526206534,14.230800,14.300000
1526206536,14.230800,14.320000
1526206537,14.230700,14.320000
1526399671,13.400000,13.484100
1526206540,14.230900,14.320000
1526206542,14.230900,14.319800
1526206543,14.230800,14.319800
1526206545,14.230800,14.310000
1526206547,14.230700,14.310000
1526337620,13.780000,13.792800
1526206549,14.230700,14.309700
1526381998,14.159600,14.282400
1526206552,14.230700,14.300000
1526206553,14.230800,14.300000
1526337626,13.781000,13.792700
1526206556,14.230700,14.300000
1526206557,14.230700,14.330000
1526206562,14.230700,14.329400
1526334139,14.231700,14.290000
1526206568,14.230700,14.320000
1526206572,14.230700,14.319900
1526206573,14.230700,14.310000
1526206575,14.230700,14.309700
1526206579,14.230700,14.300000
1526206582,14.230700,14.299900
1526337656,13.781000,13.792400
1526206585,14.230700,14.290000
1526337659,13.781100,13.792400
1526337660,13.781100,13.792300
1526337664,13.790000,13.792300
1526206593,14.230700,14.289900
1526337666,13.790100,13.792200
1526377835,14.043100,14.131700
1526206596,14.230700,14.280000
1526337670,13.790100,13.792300
1526337673,13.781000,13.792300
1526206602,14.230700,14.279700
1526337676,13.800000,13.842400
1526337677,13.800000,13.849000
1526206609,14.230700,14.289900
1526206610,14.230700,14.270000
1526337685,13.800100,13.848900
1526206615,14.230700,14.299600
1526206616,14.230700,14.269900
1526337689,13.800100,13.850000
1526337691,13.800100,13.848900
1526206620,14.230700,14.289900
1526206623,14.230700,14.269800
1526337697,13.800100,13.848800
1526337699,13.800000,13.848800
1526206628,14.230700,14.280000
1526206629,14.230700,14.279700
1526337702,13.800000,13.833400
1526337705,13.800000,13.833300
1526206635,14.230700,14.270000
1526206638,14.230700,14.269900
1526224925,14.297200,14.373000
1526206641,14.230700,14.260000
1526337715,13.800000,13.833200
1526337716,13.800000,13.833300
1526206646,14.230700,14.280000
1526337719,13.800000,13.833100
1526337722,13.800000,13.833400
1526206651,14.230700,14.279900
1526337724,13.800000,13.833500
1526337725,13.800000,13.833000
1526206655,14.230700,14.270000
1526337728,13.800000,13.832900
1526337729,13.800000,13.832800
1526337731,13.800000,13.832900
1526337732,13.800000,13.833400
1526337733,13.800000,13.833300
1526337734,13.800000,13.832800
1526337736,13.800000,13.833200
1526203084,13.840200,13.890000
1526337738,13.800000,13.832700
1526198692,14.058000,14.069900
1526337740,13.800000,13.833500
1526337741,13.800000,13.833200
1526337744,13.800000,13.833100
1526337750,13.800000,13.833000
1526337752,13.800000,13.833100
1526206687,14.230700,14.300000
1526206689,14.230700,14.299600
1526206693,14.230700,14.290000
1526206700,14.230700,14.289800
1526337773,13.800000,13.833300
1526337775,13.800000,13.833400
1526337776,13.800000,13.833200
1526224936,14.297200,14.372300
1526337778,13.800000,13.833400
1526206707,14.230700,14.280000
1526203092,13.840400,13.890000
1526206716,14.230700,14.279600
1526206718,14.230700,14.270000
1526203093,13.840400,13.910000
1526337794,13.800000,13.833300
1526268630,13.740700,13.811800
1526337801,13.800000,13.833300
1526206730,14.230700,14.290000
1526206732,14.230700,14.289900
1526206734,14.230700,14.290000
1526206737,14.230700,14.289800
1526206738,14.230700,14.290000
1526206739,14.230700,14.289700
1526206740,14.230700,14.280000
1526299385,13.657300,13.720000
1526337814,13.800000,13.810000
1526268633,13.740700,13.812000
1526337816,13.800000,13.800900
1526337820,13.800000,13.800800
1526206749,14.230700,14.279600
1526206751,14.230700,14.270000
1526337828,13.800000,13.800700
1526334172,14.220400,14.290000
1526337835,13.800000,13.800500
1526206767,14.230700,14.289800
1526337840,13.800000,13.800400
1526206773,14.230700,14.280000
1526206778,14.230700,14.300000
1526206781,14.230700,14.299600
1526337854,13.800000,13.800200
1526206784,14.230700,14.290000
1526203104,13.840900,13.899900
1526337859,13.781000,13.800000
1526337864,13.781000,13.800100
1526206793,14.230700,14.289800
1526206794,14.230700,14.280000
1526337869,13.781000,13.799800
1526337871,13.781000,13.799700
1526334179,14.220500,14.290000
1526337876,13.781000,13.799600
1526206805,14.230700,14.300000
1526206806,14.230700,14.320000
1526206812,14.230700,14.319600
1526337885,13.781000,13.799600
1526206816,14.230700,14.310000
1526206823,14.230700,14.309900
1526337897,13.781000,13.799500
1526206826,14.230700,14.300000
1526206833,14.230700,14.299700
1526206838,14.230700,14.290000
1526206843,14.230700,14.300000
1526206845,14.230700,14.299400
1526337918,13.800000,13.832100
1526206848,14.230700,14.290000
1526337922,13.800000,13.834000
1526206851,14.230700,14.289800
1526206854,14.230700,14.280000
1526337928,13.800000,13.833900
1526206858,14.230800,14.280000
1526206859,14.230800,14.279700
1526206863,14.191100,14.279700
1526206864,14.191100,14.270000
1526206868,14.191500,14.270000
1526206869,14.191500,14.280000
1526206870,14.191600,14.280000
1526377881,14.043300,14.131700
1526206875,14.184900,14.290000
1526206876,14.191700,14.290000
1526206879,14.191900,14.289800
1526206880,14.191900,14.280000
1526206882,14.192000,14.280000
1526378945,14.000000,14.086700
1526206888,14.182400,14.280000
1526206889,14.182500,14.280000
1526206893,14.182900,14.279600
1526206894,14.190000,14.270000
1526206897,14.190100,14.270000
1526206901,14.183100,14.270000
1526206902,14.190200,14.270000
1526206904,14.190200,14.290000
1526206906,14.190200,14.289900
1526206908,14.190300,14.289800
1526206909,14.190300,14.289900
1526206910,14.190300,14.280000
1526206911,14.190400,14.280000
1526206920,14.190500,14.280000
1526206923,14.190600,14.280000
1526338000,13.800100,13.850000
1526206931,14.190600,14.300000
1526338004,13.800000,13.850000
1526206934,14.190700,14.299900
1526206936,14.190800,14.290000
1526198701,14.028500,14.054800
1526338012,13.800100,13.850000
1526206941,14.191100,14.289700
1526206943,14.191200,14.289700
1526206946,14.191600,14.289700
1526206947,14.191600,14.280000
1526338020,13.810000,13.850000
1526206949,14.191700,14.280000
1526338023,13.810100,13.850000
1526338025,13.820000,13.850000
1526206955,14.191700,14.290000
1526206956,14.191800,14.290000
1526314351,14.291900,14.393800
1526334002,14.220000,14.290000
1526206964,14.192000,14.289800
1526338037,13.810200,13.850000
1526206966,14.192100,14.289800
1526338039,13.789100,13.850000
1526206968,14.192100,14.280000
1526338041,13.810300,13.850000
1526338042,13.810400,13.850000
1526206972,14.191900,14.280000
1526206973,14.192200,14.290000
1526206974,14.191900,14.290000
1526206975,14.192300,14.290000
1526206977,14.192600,14.289600
1526206980,14.192700,14.280000
1526338053,13.800200,13.850000
1526338054,13.789300,13.850000
1526206983,14.192800,14.280000
1526206984,14.192800,14.290000
1526338057,13.789500,13.850000
1526206987,14.192800,14.289400
1526206988,14.193500,14.289400
1526206990,14.193500,14.280000
1526338063,13.800400,13.850000
1526206992,14.193600,14.280000
1526338065,13.800800,13.850000
1526206995,14.200000,14.280000
1526206997,14.200100,14.280000
1526338071,13.800800,13.850000
1526207001,14.200100,14.300000
1526338074,13.790300,13.850000
1526207003,14.200100,14.300000
1526207004,14.200200,14.300000
1526207005,14.200200,14.299700
1526207006,14.200400,14.290000
1526338079,13.790500,13.850000
1526338081,13.800000,13.850000
1526207010,14.200500,14.290000
1526207011,14.200500,14.290000
1526338084,13.800300,13.850000
1526207013,14.200600,14.290000
1526207015,14.200600,14.314500
1526207016,14.210000,14.300000
1526207019,14.210100,14.300000
1526207020,14.210200,14.300000
1526207021,14.220000,14.328900
1526207022,14.220000,14.328800
1526207023,14.220200,14.328800
1526338097,13.801100,13.850000
1526207026,14.230000,14.328800
1526207028,14.230100,14.328800
1526207029,14.230200,14.328800
1526207031,14.230400,14.328800
1526207032,14.240000,14.328800
1526207033,14.240000,14.341100
1526207034,14.240000,14.328700
1526207035,14.240000,14.341300
1526207036,14.240100,14.341300
1526207037,14.250000,14.329900
1526207038,14.250100,14.329900
1526334219,14.230100,14.289900
1526207045,14.250100,14.341200
1526338118,13.802200,13.850000
1526207048,14.250200,14.341200
1526207049,14.260000,14.341200
1526207050,14.260000,14.341000
1526351463,13.900700,13.990000
1526207052,14.260100,14.341000
1526207053,14.260200,14.341000
1526207055,14.260200,14.330000
1526207056,14.260300,14.330000
1526377913,14.043300,14.131300
1526338141,13.803000,13.850000
1526207075,14.260400,14.330000
1526338148,13.803100,13.850000
1526338151,13.810000,13.850000
1526207081,14.260500,14.330000
1526338155,13.810600,13.850000
1526207084,14.260600,14.330000
1526377917,14.043400,14.131300
1526207088,14.260700,14.330000
1526338163,13.810300,13.850000
1526207095,14.260900,14.330000
1526338168,13.810500,13.850000
1526207099,14.261000,14.330000
1526338174,13.810700,13.850000
1526207104,14.261100,14.330000
1526207106,14.248600,14.330000
1526207107,14.248700,14.330000
1526207110,14.261200,14.330000
1526338183,13.793300,13.850000
1526338185,13.793400,13.850000
1526207114,14.248900,14.330000
1526207115,14.261300,14.330000
1526207118,14.261400,14.330000
1526338191,13.800400,13.850000
1526207122,14.261500,14.329900
1526207125,14.261500,14.329900
1526207127,14.248800,14.320000
1526207129,14.261600,14.320000
1526207130,14.261600,14.320000
1526356079,13.980000,14.040000
1526338204,13.800700,13.850000
1526207136,14.261700,14.320000
1526207140,14.261800,14.320000
1526207143,14.261800,14.330000
1526338217,13.800600,13.850000
1526207147,14.261800,14.329900
1526338220,13.800700,13.850000
1526207149,14.261800,14.320000
1526207151,14.261900,14.320000
1526207153,14.261900,14.341300
1526207154,14.261900,14.330000
1526207155,14.262000,14.330000
1526207158,14.262100,14.330000
1526338234,13.800500,13.850000
1526338237,13.801100,13.850000
1526207168,14.262100,14.329700
1526207169,14.262200,14.329700
1526207172,14.262300,14.320000
1526207173,14.262300,14.319600
1526338246,13.800800,13.850000
1526268705,13.716700,13.747500
1526207176,14.262400,14.319600
1526338249,13.800900,13.850000
1526338250,13.801000,13.850000
1526207179,14.262500,14.309400
1526207183,14.262600,14.309400
1526207184,14.262500,14.309400
1526207185,14.241100,14.309400
1526207186,14.241200,14.329800
1526338259,13.801400,13.850000
1526207188,14.262700,14.320000
1526329645,14.040300,14.139500
1526207190,14.262800,14.320000
1526338265,13.801700,13.850000
1526207194,14.262800,14.330000
1526207196,14.262900,14.329700
1526338270,13.801800,13.850000
1526207199,14.262900,14.320000
1526338273,13.801400,13.850000
1526338274,13.801300,13.850000
1526338275,13.801900,13.850000
1526338276,13.801300,13.850000
1526338277,13.801400,13.850000
1526207207,14.263100,14.319600
1526338280,13.783400,13.850000
1526338281,13.801500,13.850000
1526338284,13.783500,13.850000
1526338285,13.801700,13.850000
1526207214,14.263200,14.341300
1526338288,13.801800,13.850000
1526207219,14.263300,14.330000
1526207224,14.263400,14.330000
1526207225,14.263400,14.329700
1526207226,14.263500,14.329700
1526207229,14.263400,14.329700
1526207231,14.263500,14.329600
1526207233,14.263500,14.320000
1526268715,13.670300,13.747300
1526207236,14.263600,14.320000
1526207237,14.263600,14.319400
1526207241,14.263700,14.319400
1526338314,13.801700,13.850000
1526207245,14.263700,14.341300
1526207246,14.263800,14.341300
1526207249,14.263800,14.330000
1526207251,14.263900,14.330000
1526207252,14.264000,14.330000
1526207255,14.263900,14.330000
1526207256,14.241300,14.330000
1526338329,13.801900,13.850000
1526207258,14.264100,14.330000
1526338332,13.802100,13.850000
1526377946,14.043700,14.130800
1526356101,13.980000,14.020000
1526338340,13.802000,13.850000
1526268721,13.670300,13.706400
1526338345,13.802600,13.850000
1526334258,14.230000,14.290000
1526377949,14.043700,14.130700
1526338352,13.802200,13.850000
1526207282,14.264200,14.330000
1526338359,13.801700,13.850000
1526251087,14.905500,14.976200
1526207295,14.264300,14.330000
1526377953,14.043900,14.130700
1526207310,14.264400,14.330000
1526207315,14.264500,14.330000
1526207318,14.264500,14.329900
1526207321,14.264400,14.320000
1526207322,14.264400,14.319900
1526207325,14.264400,14.319800
1526207326,14.264400,14.310000
1526207328,14.264400,14.309900
1526207330,14.252300,14.309900
1526207331,14.252300,14.300000
1526338408,13.780000,13.836400
1526338410,13.780000,13.836300
1526338411,13.780000,13.805500
1526338413,13.780000,13.805400
1526338417,13.781000,13.805400
1526338418,13.781000,13.805300
1526207347,14.216600,14.300000
1526207348,14.216700,14.300000
1526207350,14.230700,14.300000
1526207351,14.230800,14.300000
1526207357,14.230900,14.300000
1526207358,14.231000,14.300000
1526207362,14.231000,14.310000
1526207364,14.231100,14.310000
1526207366,14.231100,14.319600
1526338439,13.781000,13.799900
1526207370,14.231100,14.310000
1526338443,13.781000,13.790000
1526338444,13.781000,13.789900
1526377965,14.044000,14.130600
1526207377,14.231100,14.309600
1526207380,14.231100,14.300000
1526207385,14.231100,14.310000
1526207388,14.231200,14.310000
1526207390,14.231200,14.309800
1526338463,13.780000,13.789900
1526207394,14.231300,14.309800
1526207396,14.231300,14.300000
1526338470,13.770000,13.780000
1526338472,13.770000,13.779900
1526207403,14.231400,14.300000
1526207404,14.231400,14.330000
1526338479,13.770000,13.779700
1526207408,14.231500,14.329900
1526207411,14.232000,14.329400
1526207412,14.232000,14.320000
1526338486,13.770000,13.779600
1526207415,14.232000,14.319900
1526349270,13.873200,13.950000
1526207418,14.231000,14.310000
1526338496,13.770000,13.779500
1526207429,14.231000,14.309700
1526338505,13.770000,13.779400
1526207435,14.231000,14.300000
1526338509,13.770000,13.779300
1526334285,14.220700,14.289900
1526207443,14.231000,14.310000
1526207445,14.231000,14.290000
1526338521,13.770000,13.779100
1526207450,14.231000,14.320000
1526207452,14.231100,14.320000
1526207454,14.231200,14.320000
1526207455,14.231300,14.320000
1526207458,14.231400,14.320000
1526377979,14.044100,14.131500
1526207461,14.231500,14.320000
1526207464,14.231500,14.319900
1526207465,14.231600,14.319900
1526207467,14.231600,14.319800
1526207468,14.231800,14.310000
1526338541,13.770000,13.778900
1526207471,14.231900,14.310000
1526207473,14.232000,14.310000
1526334291,14.220500,14.289900
1526207476,14.232100,14.310000
1526338549,13.771000,13.778800
1526338550,13.771000,13.778700
1526207480,14.232300,14.320000
1526334292,14.220700,14.289900
1526338554,13.771000,13.778600
1526207484,14.232400,14.320000
1526207487,14.232500,14.320000
1526207489,14.232600,14.320000
1526338562,13.771000,13.778400
1526207491,14.232600,14.319900
1526207492,14.232700,14.319900
1526207493,14.232800,14.319900
1526207495,14.232800,14.310000
1526207497,14.232900,14.310000
1526207498,14.233000,14.310000
1526268759,13.597600,13.635200
1526207500,14.233000,14.309900
1526207501,14.233100,14.309900
1526207502,14.233100,14.310000
1526207506,14.233200,14.320000
1526207508,14.233300,14.320000
1526207511,14.233500,14.320000
1526338584,13.771000,13.778100
1526207513,14.233500,14.319900
1526207514,14.233600,14.319900
1526207516,14.233700,14.319900
1526207517,14.233700,14.310000
1526338590,13.771000,13.778000
1526207520,14.233800,14.310000
1526207522,14.233900,14.320000
1526207523,14.233900,14.319900
1526207526,14.234000,14.300000
1526338599,13.771000,13.777900
1526207528,14.234200,14.300000
1526251095,14.905600,14.975900
1526207532,14.234300,14.310000
1526207534,14.234400,14.310000
1526334301,14.220500,14.289900
1526207536,14.234600,14.309900
1526207537,14.234600,14.290000
1526207538,14.234700,14.290000
1526207539,14.234800,14.290000
1526207540,14.234900,14.290000
1526334302,14.220600,14.289900
1526207542,14.234900,14.310000
1526207543,14.235000,14.310000
1526338616,13.771000,13.777700
1526207547,14.235100,14.310000
1526207548,14.235100,14.309900
1526338621,13.771000,13.777600
1526207550,14.235200,14.309900
1526207552,14.235200,14.300000
1526207553,14.235300,14.300000
1526294741,13.741300,13.795000
1526338627,13.771000,13.777500
1526207557,14.235400,14.300000
1526207558,14.235500,14.300000
1526334305,14.220400,14.289900
1526207560,14.235700,14.300000
1526207561,14.235800,14.320000
1526207563,14.235900,14.320000
1526207565,14.235900,14.319900
1526207566,14.235900,14.310000
1526377997,14.050000,14.131400
1526207568,14.236000,14.310000
1526207569,14.236100,14.310000
1526207572,14.236100,14.309900
1526207573,14.236200,14.309900
1526338646,13.771000,13.777300
1526207575,14.236300,14.309900
1526207577,14.236400,14.309900
1526207579,14.236500,14.309900
1526207581,14.236500,14.300000
1526207582,14.236700,14.300000
1526207587,14.236700,14.320000
1526207588,14.236700,14.319900
1526207589,14.236800,14.299900
1526338662,13.771000,13.777100
1526207591,14.236900,14.299900
1526207592,14.236900,14.290000
1526207593,14.237000,14.290000
1526207595,14.237100,14.290000
1526207597,14.237200,14.290000
1526207599,14.237300,14.290000
1526207601,14.237500,14.290000
1526338675,13.771000,13.777000
1526207605,14.237600,14.290000
1526207606,14.237600,14.310000
1526207607,14.237700,14.310000
1526338680,13.771000,13.776900
1526207609,14.237800,14.310000
1526207611,14.237900,14.309900
1526207613,14.237900,14.310000
1526207614,14.238000,14.310000
1526338688,13.771000,13.776800
1526207617,14.238100,14.310000
1526207619,14.238200,14.310000
1526207620,14.238200,14.309900
1526338694,13.771000,13.776700
1526207624,14.238300,14.309900
1526207625,14.238400,14.300000
1526207627,14.238500,14.300000
1526338701,13.770000,13.776500
1526207630,14.238600,14.300000
1526338703,13.770000,13.776400
1526207633,14.238700,14.300000
1526207636,14.238800,14.300000
1526207639,14.238800,14.299900
1526207640,14.238900,14.299900
1526207643,14.239000,14.299900
1526207644,14.239000,14.290000
1526338717,13.770000,13.776300
1526207647,14.239100,14.290000
1526268784,13.560200,13.590000
1526207650,14.239200,14.300000
1526207652,14.239300,14.300000
1526207653,14.239300,14.299900
1526207654,14.239400,14.299900
1526207655,14.239500,14.299900
1526207657,14.239500,14.290000
1526207660,14.239600,14.290000
1526338733,13.770000,13.776100
1526207662,14.239700,14.290000
1526207665,14.239800,14.290000
1526338739,13.770000,13.776000
1526207668,14.239900,14.290000
1526207671,14.240000,14.290000
1526207672,14.240000,14.289900
1526207674,14.240000,14.290000
1526207675,14.240100,14.290000
1526207676,14.240100,14.289800
1526207678,14.240200,14.289800
1526334325,14.220700,14.289900
1526251100,14.905600,14.975700
1526207681,14.240400,14.280000
1526338754,13.770000,13.775700
1526207684,14.240500,14.279900
1526207686,14.240600,14.279900
1526207687,14.240600,14.270000
1526207690,14.240700,14.270000
1526207691,14.240600,14.269900
1526207692,14.240700,14.269900
1526207695,14.240700,14.260000
1526338768,13.770000,13.775500
1526207697,14.185000,14.230000
1526207698,14.185100,14.259900
1526207699,14.185100,14.240000
1526338772,13.770000,13.775400
1526338774,13.770000,13.775300
1526207704,14.182000,14.230000
1526207705,14.185300,14.230000
1526207706,14.185300,14.230000
1526338779,13.750000,13.762300
1526207708,14.185300,14.270000
1526207709,14.185400,14.270000
1526207713,14.185500,14.270000
1526207714,14.185600,14.229900
1526338788,13.730000,13.775100
1526207718,14.185600,14.350000
1526207719,14.185600,14.220000
1526207721,14.185700,14.220000
1526378023,14.050100,14.140800
1526207724,14.185800,14.219900
1526225106,14.240100,14.310000
1526338799,13.730000,13.741500
1526207728,14.185800,14.220000
1526378024,14.050100,14.130400
1526338802,13.730000,13.741400
1526207733,14.185800,14.230000
1526338806,13.730000,13.741300
1526207735,14.185900,14.230000
1526207738,14.186000,14.230000
1526207740,14.186100,14.230000
1526207742,14.186200,14.230000
1526207745,14.186300,14.230000
1526338818,13.730000,13.741100
1526378027,14.035600,14.130400
1526207748,14.186400,14.230000
1526334337,14.221100,14.289900
1526207757,14.186400,14.240000
1526207758,14.186400,14.239900
1526378029,14.035700,14.140700
1526207760,14.186500,14.239900
1526338833,13.731800,13.741100
1526207763,14.186500,14.263800
1526207765,14.186600,14.230000
1526207766,14.186700,14.230000
1526207770,14.186800,14.261800
1526207771,14.186800,14.250000
1526207775,14.186900,14.250000
1526207778,14.187000,14.250000
1526338852,13.730000,13.741000
1526207781,14.187100,14.250000
1526412994,12.777800,12.880900
1526207784,14.187200,14.250000
1526338858,13.730000,13.740900
1526378034,14.035800,14.140500
1526225117,14.240100,14.309900
1526207792,14.187300,14.250000
1526207795,14.187400,14.250000
1526207796,14.187500,14.250000
1526338871,13.730000,13.740800
1526207800,14.187600,14.250000
1526378036,14.035900,14.140400
1526207802,14.187600,14.249900
1526338876,13.730000,13.740700
1526207806,14.187600,14.240000
1526207808,14.187600,14.239900
1526207810,14.187600,14.239800
1526207812,14.187600,14.239700
1526207813,14.187600,14.230000
1526207818,14.187500,14.229900
1526207819,14.187500,14.229800
1526207821,14.139100,14.229800
1526207822,14.139200,14.229800
1526207823,14.139200,14.220000
1526207824,14.139200,14.220000
1526207828,14.138300,14.220000
1526207831,14.139300,14.220000
1526207832,14.138400,14.220000
1526207833,14.138400,14.219900
1526207835,14.138400,14.210000
1526198731,13.992100,14.050000
1526207840,14.138300,14.210000
1526207842,14.138500,14.210000
1526378043,14.036400,14.140100
1526207847,14.106000,14.210000
1526207849,14.106000,14.209900
1526207851,14.106100,14.209900
1526207852,14.106200,14.209900
1526207853,14.120000,14.209900
1526207854,14.120000,14.250000
1526207855,14.120300,14.249700
1526207856,14.139900,14.249700
1526268819,13.500100,13.507100
1526334032,14.210400,14.290000
1526207865,14.140600,14.239900
1526207868,14.140600,14.239400
1526207869,14.140700,14.230000
1526338942,13.730000,13.740600
1526207873,14.140800,14.230000
1526207876,14.140800,14.229900
1526334358,14.230100,14.289900
1526207878,14.139900,14.229900
1526207879,14.140900,14.229900
1526207880,14.140900,14.220000
1526207883,14.139900,14.220000
1526338957,13.730600,13.740400
1526207887,14.139900,14.219900
1526338960,13.730200,13.740300
1526207890,14.139900,14.210000
1526338966,13.730000,13.740300
1526338967,13.730300,13.740300
1526207896,14.139900,14.209900
1526338969,13.730300,13.740200
1526207898,14.139900,14.209900
1526207899,14.140000,14.209900
1526338972,13.730300,13.740100
1526338973,13.730400,13.740100
1526378053,14.050100,14.139500
1526338976,13.730400,13.740000
1526207905,14.140200,14.209900
1526338979,13.730600,13.740000
1526338981,13.730600,13.739900
1526207910,14.140300,14.249900
1526207911,14.140300,14.209700
1526338987,13.730200,13.739900
1526207917,14.140500,14.209700
1526207918,14.140500,14.209600
1526207921,14.140500,14.249300
1526207922,14.140500,14.209500
1526338995,13.730300,13.739800
1526268830,13.520000,13.633400
1526207926,14.140100,14.209500
1526339000,13.730000,13.739700
1526207929,14.140100,14.239900
1526207932,14.140200,14.239700
1526207933,14.140200,14.239600
1526207934,14.140200,14.230000
1526207937,14.140200,14.229900
1526207939,14.139900,14.229900
1526207941,14.139900,14.229800
1526207943,14.139900,14.220000
1526339017,13.730000,13.739500
1526207947,14.139900,14.219900
1526339020,13.730000,13.739400
1526207949,14.139900,14.219800
1526339023,13.730000,13.739300
1526207952,14.140000,14.219800
1526207954,14.150000,14.219800
1526207959,14.150100,14.219800
1526339035,13.730000,13.739100
1526207965,14.150100,14.270000
1526207967,14.150100,14.269900
1526207971,14.150200,14.269300
1526339045,13.730000,13.738900
1526339047,13.730000,13.738800
1526207976,14.150300,14.259900
1526207977,14.150400,14.259900
1526207979,14.150500,14.259800
1526339052,13.730000,13.738700
1526207981,14.150600,14.250000
1526207984,14.171300,14.250000
1526339061,13.730000,13.738600
1526207990,14.171400,14.250000
1526207991,14.171400,14.249900
1526207994,14.171500,14.249900
1526207995,14.171600,14.249900
1526339068,13.730000,13.738500
1526207997,14.172000,14.240000
1526207998,14.172100,14.240000
1526246997,14.878200,14.983700
1526208001,14.172200,14.240000
1526339075,13.730000,13.738400
1526208006,14.172300,14.240000
1526208008,14.172400,14.240000
1526268844,13.560000,13.632700
1526339082,13.730000,13.738300
1526208012,14.172300,14.240000
1526208013,14.172500,14.240000
1526339088,13.730000,13.738200
1526208017,14.172900,14.280000
1526208018,14.172900,14.279900
1526208020,14.173000,14.279900
1526208021,14.173000,14.280000
1526208022,14.173000,14.270000
1526378073,14.036900,14.140700
1526208025,14.173100,14.270000
1526208028,14.173200,14.270000
1526208029,14.173800,14.269900
1526208030,14.173800,14.269400
1526356229,13.980000,14.020000
1526208032,14.173800,14.260000
1526208033,14.173900,14.260000
1526208035,14.173900,14.259900
1526339110,13.730000,13.738100
1526208040,14.174000,14.260000
1526208041,14.174000,14.330000
1526208042,14.174000,14.329900
1526339116,13.730000,13.738000
1526339118,13.730000,13.737900
1526208047,14.174100,14.250000
1526339122,13.730000,13.737800
1526268851,13.570000,13.632600
1526339124,13.730100,13.737800
1526378078,14.037400,14.140200
1526339126,13.730000,13.737800
1526208056,14.174300,14.280000
1526208057,14.174300,14.279900
1526208060,14.174900,14.279300
1526208062,14.175000,14.279300
1526334389,14.217200,14.289900
1526339136,13.750000,13.789800
1526208065,14.175000,14.270000
1526208066,14.175100,14.270000
1526208067,14.175100,14.269800
1526208068,14.175200,14.269800
1526208070,14.175200,14.260000
1526208071,14.175300,14.260000
1526208073,14.175400,14.260000
1526208080,14.175500,14.259900
1526208084,14.175500,14.250000
1526208085,14.175600,14.250000
1526208088,14.175700,14.249900
1526208093,14.175700,14.240000
1526208094,14.175800,14.239900
1526208097,14.175800,14.230000
1526208098,14.175900,14.230000
1526378086,14.038200,14.139500
1526208103,14.175900,14.229900
1526208104,14.175900,14.220000
1526208105,14.176000,14.220000
1526312551,14.384700,14.483000
1526208108,14.176000,14.219900
1526208110,14.176000,14.210000
1526378088,14.038400,14.139300
1526378091,14.038500,14.139100
1526268866,13.580100,13.671400
1526312557,14.385000,14.482800
1526268868,13.580700,13.671400
1526208156,14.176000,14.220000
1526208158,14.176000,14.219900
1526268869,13.580800,13.671300
1526208161,14.176000,14.210000
1526334406,14.217000,14.289800
1526325313,14.149000,14.190000
1526208167,14.176000,14.209900
1526198742,14.000300,14.069900
1526208169,14.176000,14.210000
1526208173,14.176000,14.209900
1526268872,13.580900,13.671300
1526208179,14.176000,14.200000
1526208180,14.137700,14.170000
1526208181,14.137700,14.200000
1526268873,13.580900,13.671200
1526208185,14.137700,14.190000
1526339261,13.700000,13.730000
1526339263,13.700000,13.789600
1526339265,13.700000,13.789500
1526208194,14.137800,14.190000
1526208195,14.137900,14.190000
1526339269,13.700000,13.789300
1526208199,14.138000,14.190000
1526339272,13.700000,13.789200
1526339273,13.700000,13.789100
1526339275,13.700100,13.789100
1526208204,14.138100,14.190000
1526339277,13.700100,13.789000
1526339278,13.700100,13.788900
1526208207,14.138200,14.190000
1526339283,13.700100,13.788800
1526208212,14.138200,14.210000
1526339285,13.700100,13.788700
1526339288,13.700200,13.788700
1526208217,14.138200,14.180000
1526339291,13.701000,13.788600
1526339292,13.701100,13.788600
