time,bid,ask
1526202368,13.888000,13.939800
1526267905,13.885100,13.991100
1526202370,13.820000,13.939800
1526202371,13.820100,13.939800
1526202372,13.820100,13.930000
1526202373,13.820200,13.930000
1526202374,13.820300,13.930000
1526267911,13.885500,13.990700
1526202376,13.820400,13.930000
1526267913,13.885500,13.990600
1526202378,13.830000,13.930000
1526202379,13.830000,13.929800
1526267916,13.885200,13.990200
1526202381,13.830100,13.929800
1526267919,13.885200,13.989900
1526202384,13.840000,13.920000
1526202385,13.840100,13.920000
1526267922,13.885200,13.989300
1526202387,13.840100,13.920000
1526267924,13.839000,13.989300
1526202389,13.840200,13.920000
1526202390,13.840200,13.945100
1526202391,13.840200,13.945000
1526267928,13.839100,13.989100
1526267929,13.839300,13.989100
1526267930,13.839300,13.988900
1526202395,13.840300,13.940000
1526267932,13.839400,13.988600
1526279377,13.779300,13.790000
1526202398,13.840300,13.939400
1526202399,13.840900,13.939400
1526311600,14.157700,14.253700
1526202402,13.840900,13.930000
1526202405,13.840900,13.929800
1526202406,13.841000,13.929800
1526267943,13.839900,13.958200
1526202408,13.820300,13.920000
1526202409,13.841100,13.920000
1526267946,13.839900,13.957800
1526202411,13.820300,13.920000
1526202412,13.841200,13.920000
1526267950,13.840000,13.957400
1526267951,13.840600,13.956800
1526300680,13.622200,13.690000
1526202418,13.841300,13.930000
1526312575,14.386300,14.481600
1526202420,13.841300,13.929600
1526202421,13.841400,13.929600
1526202424,13.841400,13.920000
1526202425,13.841400,13.920000
1526202427,13.841600,13.920000
1526267914,13.884800,13.990600
1526267967,13.900000,13.956200
1526202432,13.841600,13.919800
1526267970,13.900000,13.955800
1526202435,13.841700,13.919800
1526202437,13.841800,13.919800
1526202439,13.841800,13.910000
1526202443,13.841900,13.910000
1526202444,13.820600,13.920000
1526202445,13.820700,13.920000
1526267982,13.900000,13.949500
1526202448,13.820600,13.920000
1526202449,13.820800,13.920000
1526202450,13.820900,13.930000
1526202451,13.830000,13.910000
1526267988,13.900000,13.949000
1526267990,13.900000,13.948900
1526202456,13.830100,13.921500
1526202457,13.830100,13.920000
1526202459,13.830200,13.919900
1526202462,13.830200,13.910000
1526268000,13.806400,13.899900
1526267920,13.885300,13.989900
1526202466,13.830300,13.910000
1526202467,13.830400,13.910000
1526202468,13.830400,13.930000
1526202470,13.830400,13.929900
1526202471,13.830500,13.929900
1526202472,13.830900,13.929900
1526202473,13.830900,13.929500
1526202474,13.830900,13.920000
1526202475,13.831000,13.920000
1526202476,13.831000,13.919900
1526202479,13.831100,13.910000
1526202481,13.831200,13.910000
1526202484,13.831300,13.910000
1526268021,13.807800,13.898600
1526202487,13.831300,13.909900
1526202488,13.831400,13.909900
1526202489,13.831400,13.900000
1526202490,13.831500,13.900000
1526268027,13.808300,13.898200
1526202492,13.831500,13.899900
1526202494,13.831500,13.899800
1526202495,13.831600,13.890000
1526268033,13.802600,13.898000
1526268034,13.808400,13.898000
1526202499,13.831700,13.890000
1526267926,13.839100,13.989200
1526268038,13.808400,13.897800
1526202503,13.831800,13.890000
1526268040,13.802500,13.897700
1526268041,13.808500,13.897700
1526268042,13.808500,13.867400
1526202507,13.831900,13.890000
1526268044,13.808500,13.867300
1526202509,13.832000,13.890000
1526202511,13.832000,13.900000
1526268048,13.808600,13.867200
1526268049,13.800000,13.867200
1526268050,13.800000,13.867100
1526202515,13.832100,13.900000
1526289774,13.800000,13.884600
1526202518,13.832200,13.900000
1526268055,13.800000,13.867000
1526268056,13.800000,13.866900
1526268058,13.800000,13.866900
1526268059,13.800000,13.866800
1526268060,13.800000,13.807200
1526268062,13.800100,13.807200
1526268063,13.748900,13.798500
1526202528,13.832300,13.900000
1526202529,13.832400,13.900000
1526268067,13.795200,13.798500
1526202534,13.832500,13.900000
1526268071,13.749100,13.795200
1526202536,13.832600,13.900000
1526202537,13.832600,13.899900
1526202538,13.832600,13.900000
1526202542,13.832700,13.900000
1526268079,13.690500,13.728900
1526268080,13.710300,13.728900
1526202545,13.832800,13.900000
1526268082,13.678400,13.728900
1526202548,13.832900,13.900000
1526268086,13.678400,13.728800
1526202551,13.833000,13.900000
1526268088,13.678400,13.728900
1526268089,13.678300,13.728900
1526268090,13.678300,13.728700
1526202555,13.833100,13.900000
1526202559,13.833200,13.900000
1526268096,13.678300,13.728600
1526300704,13.623100,13.690000
1526202564,13.833300,13.900000
1526202567,13.833400,13.900000
1526268104,13.678200,13.728400
1526268106,13.678200,13.728300
1526202571,13.833500,13.900000
1526267938,13.839800,13.988200
1526202574,13.833600,13.900000
1526268111,13.678300,13.728100
1526268112,13.678300,13.700000
1526202577,13.833700,13.900000
1526268115,13.678300,13.699900
1526202580,13.833800,13.900000
1526311630,14.159500,14.256100
1526268118,13.678400,13.699900
1526268119,13.678200,13.699900
1526202584,13.833900,13.900000
1526202586,13.834000,13.900000
1526202589,13.834000,13.899900
1526202591,13.834100,13.899900
1526202592,13.834100,13.890000
1526268129,13.678200,13.699900
1526202594,13.834200,13.890000
1526267942,13.839900,13.988200
1526202598,13.834200,13.889900
1526268136,13.678200,13.699900
1526268137,13.678300,13.699900
1526202603,13.834200,13.880000
1526268140,13.678400,13.699900
1526268141,13.700000,13.729000
1526267944,13.839800,13.958200
1526202614,13.810100,13.890000
1526267945,13.839800,13.957800
1526202616,13.810200,13.890000
1526311636,14.164400,14.256200
1526202618,13.810300,13.890000
1526202619,13.834300,13.890000
1526202620,13.834400,13.890000
1526268158,13.714600,13.729000
1526202624,13.834500,13.890000
1526268164,13.714600,13.729000
1526202632,13.834500,13.889900
1526202633,13.834600,13.880000
1526202636,13.834700,13.880000
1526202638,13.834700,13.900000
1526268175,13.699900,13.729000
1526202641,13.834800,13.900000
1526202642,13.834900,13.900000
1526202643,13.834900,13.899900
1526202644,13.835000,13.899900
1526202646,13.835100,13.899900
1526202649,13.835200,13.890000
1526202651,13.835300,13.890000
1526202652,13.835300,13.889900
1526268189,13.699900,13.728900
1526202654,13.835300,13.880000
1526202657,13.835400,13.880000
1526268194,13.633600,13.728900
1526202659,13.835500,13.880000
1526202660,13.835500,13.900000
1526268198,13.633700,13.728800
1526202663,13.835600,13.900000
1526202664,13.835600,13.899900
1526268201,13.633600,13.728700
1526202666,13.835700,13.890000
1526268203,13.633700,13.728400
1526202671,13.835800,13.890000
1526202672,13.835800,13.906300
1526202673,13.835800,13.900000
1526268210,13.618100,13.630000
1526202675,13.835900,13.900000
1526268213,13.630000,13.728200
1526202678,13.836000,13.900000
1526202679,13.836100,13.900000
1526268216,13.618200,13.727600
1526202681,13.836200,13.900000
1526268219,13.618300,13.727600
1526202686,13.836300,13.920000
1526202687,13.836400,13.920000
1526268225,13.610200,13.727500
1526268226,13.618500,13.727900
1526202692,13.836500,13.920000
1526202693,13.836600,13.920000
1526268231,13.550500,13.727900
1526202697,13.836700,13.920000
1526202698,13.836700,13.930000
1526202699,13.836800,13.930000
1526268236,13.560000,13.727700
1526202701,13.837000,13.929600
1526202702,13.837000,13.920000
1526202703,13.837100,13.920000
1526267960,13.900000,13.956600
1526202706,13.837200,13.920000
1526268243,13.588000,13.727600
1526202709,13.837300,13.920000
1526268246,13.588600,13.727600
1526268247,13.588600,13.727500
1526202712,13.837400,13.920000
1526202713,13.837400,13.950000
1526268250,13.588700,13.727500
1526202715,13.837500,13.950000
1526268253,13.600100,13.727600
1526268254,13.600200,13.727600
1526202719,13.837600,13.940000
1526268256,13.600300,13.727400
1526202721,13.837800,13.939700
1526268258,13.600400,13.727500
1526267963,13.900000,13.956300
1526268260,13.600600,13.727500
1526202725,13.837900,13.939700
1526202726,13.837900,13.930000
1526268263,13.610100,13.727500
1526268265,13.620000,13.727500
1526202730,13.838000,13.930000
1526202731,13.838300,13.929600
1526268268,13.624600,13.728600
1526268270,13.624600,13.728500
1526202735,13.838400,13.929600
1526202736,13.839000,13.929600
1526202737,13.839000,13.920000
1526202740,13.839100,13.920000
1526202741,13.839100,13.939400
1526268278,13.630800,13.728300
1526202743,13.838600,13.930000
1526268280,13.630900,13.728300
1526268281,13.640000,13.728200
1526202746,13.838700,13.930000
1526202747,13.838700,13.940000
1526268284,13.640100,13.728200
1526268285,13.640000,13.728200
1526268286,13.630900,13.728200
1526268287,13.650000,13.728200
1526268288,13.677500,13.728200
1526268289,13.677600,13.729000
1526268290,13.677600,13.728100
1526200744,13.877100,13.960000
1526202758,13.839000,13.940000
1526202759,13.839100,13.940000
1526268296,13.677700,13.728900
1526202761,13.839400,13.939700
1526202764,13.839500,13.939700
1526202765,13.839500,13.930000
1526202766,13.839600,13.930000
1526268304,13.677900,13.728900
1526268306,13.678000,13.728900
1526202772,13.840000,13.930000
1526268311,13.678200,13.728900
1526268312,13.678300,13.728900
1526202777,13.839600,13.930000
1526202778,13.840100,13.930000
1526268315,13.678500,13.728900
1526202780,13.839700,13.940000
1526202781,13.840200,13.940000
1526202785,13.840300,13.940000
1526268322,13.678700,13.728900
1526289819,13.800000,13.884700
1526202788,13.840600,13.939700
1526202789,13.840700,13.939700
1526202791,13.840800,13.939700
1526268328,13.678900,13.728900
1526202794,13.841100,13.930000
1526267975,13.900000,13.950000
1526202797,13.841200,13.930000
1526268334,13.679200,13.728900
1526202801,13.841300,13.930000
1526268339,13.679400,13.728900
1526202804,13.841300,13.940000
1526202806,13.841400,13.940000
1526268343,13.679500,13.729000
1526268344,13.679600,13.729000
1526268346,13.679700,13.729000
1526202811,13.841500,13.940000
1526202813,13.841800,13.939700
1526268350,13.679800,13.729000
1526202816,13.841900,13.939700
1526202817,13.841900,13.930000
1526268355,13.680000,13.729000
1526202820,13.842000,13.930000
1526202822,13.842000,13.940000
1526202823,13.842100,13.940000
1526202825,13.842700,13.939400
1526202826,13.842800,13.939400
1526202828,13.842800,13.930000
1526268365,13.680900,13.729000
1526202831,13.842900,13.930000
1526202832,13.843000,13.930000
1526268371,13.681100,13.729000
1526202836,13.843100,13.930000
1526202838,13.843100,13.950000
1526202839,13.843200,13.950000
1526202840,13.843200,13.949700
1526202841,13.842400,13.949700
1526202842,13.842500,13.949700
1526202843,13.842500,13.940000
1526202845,13.842900,13.939600
1526202847,13.843000,13.939600
1526202849,13.843000,13.930000
1526202851,13.843600,13.930000
1526202853,13.843700,13.930000
1526268393,13.680300,13.729000
1526202859,13.843800,13.930000
1526202861,13.843800,13.940000
1526202862,13.843800,13.960000
1526202863,13.825200,13.959900
1526202864,13.843900,13.959900
1526202865,13.843900,13.950000
1526202867,13.825500,13.949900
1526202869,13.825600,13.949900
1526202870,13.825600,13.940000
1526202871,13.826000,13.939600
1526202872,13.826100,13.939600
1526202873,13.826200,13.939600
1526202874,13.826200,13.930000
1526268411,13.680700,13.728700
1526202876,13.826700,13.929400
1526202878,13.826800,13.929400
1526202880,13.826800,13.920000
1526202881,13.826900,13.920000
1526202882,13.827000,13.919800
1526268419,13.680300,13.728500
1526202885,13.827100,13.919800
1526268424,13.680300,13.728400
1526202889,13.827100,13.910000
1526202891,13.827200,13.910000
1526202894,13.827300,13.950000
1526268431,13.680100,13.728900
1526202896,13.827400,13.950000
1526267992,13.900000,13.948800
1526202899,13.827500,13.949900
1526202902,13.827600,13.949900
1526202903,13.827900,13.940000
1526311684,14.309200,14.389100
1526202906,13.828000,13.940000
1526202907,13.828100,13.940000
1526202909,13.828100,13.939400
1526202910,13.828300,13.939400
1526202913,13.828400,13.939400
1526202915,13.828700,13.930000
1526202916,13.848500,13.930000
1526202920,13.848600,13.930000
1526202925,13.848600,13.940000
1526202926,13.848700,13.940000
1526202927,13.848700,13.939900
1526202929,13.849000,13.939900
1526202930,13.849000,13.939500
1526268467,13.680400,13.728900
1526267998,13.806400,13.900000
1526268470,13.680400,13.728900
1526202935,13.849100,13.930000
1526268472,13.705600,13.729000
1526268473,13.705700,13.729000
1526202938,13.849200,13.930000
1526198861,14.004800,14.060000
1526202942,13.848600,13.930000
1526268479,13.705900,13.729000
1526202944,13.849300,13.930000
1526300768,13.624400,13.690000
1526202947,13.849300,13.929900
1526202948,13.849400,13.929900
1526202949,13.848700,13.920000
1526202951,13.849500,13.920000
1526202953,13.849500,13.939900
1526202954,13.849600,13.930000
1526268002,13.807000,13.899400
1526202958,13.849600,13.929900
1526202959,13.848800,13.920000
1526202960,13.849700,13.920000
1526202962,13.848900,13.920000
1526268499,13.706000,13.729000
1526268500,13.705600,13.729000
1526202966,13.848700,13.920000
1526202967,13.849000,13.920000
1526268504,13.680800,13.729000
1526268004,13.807000,13.899300
1526202971,13.849100,13.920000
1526268508,13.690000,13.729000
1526268510,13.690000,13.728900
1526202976,13.848600,13.920000
1526202977,13.849200,13.920000
1526268514,13.701300,13.729000
1526202979,13.848600,13.920000
1526202980,13.849300,13.920000
1526268006,13.807100,13.899300
1526202982,13.848500,13.920000
1526202983,13.848600,13.920000
1526202984,13.849300,13.920000
1526202985,13.848600,13.920000
1526202986,13.849400,13.920000
1526268524,13.701300,13.729000
1526202989,13.848700,13.920000
1526268526,13.701200,13.729000
1526268527,13.701300,13.729000
1526268008,13.807300,13.899100
1526202994,13.848800,13.939900
1526202995,13.848900,13.939800
1526268532,13.680300,13.729000
1526202997,13.848900,13.930000
1526268534,13.680400,13.729000
1526202999,13.849000,13.930000
1526203000,13.849000,13.929900
1526268539,13.680500,13.729000
1526203004,13.848700,13.920000
1526203005,13.849100,13.920000
1526203009,13.849200,13.920000
1526268547,13.680200,13.728900
1526268548,13.680300,13.728900
1526311702,14.309500,14.388700
1526268550,13.680200,13.728900
1526268551,13.680200,13.729000
1526203016,13.849300,13.920000
1526203019,13.848500,13.920000
1526203020,13.848700,13.920000
1526203021,13.848600,13.920000
1526203022,13.849400,13.920000
1526203025,13.848600,13.920000
1526203026,13.848600,13.919900
1526203027,13.848700,13.919900
1526203028,13.848700,13.910000
1526268567,13.680100,13.729000
1526268568,13.680200,13.729000
1526203033,13.848700,13.909900
1526203040,13.839200,13.900000
1526203041,13.839300,13.900000
1526203043,13.839300,13.899900
1526203045,13.839400,13.890000
1526268017,13.807700,13.898700
1526268584,13.680300,13.729000
1526268586,13.680400,13.729000
1526203051,13.839400,13.900000
1526203052,13.839500,13.900000
1526268589,13.716700,13.729000
1526200754,13.876500,13.960000
1526203058,13.839600,13.899800
1526300787,13.624300,13.670000
1526203061,13.839600,13.899700
1526203062,13.839600,13.890000
1526203063,13.839700,13.890000
1526268020,13.807800,13.898700
1526268602,13.717000,13.729000
1526203067,13.839800,13.890000
1526268606,13.717100,13.729000
1526203072,13.839900,13.890000
1526268609,13.717200,13.729000
1526203078,13.840000,13.890000
1526203080,13.840100,13.890000
1526268023,13.807800,13.898500
1526203084,13.840200,13.890000
1526203085,13.840300,13.890000
1526268624,13.740600,13.811400
1526268024,13.808200,13.898500
1526203092,13.840400,13.890000
1526203093,13.840400,13.910000
1526268630,13.740700,13.811800
1526203095,13.840500,13.909900
1526203097,13.840600,13.909900
1526203098,13.840700,13.909900
1526314233,14.288100,14.397200
1526203100,13.840700,13.900000
1526268637,13.740700,13.811900
1526203103,13.840800,13.899900
1526203104,13.840900,13.899900
1526203105,13.841000,13.899900
1526203106,13.841000,13.890000
1526203107,13.841100,13.890000
1526268644,13.721800,13.811900
1526203111,13.841200,13.890000
1526268648,13.716800,13.811900
1526203113,13.841300,13.890000
1526268651,13.717400,13.811900
1526268652,13.717400,13.811400
1526203118,13.841400,13.890000
1526268656,13.717500,13.811300
1526203125,13.841500,13.890000
1526268663,13.717500,13.811700
1526268664,13.717000,13.811700
1526203129,13.841500,13.910000
1526203130,13.841600,13.910000
1526268031,13.808300,13.898000
1526203132,13.841700,13.910000
1526203133,13.841700,13.909900
1526203134,13.841800,13.909900
1526268671,13.717100,13.787600
1526203137,13.841900,13.900000
1526203138,13.842000,13.900000
1526203143,13.842100,13.900000
1526203144,13.842200,13.900000
1526268681,13.716700,13.787500
1526203147,13.842300,13.900000
1526268684,13.716700,13.812000
1526268685,13.716700,13.747600
1526203150,13.842400,13.900000
1526203154,13.842500,13.900000
1526268035,13.808400,13.897900
1526203156,13.842500,13.899900
1526203158,13.842500,13.890000
1526203159,13.842600,13.890000
1526203161,13.842700,13.890000
1526278959,13.740500,13.790000
1526268705,13.716700,13.747500
1526268713,13.716700,13.747400
1526268714,13.716700,13.747300
1526268715,13.670300,13.747300
1526268716,13.670300,13.747200
1526268717,13.670200,13.747200
1526203183,13.842700,13.889900
1526268721,13.670300,13.706400
1526203186,13.842700,13.880000
1526272773,13.710200,13.757500
1526268725,13.670400,13.706300
1526268726,13.670500,13.706400
1526268728,13.670500,13.706300
1526311732,14.297000,14.388100
1526268731,13.670600,13.706300
1526268734,13.670500,13.706300
1526203199,13.842800,13.880000
1526203201,13.842800,13.879900
1526203202,13.817600,13.830000
1526203203,13.817700,13.870000
1526203204,13.842900,13.870000
1526268744,13.626700,13.706300
1526300812,13.624000,13.679900
1526203210,13.830100,13.870000
1526268747,13.626800,13.665200
1526203212,13.830200,13.869900
1526203213,13.830200,13.869900
1526203214,13.810000,13.820000
1526203215,13.810100,13.860000
1526268754,13.626700,13.635200
1526203219,13.810100,13.859900
1526203220,13.810200,13.859900
1526300814,13.624100,13.679900
1526268759,13.597600,13.635200
1526203224,13.810300,13.859900
1526268761,13.597600,13.635100
1526203226,13.810300,13.850000
1526268047,13.808500,13.867200
1526203229,13.810300,13.849900
1526203230,13.810300,13.840000
1526268768,13.597600,13.603100
1526203233,13.810300,13.839900
1526311739,14.297100,14.387400
1526203237,13.810300,13.830000
1526268775,13.573600,13.603100
1526268776,13.573300,13.603100
1526203241,13.810000,13.830000
1526203242,13.810000,13.850000
1526289895,13.810000,13.882800
1526268780,13.560000,13.590000
1526268781,13.560100,13.590000
1526203248,13.810000,13.860000
1526203249,13.810100,13.860000
1526268786,13.514700,13.589900
1526203251,13.810100,13.859900
1526203253,13.810100,13.850000
1526268791,13.500000,13.507400
1526300820,13.624100,13.670000
1526203265,13.810100,13.860000
1526203267,13.810100,13.859900
1526203268,13.810000,13.859900
1526203269,13.810000,13.850000
1526268807,13.500000,13.507400
1526268810,13.500000,13.507100
1526203275,13.810000,13.868700
1526203277,13.810100,13.868600
1526203281,13.810100,13.860000
1526268819,13.500100,13.507100
1526268821,13.507400,13.633700
1526203286,13.810100,13.859900
1526203287,13.810100,13.859800
1526268824,13.510100,13.633600
1526203289,13.810100,13.859900
1526203290,13.810100,13.850000
1526268827,13.510200,13.633600
1526268829,13.510200,13.633500
1526268830,13.520000,13.633400
1526268831,13.523200,13.633400
1526268832,13.523200,13.633300
1526203297,13.810000,13.860000
1526268834,13.523300,13.633300
1526268835,13.530000,13.633300
1526268837,13.530400,13.632900
1526268839,13.530400,13.632800
1526268840,13.540000,13.632800
1526203305,13.810100,13.860000
1526268842,13.553200,13.632700
1526268844,13.560000,13.632700
1526268846,13.560000,13.632600
1526203312,13.810100,13.859900
1526268849,13.560100,13.632600
1526268851,13.570000,13.632600
1526268852,13.570100,13.632600
1526203317,13.810100,13.850000
1526268856,13.570400,13.632600
1526203323,13.810100,13.870000
1526268860,13.570500,13.632600
1526268861,13.570900,13.671500
1526268862,13.580000,13.671600
1526203327,13.810000,13.869900
1526283689,13.651900,13.751900
1526203330,13.810000,13.860000
1526268867,13.580100,13.671500
1526268868,13.580700,13.671400
1526268869,13.580800,13.671300
1526203334,13.810100,13.860000
1526268872,13.580900,13.671300
1526268873,13.580900,13.671200
1526268874,13.581100,13.671200
1526268876,13.581200,13.671200
1526268879,13.581200,13.671100
1526268880,13.581300,13.671100
1526268882,13.581500,13.671100
1526268884,13.581600,13.671300
1526203353,13.810100,13.859900
1526203354,13.810000,13.859900
1526268891,13.577100,13.672000
1526268892,13.638700,13.672000
1526268894,13.638800,13.672000
1526203359,13.810000,13.850000
1526268897,13.638800,13.669200
1526203363,13.810100,13.850000
1526268900,13.638800,13.669100
1526268070,13.795200,13.798400
1526268905,13.638800,13.669100
1526268909,13.638700,13.669100
1526268910,13.638700,13.638800
1526203378,13.809600,13.810000
1526203379,13.770100,13.800000
1526203380,13.770200,13.849700
1526203381,13.770200,13.790000
1526203382,13.770300,13.790000
1526203383,13.770400,13.790000
1526203388,13.770500,13.830000
1526268074,13.710200,13.729000
1526203390,13.770600,13.830000
1526203391,13.770700,13.830000
1526203393,13.770800,13.840000
1526203394,13.770900,13.840000
1526203397,13.771000,13.840000
1526289921,13.793500,13.854600
1526203400,13.771100,13.840000
1526203402,13.771200,13.840000
1526203403,13.771300,13.840000
1526203406,13.771400,13.840000
1526203409,13.771500,13.840000
1526203412,13.771600,13.840000
1526289924,13.793500,13.854500
1526203419,13.771700,13.840000
1526203423,13.771800,13.840000
1526311771,14.299100,14.388000
1526203428,13.771900,13.840000
1526203429,13.772000,13.840000
1526268081,13.678300,13.728900
1526311772,14.305000,14.388000
1526203436,13.772100,13.840000
1526203438,13.772200,13.840000
1526311773,14.305100,14.388000
1526203440,13.772300,13.840000
1526203441,13.772400,13.840000
1526311774,14.305100,14.388200
1526203448,13.772500,13.840000
1526203452,13.772600,13.840000
1526203460,13.772700,13.840000
1526203461,13.772800,13.840000
1526203466,13.772900,13.840000
1526300855,13.624000,13.659900
1526203468,13.773000,13.840000
1526203470,13.773100,13.840000
1526203473,13.773200,13.840000
1526203475,13.773300,13.840000
1526203476,13.773400,13.840000
1526203478,13.773500,13.840000
1526203480,13.773600,13.840000
1526269017,13.638800,13.655700
1526203484,13.773700,13.840000
1526269022,13.640000,13.670500
1526269023,13.640100,13.670500
1526203488,13.773800,13.840000
1526203490,13.773900,13.840000
1526203491,13.773900,13.860000
1526203493,13.774100,13.860000
1526269031,13.640300,13.671700
1526203496,13.780000,13.860000
1526203499,13.780100,13.860000
1526203501,13.790000,13.860000
1526203502,13.790100,13.880000
1526269041,13.640500,13.671700
1526203506,13.790200,13.880000
1526203508,13.790300,13.880000
1526203510,13.800000,13.880000
1526203511,13.800100,13.910000
1526203512,13.800500,13.909600
1526269049,13.640700,13.671700
1526203514,13.800600,13.909600
1526203515,13.800600,13.900000
1526203516,13.810000,13.900000
1526203517,13.826200,13.900000
1526269056,13.640600,13.671700
1526203521,13.826200,13.910000
1526203522,13.826200,13.910000
1526203525,13.826200,13.910000
1526203527,13.840000,13.940000
1526304939,13.100100,13.145900
1526203529,13.840000,13.939900
1526269066,13.640000,13.671700
1526269067,13.640000,13.671600
1526203532,13.840100,13.939900
1526203533,13.840100,13.930000
1526318612,14.062600,14.120000
1526203536,13.859000,13.930000
1526269075,13.640000,13.671500
1526203542,13.859100,13.930000
1526203544,13.859000,13.930000
1526203545,13.859200,13.930000
1526203546,13.863400,13.930000
1526272785,13.710000,13.757500
1526203550,13.863400,13.929900
1526203551,13.863400,13.930000
1526203554,13.863400,13.950000
1526203556,13.863400,13.947200
1526203557,13.863500,13.947200
1526311793,14.309300,14.388000
1526269096,13.640000,13.671200
1526203561,13.863500,13.940000
1526318613,14.062600,14.119900
1526203568,13.863600,13.940000
1526300872,13.624000,13.649900
1526203572,13.863600,13.939900
1526203577,13.863600,13.989600
1526203578,13.863600,13.930000
1526269115,13.639000,13.671000
1526311797,14.369900,14.387900
1526203585,13.863600,13.950000
1526311798,14.309500,14.369900
1526203590,13.863700,13.950000
1526269128,13.639000,13.671600
1526203598,13.863700,13.949900
1526203599,13.863700,13.950000
1526269139,13.660000,13.671600
1526269140,13.660000,13.671500
1526269144,13.660000,13.671400
1526203610,13.863600,13.950000
1526269149,13.660000,13.675000
1526203619,13.863700,13.960000
1526289958,13.780000,13.853100
1526203623,13.863800,13.960000
1526203624,13.863800,13.959600
1526203625,13.870000,13.959600
1526203627,13.870100,13.959600
1526203630,13.880000,13.950000
1526203632,13.880100,13.950000
1526203636,13.890000,13.980000
1526203638,13.891200,13.980000
1526203641,13.891300,14.010000
1526203642,13.900000,14.010000
1526203643,13.900100,14.010000
1526203644,13.900200,14.009900
1526203647,13.900200,14.000000
1526203649,13.910000,13.999600
1526203653,13.910100,13.999600
1526203656,13.910100,13.990000
1526289964,13.780000,13.853000
1526203661,13.963400,14.000000
1526203663,13.963500,14.000000
1526203673,13.970000,14.000000
1526203674,13.970000,14.020000
1526203676,13.970100,14.019900
1526268122,13.678500,13.699900
1526311813,14.309700,14.369900
1526203680,13.980000,14.030000
1526203682,13.980100,14.030000
1526202298,13.888000,13.939900
1526203685,14.030000,14.080000
1526203686,14.030000,14.100000
1526203687,13.990000,14.099700
1526203688,13.990100,14.099900
1526203691,13.990600,14.099400
1526203692,14.000000,14.090000
1526203694,14.000100,14.090000
1526203695,14.000100,14.100000
1526203696,14.028700,14.100000
1526203697,14.028800,14.100000
1526203698,14.040000,14.111000
1526289971,13.780000,13.852300
1526203703,14.040100,14.111000
1526269242,13.660000,13.674900
1526203708,14.040100,14.140400
1526203709,14.050000,14.140100
1526203710,14.067800,14.140100
1526203712,14.067900,14.140100
1526268128,13.678200,13.699900
1526203715,14.080000,14.140100
1526203717,14.080000,14.140400
1526203720,14.080000,14.200700
1526203721,14.080000,14.190000
1526203723,14.099100,14.189900
1526203725,14.099100,14.189900
1526203729,14.099300,14.180000
1526203731,14.099400,14.180000
1526203733,14.099400,14.180000
1526203737,14.099200,14.180000
1526199577,13.996300,14.071100
1526203739,14.099500,14.180000
1526203740,14.099500,14.200700
1526203741,14.110000,14.192000
1526203745,14.110000,14.239900
1526203746,14.110000,14.230000
1526203748,14.110100,14.229400
1526203749,14.110600,14.229400
1526203751,14.110600,14.220000
1526203754,14.110700,14.220000
1526203755,14.110700,14.219800
1526203757,14.099300,14.219800
1526203758,14.099400,14.210000
1526203761,14.099400,14.209900
1526203763,14.099700,14.209800
1526203764,14.099700,14.200000
1526269301,13.660000,13.671900
1526203767,14.099800,14.200000
1526203769,14.110000,14.199600
1526203770,14.110100,14.199600
1526269309,13.650000,13.671900
1526203775,14.110200,14.190000
1526203777,14.120000,14.190000
1526203778,14.120100,14.190000
1526203779,14.120200,14.190000
1526203781,14.120300,14.190000
1526203783,14.130000,14.220000
1526203784,14.130100,14.220000
1526203786,14.130200,14.220000
1526203789,14.140000,14.220000
1526203790,14.140100,14.220000
1526203791,14.140200,14.220000
1526269328,13.650000,13.671900
1526203794,14.140300,14.220000
1526203795,14.150000,14.220000
1526203798,14.150100,14.220000
1526203800,14.160000,14.227100
1526203801,14.160600,14.227100
1526203803,14.160700,14.227100
1526203805,14.160800,14.227100
1526203806,14.170000,14.254900
1526203807,14.170000,14.254800
1526203809,14.170100,14.254800
1526203811,14.170100,14.254900
1526203812,14.170100,14.240000
1526203813,14.180000,14.240000
1526269354,13.650000,13.675000
1526203819,14.180100,14.280000
1526203822,14.180100,14.279600
1526317964,14.110200,14.129800
1526203824,14.180200,14.279600
1526203825,14.180200,14.270000
1526269362,13.650100,13.656000
1526269365,13.650100,13.662000
1526203830,14.180300,14.270000
1526269368,13.650200,13.662000
1526269370,13.660000,13.662000
1526279071,13.716200,13.789900
1526203836,14.180300,14.269800
1526203837,14.180300,14.260000
1526269377,13.662000,13.665000
1526203843,14.180300,14.259900
1526203844,14.180400,14.259900
1526203845,14.180300,14.280000
1526203847,14.180300,14.249600
1526203849,14.180300,14.240000
1526269387,13.650200,13.665000
1526203854,14.180300,14.289900
1526203855,14.180300,14.280000
1526203857,14.180300,14.279900
1526203858,14.180300,14.279900
1526303347,13.300800,13.369800
1526203860,14.180300,14.270000
1526203864,14.180300,14.269800
1526203866,14.180300,14.260000
1526268154,13.699900,13.729000
1526203870,14.180300,14.259700
1526203872,14.182000,14.250000
1526203874,14.182100,14.250000
1526203877,14.182200,14.250000
1526203880,14.182300,14.250000
1526203883,14.182400,14.270000
1526203884,14.182400,14.270000
1526269422,13.650000,13.655000
1526203890,14.182500,14.260000
1526203898,14.182500,14.270000
1526203903,14.182500,14.280000
1526268160,13.714700,13.729000
1526203906,14.182500,14.279900
1526203908,14.182600,14.279900
1526203909,14.182600,14.270000
1526203912,14.182700,14.270000
1526203914,14.182700,14.269900
1526203916,14.182700,14.260000
1526311853,14.312700,14.389100
1526203920,14.182700,14.280000
1526203921,14.182700,14.270000
1526203926,14.182700,14.289900
1526203928,14.182700,14.289500
1526203930,14.182700,14.289100
1526203932,14.182700,14.280000
1526290010,13.780000,13.850500
1526203940,14.182700,14.279400
1526269477,13.650000,13.662000
1526203944,14.182700,14.270000
1526203945,14.182700,14.270000
1526312079,14.293700,14.488400
1526203949,14.182700,14.290000
1526203953,14.182700,14.289700
1526203955,14.182700,14.280000
1526203956,14.182400,14.280000
1526203958,14.182500,14.279600
1526203960,14.182500,14.270000
1526203962,14.182600,14.270000
1526203963,14.182600,14.270000
1526203965,14.182600,14.290000
1526269503,13.650200,13.662000
1526269507,13.680500,13.689000
1526269509,13.680600,13.689000
1526269510,13.680500,13.689000
1526269511,13.680700,13.694000
1526269512,13.689000,13.694000
1526203977,14.182800,14.289800
1526279095,13.716500,13.789900
1526203980,14.182900,14.280000
1526269518,13.689000,13.726000
1526269519,13.700000,13.726000
1526269521,13.700100,13.726000
1526269523,13.700200,13.726000
1526269524,13.700300,13.726000
1526203990,14.183300,14.279700
1526269527,13.700400,13.726000
1526203992,14.183300,14.270000
1526269531,13.700500,13.726000
1526269534,13.700600,13.726000
1526269537,13.700700,13.726000
1526204003,14.183100,14.290000
1526269540,13.726000,13.792800
1526269541,13.726000,13.792700
1526204009,14.183100,14.289800
1526269546,13.726000,13.792700
1526204011,14.183200,14.289800
1526269549,13.726200,13.792700
1526204014,14.183200,14.280000
1526269551,13.726200,13.792600
1526204017,14.183200,14.279700
1526204018,14.183200,14.280000
1526204019,14.183200,14.290000
1526204020,14.183300,14.290000
1526269557,13.726400,13.809500
1526204022,14.183400,14.290000
1526204023,14.183800,14.289600
1526204024,14.190000,14.289600
1526204027,14.190100,14.289600
1526204028,14.190600,14.289600
1526204029,14.200000,14.280000
1526269566,13.740000,13.811900
1526204032,14.200100,14.280000
1526204033,14.222900,14.280000
1526204037,14.223000,14.280000
1526311873,14.390000,14.489000
1526204040,14.230000,14.280000
1526204041,14.230000,14.290000
1526269579,13.740000,13.811800
1526204044,14.230100,14.290000
1526204045,14.240000,14.290000
1526204047,14.240100,14.290000
1526204049,14.280000,14.290000
1526269587,13.740000,13.811200
1526269590,13.800000,13.811700
1526300953,13.606500,13.620000
1526269593,13.800000,13.810900
1526204059,14.280000,14.300000
1526269598,13.800000,13.810800
1526269601,13.800000,13.810700
1526269602,13.800000,13.810700
1526204069,14.280000,14.290000
1526269606,13.800000,13.810100
1526269607,13.800000,13.810000
1526269609,13.800000,13.810100
1526204075,14.280100,14.290000
1526269612,13.800000,13.810000
1526204079,14.249100,14.290000
1526204080,14.249200,14.290000
1526204081,14.249200,14.290000
1526204083,14.241200,14.290000
1526269620,13.726000,13.810000
1526204085,14.241200,14.290000
1526204088,14.230200,14.290000
1526204091,14.230300,14.290000
1526269629,13.702000,13.810000
1526269630,13.702100,13.810000
1526269631,13.702100,13.811600
1526269632,13.702200,13.811600
1526269633,13.702800,13.811400
1526204099,14.230200,14.290000
1526204100,14.280000,14.290000
1526269637,13.710100,13.811400
1526269638,13.710300,13.811400
1526269640,13.720000,13.811400
1526269641,13.720000,13.811800
1526269642,13.720100,13.811800
1526204108,14.217500,14.290000
1526269646,13.720400,13.811700
1526204111,14.217500,14.220000
1526204112,14.217500,14.290000
1526269649,13.720500,13.811700
1526269650,13.720600,13.811700
1526204115,14.217500,14.220000
1526204116,14.217500,14.289400
1526204117,14.217500,14.280000
1526269658,13.721000,13.811400
1526204123,14.217500,14.279900
1526269661,13.730000,13.811400
1526204126,14.217500,14.279600
1526204128,14.217500,14.270000
1526269665,13.730100,13.811400
1526269666,13.730100,13.811300
1526204133,14.217500,14.269600
1526204134,14.217500,14.260000
1526311889,14.390100,14.487900
1526269672,13.730000,13.811200
1526204139,14.217500,14.259400
1526311890,14.390400,14.487800
1526204144,14.169100,14.250000
1526204146,14.203800,14.250000
1526269683,13.730100,13.811200
1526204150,14.203800,14.260000
1526269688,13.730200,13.812000
1526204153,14.203800,14.259700
1526269690,13.740000,13.811900
1526204156,14.203800,14.250000
1526268202,13.633800,13.728700
1526290048,13.780000,13.848700
1526204162,14.203900,14.250000
1526204167,14.203900,14.280000
1526269704,13.740100,13.811800
1526204171,14.204000,14.280000
1526269708,13.740100,13.811900
1526204173,14.204100,14.280000
1526269711,13.750000,13.811900
1526269713,13.750100,13.811900
1526204178,14.210000,14.280000
1526269715,13.800000,13.811900
1526204183,14.210100,14.280000
1526204186,14.210200,14.280000
1526204191,14.210200,14.279900
1526204193,14.220000,14.270000
1526204196,14.220100,14.270000
1526290054,13.780000,13.848100
1526204199,14.220100,14.279900
1526269737,13.800000,13.853700
1526204202,14.220200,14.279900
1526204203,14.230000,14.279900
1526300978,13.607200,13.620000
1526204207,14.230000,14.270000
1526204208,14.220300,14.270000
1526204209,14.230100,14.270000
1526204210,14.230200,14.270000
1526204213,14.230200,14.280000
1526204214,14.230300,14.280000
1526269751,13.800000,13.853500
1526269752,13.800000,13.877000
1526269753,13.800000,13.853500
1526204218,14.230500,14.280000
1526204219,14.230400,14.280000
1526204220,14.220300,14.280000
1526269757,13.800000,13.853300
1526300981,13.607200,13.611000
1526204225,14.220300,14.280000
1526269763,13.800000,13.853200
1526204229,14.220400,14.280000
1526269766,13.800000,13.853300
1526204233,14.220500,14.279900
1526204234,14.220600,14.279900
1526268215,13.630000,13.727600
1526204237,14.220600,14.270000
1526204238,14.220700,14.270000
1526204241,14.220900,14.270000
1526269778,13.800000,13.876900
1526204244,14.221000,14.270000
1526204245,14.220900,14.270000
1526269782,13.800000,13.851700
1526269783,13.800000,13.851600
1526269785,13.800000,13.851500
1526204250,14.220700,14.280000
1526269787,13.800000,13.851500
1526204252,14.221000,14.280000
1526204253,14.204000,14.280000
1526204255,14.221100,14.280000
1526204263,14.202600,14.280000
1526269800,13.800000,13.851200
1526300988,13.607400,13.611000
1526204267,14.202700,14.280000
1526204268,14.202800,14.280000
1526269805,13.800000,13.851000
1526269806,13.800000,13.850900
1526204271,14.202900,14.280000
1526269808,13.800000,13.850800
1526204274,14.203000,14.280000
1526204275,14.203000,14.279900
1526204276,14.203100,14.279900
1526269813,13.800000,13.820800
1526204278,14.202900,14.279900
1526204279,14.203100,14.270000
1526269819,13.734400,13.790000
1526204284,14.202300,14.270000
1526204285,14.203200,14.270000
1526269825,13.734500,13.790000
1526204290,14.203300,14.270000
1526269828,13.734500,13.820400
1526269829,13.734500,13.820300
1526269830,13.734500,13.820300
1526204296,14.203400,14.270000
1526204297,14.203500,14.280000
1526269835,13.734500,13.820100
1526204300,14.202300,14.202800
1526269838,13.714000,13.820200
1526204303,14.202800,14.280000
1526290073,13.780000,13.847500
1526269849,13.702300,13.820100
1526269851,13.702300,13.820000
1526204321,14.202800,14.279900
1526204322,14.202300,14.279900
1526269860,13.702300,13.819200
1526204327,14.202300,14.270000
1526269864,13.689900,13.819200
1526269865,13.689900,13.819100
1526269867,13.702400,13.819200
1526269868,13.702400,13.819600
1526269870,13.702500,13.819600
1526269873,13.710000,13.819600
1526269874,13.710100,13.819500
1526311923,14.392400,14.486400
1526269876,13.710300,13.819400
1526204341,14.202300,14.250000
1526268233,13.610500,13.727800
1526269880,13.710400,13.819000
1526200797,13.910000,13.980000
1526269884,13.702500,13.819000
1526269885,13.702500,13.818900
1526269886,13.702500,13.785700
1526268235,13.618600,13.727800
1526204356,14.155800,14.240000
1526204357,14.181000,14.240000
1526290081,13.780000,13.847000
1526269900,13.702500,13.785300
1526269901,13.689900,13.785300
1526269902,13.702600,13.785300
1526268237,13.560100,13.727700
1526312093,14.295500,14.487600
1526269905,13.702700,13.785300
1526269907,13.690100,13.785300
1526268238,13.587800,13.727700
1526269911,13.700000,13.785300
1526290084,13.780000,13.846400
1526269914,13.700000,13.785700
1526268239,13.587900,13.727700
1526311930,14.392900,14.486200
1526269920,13.700100,13.785700
1526269921,13.700100,13.785600
1526269925,13.700200,13.785700
1526204390,14.181000,14.239900
1526204396,14.181000,14.230000
1526268242,13.587900,13.727600
1526269938,13.710100,13.785300
1526269941,13.710100,13.808600
1526269942,13.710100,13.808500
1526269945,13.700500,13.808500
1526269946,13.710000,13.808500
1526311935,14.393300,14.486200
1526204412,14.181000,14.250000
1526204413,14.181000,14.240000
1526269951,13.710000,13.817100
1526269953,13.710000,13.816800
1526269954,13.710300,13.816800
1526269955,13.710300,13.816700
1526269956,13.710400,13.816700
1526301014,13.608100,13.611000
1526269958,13.710400,13.816600
1526269960,13.710500,13.816500
1526269965,13.711000,13.816000
1526269967,13.711100,13.816000
1526204436,14.181000,14.239900
1526204437,14.175100,14.239900
1526204438,14.175000,14.230000
1526204439,14.175000,14.239900
1526283726,13.652800,13.752900
1526269977,13.711300,13.816400
1526204442,14.175000,14.249900
1526204443,14.175100,14.249900
1526204444,14.175100,14.239800
1526204445,14.175100,14.239900
1526204446,14.175100,14.239700
1526269983,13.711500,13.817200
1526204448,14.160500,14.239700
1526204449,14.160500,14.230000
1526268251,13.600000,13.727500
1526269988,13.711800,13.817200
1526269989,13.711800,13.817100
1526204454,14.160400,14.230000
1526204455,14.160400,14.240000
1526204458,14.160400,14.239900
1526269995,13.712500,13.817100
1526204460,14.160400,14.239900
1526204461,14.160400,14.249900
1526269998,13.712600,13.816900
1526204466,14.160400,14.240000
1526204467,14.160400,14.239900
1526202718,13.837500,13.949900
1526283727,13.652900,13.753000
1526204471,14.160400,14.230000
1526270009,13.712900,13.817200
1526198619,14.058000,14.069900
1526270011,13.713000,13.817200
1526204476,14.160400,14.229900
1526270013,13.713100,13.817100
1526204479,14.158800,14.229900
1526204481,14.158800,14.220000
1526204483,14.158800,14.219900
1526270021,13.713400,13.817500
1526204486,14.158800,14.210000
1526268257,13.600400,13.727400
1526270024,13.713400,13.816900
1526270025,13.713700,13.816900
1526270027,13.713800,13.816900
1526270031,13.713900,13.816900
1526204496,14.158800,14.209900
1526312635,14.389400,14.439800
1526204498,14.121600,14.200000
1526204499,14.121700,14.200000
1526204502,14.121800,14.200000
1526270039,13.713900,13.817000
1526204504,14.121800,14.199900
1526270044,13.714400,13.816900
1526270045,13.714500,13.816900
1526204511,14.121800,14.189900
1526204515,14.130000,14.189900
1526204516,14.130000,14.180000
1526270053,13.714500,13.816900
1526311953,14.394500,14.485700
1526270056,13.714600,13.816900
1526204521,14.130000,14.209800
1526204523,14.130300,14.199900
1526270061,13.714700,13.817300
1526204527,14.152700,14.199900
1526270064,13.714700,13.817200
1526204529,14.152700,14.189900
1526279187,13.716500,13.790000
1526300589,13.620500,13.710000
1526270069,13.714800,13.817100
1526204535,14.152700,14.229900
1526204536,14.152700,14.189800
1526270074,13.715400,13.817100
1526204539,14.152700,14.229900
1526204540,14.152700,14.229800
1526270078,13.715500,13.816900
1526204545,14.152800,14.219900
1526268267,13.620400,13.727500
1526204550,14.152800,14.220000
1526204551,14.160000,14.210000
1526270090,13.715600,13.786900
1526311959,14.395200,14.486400
1526204556,14.152700,14.260000
1526204557,14.152700,14.259900
1526204558,14.152700,14.259700
1526204559,14.153000,14.259700
1526270097,13.715800,13.786800
1526270098,13.715900,13.786800
1526204563,14.153000,14.250000
1526204564,14.160000,14.249600
1526270101,13.715900,13.786800
1526270102,13.716000,13.786800
1526311961,14.395300,14.486400
1526204569,14.160100,14.249600
1526204570,14.160100,14.240000
1526204571,14.160000,14.240000
1526204572,14.160100,14.240000
1526268272,13.630000,13.728500
1526204579,14.160200,14.260000
1526204580,14.170000,14.259900
1526204581,14.170000,14.259700
1526204583,14.170000,14.259600
1526204585,14.170000,14.250000
1526204587,14.170100,14.250000
1526270126,13.716100,13.786800
1526204591,14.180000,14.250000
1526270128,13.716100,13.786700
1526270129,13.716100,13.786600
1526270130,13.716200,13.786600
1526204597,14.180100,14.259900
1526204601,14.180100,14.250000
1526204602,14.190000,14.250000
1526270139,13.716100,13.786200
1526270140,13.716100,13.786100
1526270142,13.716100,13.784400
1526204607,14.190000,14.270000
1526204608,14.190100,14.200000
1526270145,13.681200,13.704100
1526270146,13.681200,13.721800
1526202742,13.839100,13.930000
1526270152,13.681400,13.721800
1526270154,13.681400,13.720300
1526301047,13.580200,13.599900
1526270157,13.681400,13.720200
1526270158,13.681500,13.720200
1526270161,13.681600,13.720200
1526204626,14.184600,14.200000
1526204627,14.185200,14.200000
1526204628,14.190200,14.200000
1526270165,13.681700,13.720200
1526204631,14.185200,14.200000
1526204632,14.190000,14.200000
1526270170,13.681700,13.720100
1526204635,14.190100,14.200000
1526270173,13.668600,13.680100
1526270179,13.668600,13.680000
1526204644,14.200000,14.280000
1526204646,14.190100,14.280000
1526204647,14.200000,14.289600
1526204648,14.205400,14.280000
1526283733,13.660200,13.752700
1526204653,14.220000,14.280000
1526301053,13.580100,13.589900
1526204658,14.230000,14.280000
1526270195,13.668700,13.680100
1526202750,13.838800,13.940000
1526270201,13.650000,13.680100
1526204666,14.230200,14.280000
1526270205,13.650000,13.708200
1526303374,13.236300,13.314600
1526301056,13.580100,13.589900
1526270210,13.650000,13.711000
1526270212,13.650000,13.708100
1526270213,13.650000,13.711000
1526202753,13.838900,13.940000
1526270216,13.700000,13.707800
1526311980,14.396000,14.486000
1526270222,13.700000,13.710600
1526270225,13.700000,13.710400
1526270233,13.700000,13.710800
1526270239,13.700000,13.746600
1526311984,14.396100,14.485900
1526268294,13.677600,13.728900
1526270248,13.700000,13.746200
1526266277,14.200000,14.280900
1526270251,13.700000,13.746100
1526270253,13.700000,13.745600
1526270257,13.700000,13.745500
1526270259,13.700000,13.745400
1526270267,13.700000,13.745100
1526204732,14.230300,14.280000
1526204734,14.230400,14.280000
1526270271,13.700000,13.745000
1526270272,13.700000,13.744900
1526270273,13.700000,13.744800
1526270274,13.700000,13.744700
1526204739,14.230500,14.280000
1526204741,14.230600,14.280000
1526270278,13.700000,13.744500
1526204745,14.230700,14.280000
1526270283,13.700000,13.744200
1526204749,14.230800,14.280000
1526268301,13.677800,13.728900
1526204753,14.230900,14.280000
1526270290,13.700000,13.743900
1526204758,14.231000,14.280000
1526311993,14.396400,14.485800
1526204762,14.231100,14.280000
1526204764,14.231200,14.280000
1526270301,13.700000,13.743100
1526204767,14.231300,14.280000
1526204768,14.231400,14.280000
1526202768,13.839900,13.930000
1526204771,14.231500,14.280000
1526270309,13.700000,13.743000
1526270310,13.700000,13.743300
1526204775,14.231600,14.280000
1526270313,13.700000,13.742900
1526204779,14.231700,14.280000
1526270316,13.700000,13.742800
1526204782,14.231800,14.280000
1526204786,14.231900,14.280000
1526204788,14.232000,14.280000
1526270325,13.700000,13.742100
1526204790,14.232100,14.280000
1526204792,14.232200,14.280000
1526204793,14.232300,14.280000
1526204795,14.232400,14.280000
1526290154,13.780000,13.844500
1526204799,14.232500,14.280000
1526270337,13.700000,13.741900
1526204802,14.232600,14.280000
1526270339,13.700000,13.741700
1526204806,14.232700,14.280000
1526270344,13.700000,13.741500
1526204809,14.232900,14.280000
1526204811,14.233000,14.280000
1526204812,14.233100,14.280000
1526270350,13.700000,13.740700
1526204818,14.233200,14.289700
1526204821,14.233300,14.289700
1526270359,13.700000,13.740900
1526204824,14.240000,14.289700
1526204825,14.240100,14.289700
1526204826,14.240000,14.289700
1526204827,14.240100,14.289700
1526204829,14.240200,14.289700
1526204830,14.250000,14.289700
1526312005,14.396700,14.485600
1526204836,14.250100,14.289700
1526270373,13.700000,13.746500
1526270375,13.700000,13.746400
1526204841,14.260000,14.289700
1526270379,13.700000,13.746200
1526204844,14.260100,14.289700
1526270381,13.700000,13.746100
1526270382,13.700000,13.745900
1526204847,14.270000,14.289700
1526204849,14.270100,14.289700
1526270388,13.700000,13.745800
1526270389,13.700000,13.745700
1526204855,14.330000,14.409900
1526204857,14.353600,14.409900
1526204858,14.353600,14.400000
1526270395,13.700000,13.745700
1526204860,14.353600,14.399900
1526204861,14.353700,14.399900
1526204863,14.353700,14.390000
1526204866,14.324000,14.390000
1526204867,14.338400,14.389900
1526204869,14.338400,14.380000
1526204871,14.338400,14.449500
1526204873,14.338500,14.449400
1526270410,13.700000,13.746900
1526204875,14.338500,14.440000
1526204878,14.338400,14.440000
1526204879,14.338500,14.440000
1526270416,13.700000,13.745000
1526204881,14.339000,14.439400
1526270418,13.650100,13.700000
1526204883,14.339100,14.439400
1526204885,14.339100,14.439300
1526204886,14.339300,14.439100
1526204887,14.339300,14.430000
1526204889,14.339400,14.429900
1526270427,13.650100,13.699800
1526204893,14.339700,14.429700
1526270430,13.650000,13.699700
1526204895,14.339800,14.429700
1526270432,13.650000,13.699600
1526204898,14.339900,14.420000
1526270436,13.660000,13.699600
1526270437,13.660100,13.699600
1526204902,14.340000,14.420000
1526270439,13.660100,13.699500
1526204904,14.340000,14.440000
1526204905,14.340100,14.440000
1526204906,14.340100,14.439400
1526204907,14.340600,14.439400
1526204908,14.340600,14.430000
1526204911,14.340700,14.430000
1526270448,13.670100,13.699400
1526204913,14.340800,14.430000
1526204914,14.340900,14.430000
1526204916,14.341000,14.430000
1526270453,13.680000,13.699300
1526204918,14.350000,14.440000
1526204921,14.350100,14.440000
1526270458,13.680000,13.699200
1526204923,14.350200,14.440000
1526270460,13.680100,13.699200
1526268330,13.679000,13.728900
1526270463,13.680100,13.699100
1526204928,14.360000,14.440000
1526270465,13.690000,13.699100
1526204931,14.360100,14.440000
1526270469,13.690000,13.699000
1526204934,14.360200,14.440000
1526270472,13.690000,13.698900
1526204937,14.360300,14.440000
1526204938,14.360400,14.440000
1526204941,14.370000,14.440000
1526270478,13.680100,13.698800
1526204943,14.370100,14.440000
1526270482,13.680200,13.698800
1526204947,14.370200,14.440000
1526270484,13.680200,13.698700
1526270485,13.653800,13.698700
1526204950,14.370300,14.440000
1526270487,13.660000,13.698700
1526204953,14.370400,14.440000
1526207364,14.231100,14.310000
1526204956,14.380000,14.440000
1526204957,14.380100,14.440000
1526204958,14.380100,14.439900
1526270496,13.670100,13.698600
1526204961,14.390000,14.439900
1526270498,13.680300,13.698600
1526270499,13.680400,13.698500
1526204964,14.390100,14.439900
1526204965,14.390100,14.450000
1526268337,13.679300,13.728900
1526204968,14.400000,14.450000
1526312028,14.398400,14.485400
1526270508,13.698500,13.783700
1526204973,14.400100,14.450000
1526204974,14.400100,14.478900
1526204976,14.400200,14.478900
1526270514,13.700000,13.783400
1526204979,14.410000,14.470000
1526204982,14.410100,14.469900
1526270519,13.700000,13.783200
1526204984,14.420000,14.469900
1526268340,13.679500,13.728900
1526270522,13.698500,13.783000
1526204987,14.420100,14.469900
1526204989,14.420100,14.478900
1526305567,13.191800,13.279900
1526270529,13.698500,13.782600
1526204995,14.430000,14.478900
1526204997,14.430000,14.478800
1526204998,14.430100,14.479000
1526270535,13.698500,13.781900
1526270538,13.700000,13.781900
1526205003,14.420100,14.479000
1526205005,14.430000,14.479000
1526270542,13.700000,13.781800
1526205008,14.430100,14.479000
1526205011,14.440000,14.479000
1526270548,13.700000,13.781700
1526205013,14.440100,14.479000
1526205014,14.440100,14.478900
1526205018,14.419600,14.478900
1526270555,13.700000,13.781600
1526205022,14.430000,14.478900
1526205023,14.430000,14.479000
1526205027,14.419600,14.470000
1526279270,13.779000,13.790000
1526270566,13.700000,13.781400
1526270569,13.698500,13.781400
1526279271,13.779100,13.790000
1526205038,14.430000,14.470000
1526270575,13.698500,13.781300
1526270579,13.698500,13.781200
1526205044,14.430100,14.470000
1526205049,14.430200,14.470000
1526270587,13.698500,13.780800
1526312042,14.289300,14.489900
1526270590,13.698600,13.780800
1526268352,13.679900,13.729000
1526270594,13.698600,13.780700
1526270595,13.698500,13.780700
1526270599,13.698600,13.780700
1526270600,13.698600,13.780600
1526290199,13.780000,13.843800
1526270604,13.698600,13.780500
1526312045,14.399200,14.489700
1526270608,13.698600,13.780400
1526270612,13.698600,13.780300
1526290294,13.780000,13.842300
1526270614,13.698600,13.780300
1526205079,14.430200,14.469900
1526270617,13.698600,13.780200
1526270619,13.698500,13.780200
1526270621,13.698500,13.780100
1526270622,13.698600,13.780100
1526205087,14.430200,14.459900
1526205088,14.430200,14.450000
1526312048,14.399500,14.489600
1526205090,14.409100,14.430000
1526205091,14.430300,14.450000
1526205092,14.430300,14.449900
1526205093,14.409100,14.449900
1526205094,14.409200,14.449900
1526205095,14.376300,14.449900
1526205097,14.376300,14.440000
1526205098,14.376400,14.440000
1526268359,13.680600,13.729000
1526205101,14.376400,14.439900
1526205103,14.376400,14.430000
1526205104,14.376500,14.430000
1526315648,14.223400,14.328600
1526205106,14.376600,14.430000
1526312051,14.399500,14.489600
1526270644,13.710000,13.779500
1526270647,13.710000,13.779400
1526205113,14.376700,14.430000
1526205115,14.376800,14.430000
1526205116,14.376700,14.430000
1526205117,14.376800,14.430000
1526205118,14.376800,14.448500
1526205119,14.376800,14.440000
1526270656,13.698600,13.779200
1526270657,13.698500,13.779200
1526270658,13.710000,13.779200
1526205125,14.376900,14.440000
1526205126,14.376900,14.460000
1526270663,13.710000,13.779100
1526205128,14.376900,14.459900
1526268364,13.680800,13.729000
1526205130,14.377000,14.459900
1526205131,14.377000,14.450000
1526205132,14.377100,14.450000
1526205133,14.377100,14.449900
1526205136,14.377100,14.440000
1526205137,14.377200,14.440000
1526270674,13.710000,13.778800
1526205143,14.377300,14.440000
1526205144,14.377400,14.440000
1526205148,14.377500,14.440000
1526270687,13.710100,13.778700
1526270689,13.710500,13.778600
1526312059,14.291000,14.489100
1526270692,13.720000,13.778500
1526205157,14.377700,14.440000
1526205158,14.377800,14.440000
1526270697,13.710500,13.778300
1526205162,14.377900,14.440000
1526270700,13.698800,13.778300
1526270701,13.698800,13.778200
1526205166,14.378000,14.440000
1526306483,14.205000,14.250000
1526205168,14.378000,14.440000
1526205169,14.378100,14.440000
1526270708,13.710100,13.778100
1526270711,13.710100,13.778000
1526270712,13.698800,13.778000
1526270713,13.710200,13.778000
1526270715,13.720000,13.777900
1526205181,14.378200,14.450000
1526205182,14.378300,14.450000
1526205183,14.378300,14.449900
1526270720,13.720600,13.777900
1526205186,14.378400,14.449900
1526205187,14.378400,14.440000
1526270724,13.720700,13.777800
1526270725,13.720700,13.777700
1526270726,13.720800,13.777700
1526246529,14.876700,14.971600
1526205192,14.378500,14.439900
1526270729,13.730000,13.777600
1526205194,14.378600,14.439900
1526205195,14.378600,14.440000
1526270732,13.730100,13.777600
1526205197,14.378600,14.439800
1526270734,13.740000,13.777500
1526205199,14.378700,14.430000
1526270736,13.740000,13.777400
1526205201,14.378800,14.430000
1526270739,13.730100,13.777400
1526205204,14.378900,14.430000
1526270741,13.730200,13.777400
1526268377,13.681300,13.729000
1526270744,13.730300,13.777400
1526270745,13.730400,13.777400
1526205210,14.379100,14.430000
1526205211,14.379100,14.449700
1526205213,14.379200,14.449600
1526205216,14.379200,14.449500
1526205217,14.379400,14.440000
1526270754,13.740200,13.777200
1526268379,13.681600,13.729000
1526205221,14.379500,14.440000
1526270760,13.740600,13.777200
1526205225,14.379600,14.440000
1526270762,13.750000,13.777100
1526249144,14.830200,14.936200
1526270764,13.750100,13.777100
1526205229,14.379700,14.440000
1526270766,13.750400,13.777000
1526270767,13.750500,13.777000
1526205232,14.379800,14.440000
1526205233,14.379800,14.450000
1526205236,14.379900,14.450000
1526270773,13.741400,13.777000
1526205238,14.380100,14.470000
1526205239,14.380000,14.470000
1526205242,14.380100,14.470000
1526205243,14.380100,14.469900
1526205244,14.380100,14.460000
1526270782,13.750200,13.776800
1526205247,14.380200,14.460000
1526205250,14.380300,14.470000
1526205252,14.380400,14.470000
1526270789,13.750100,13.776700
1526205255,14.380400,14.469900
1526205256,14.380500,14.469900
1526270793,13.750100,13.776600
1526205258,14.380600,14.460000
1526270795,13.721300,13.776600
1526270796,13.730000,13.776600
1526205261,14.380700,14.460000
1526270798,13.730200,13.776600
1526270800,13.730200,13.776500
1526270801,13.740000,13.776500
1526270802,13.740100,13.776500
1526205267,14.380900,14.470000
1526205269,14.381000,14.469900
1526270806,13.750000,13.776500
1526205272,14.381100,14.469900
1526205274,14.381100,14.479000
1526205275,14.381200,14.460000
1526270812,13.760000,13.776300
1526205277,14.381300,14.460000
1526205278,14.381400,14.460000
1526270816,13.760100,13.776300
1526270817,13.760100,13.776200
1526270818,13.760000,13.776200
1526205283,14.381500,14.470000
1526205287,14.381600,14.470000
1526205289,14.381700,14.469900
1526270826,13.770000,13.776100
1526205291,14.381600,14.469900
1526205292,14.381700,14.469900
1526205294,14.381700,14.460000
1526270832,13.750100,13.776000
1526205297,14.381800,14.459900
1526270835,13.750200,13.775900
1526205300,14.381800,14.450000
1526205301,14.381900,14.450000
1526270838,13.750300,13.775900
1526205303,14.382000,14.450000
1526270841,13.760100,13.775900
1526205307,14.382000,14.449900
1526270844,13.770000,13.775900
1526270846,13.770100,13.775900
1526283755,13.661800,13.769400
1526270851,13.775900,13.803500
1526205316,14.382200,14.440000
1526312086,14.294900,14.488300
1526270855,13.775900,13.847000
1526270856,13.775900,13.846900
1526205322,14.382300,14.440000
1526312087,14.294900,14.488200
1526270860,13.775900,13.890500
1526205326,14.382300,14.439900
1526205327,14.382400,14.439900
1526270864,13.760500,13.880000
1526270865,13.760600,13.880000
1526205330,14.382400,14.430000
1526270867,13.760700,13.880000
1526270869,13.770000,13.880000
1526270870,13.770100,13.879900
1526205335,14.382600,14.429900
1526205337,14.382700,14.420000
1526268399,13.680100,13.728900
1526270876,13.760900,13.870000
1526270877,13.770400,13.869700
1526205343,14.382700,14.419900
1526205344,14.382700,14.420000
1526205345,14.382800,14.420000
1526270885,13.770500,13.869800
1526205350,14.382900,14.420000
1526270889,13.770700,13.869500
1526270890,13.770700,13.869000
1526270891,13.770800,13.869000
1526205356,14.383000,14.420000
1526205358,14.383100,14.420000
1526270895,13.770900,13.857900
1526270897,13.771000,13.857900
1526205362,14.383200,14.420000
1526268403,13.680400,13.728900
1526270901,13.771100,13.857800
1526270902,13.771100,13.857900
1526270903,13.771100,13.857600
1526270905,13.770700,13.857600
1526205370,14.383600,14.439900
1526205372,14.383600,14.430000
1526205373,14.383700,14.430000
1526205375,14.383700,14.429900
1526205376,14.383800,14.430000
1526205378,14.383900,14.429800
1526270915,13.761700,13.857500
1526270917,13.761800,13.857800
1526205383,14.383900,14.420000
1526205384,14.383600,14.420000
1526205386,14.365600,14.420000
1526205387,14.365600,14.420000
1526205388,14.365700,14.380000
1526205389,14.365800,14.420000
1526270926,13.770100,13.857200
1526205391,14.380000,14.420000
1526312099,14.296800,14.487500
1526205397,14.365800,14.380000
1526205398,14.365800,14.420000
1526205399,14.380100,14.420000
1526270936,13.770200,13.857200
1526312100,14.296900,14.487500
1526205402,14.365900,14.420000
1526270939,13.770300,13.857200
1526205404,14.365900,14.420000
1526270941,13.770400,13.857200
1526205407,14.365900,14.419900
1526205408,14.365800,14.419900
1526270945,13.770500,13.857900
1526270946,13.770500,13.857100
1526205411,14.365900,14.410000
1526205412,14.354300,14.360000
1526205413,14.360000,14.409900
1526270950,13.770600,13.857800
1526205415,14.311300,14.350000
1526268412,13.680700,13.728600
1526205418,14.311400,14.350000
1526286408,13.702400,13.750000
1526205420,14.311500,14.400000
1526270957,13.770800,13.857600
1526205422,14.350000,14.400000
1526205423,14.350000,14.399900
1526205424,14.350100,14.399900
1526205427,14.350200,14.390000
1526205429,14.311800,14.340000
1526205430,14.311800,14.390000
1526205431,14.344700,14.390000
1526205432,14.344700,14.389900
1526205433,14.344800,14.389900
1526270970,13.780100,13.857800
1526205435,14.344800,14.380000
1526205437,14.343500,14.379900
1526270974,13.780200,13.857800
1526205440,14.343600,14.370000
1526270977,13.780300,13.857300
1526205442,14.311300,14.340000
1526205443,14.311400,14.370000
1526268417,13.680700,13.728500
1526205448,14.287000,14.370000
1526205449,14.287000,14.369600
1526270986,13.780400,13.857700
1526205454,14.287000,14.360000
1526270994,13.780500,13.857600
1526205459,14.287100,14.360000
1526205460,14.287100,14.370000
1526312110,14.297700,14.411900
1526271001,13.790600,13.857800
1526205467,14.300000,14.370000
1526271004,13.800000,13.857800
1526271005,13.800000,13.895300
1526205470,14.300000,14.370000
1526271007,13.800200,13.895300
1526271008,13.800200,13.895200
1526205473,14.300100,14.390000
1526205478,14.300200,14.390000
1526271015,13.790700,13.895100
1526205480,14.300200,14.389400
1526205482,14.285800,14.389400
1526205483,14.300300,14.389400
1526271021,13.791300,13.895000
1526205486,14.300300,14.380000
1526271023,13.791400,13.894500
1526205489,14.293100,14.380000
1526271026,13.791500,13.894500
1526205491,14.293200,14.380000
1526271028,13.800000,13.894300
1526268425,13.680100,13.728500
1526205496,14.292900,14.380000
1526205497,14.293300,14.380000
1526271034,13.800100,13.894300
1526271035,13.800300,13.894200
1526205500,14.293400,14.380000
1526271037,13.800400,13.894200
1526271038,13.800300,13.894200
1526205503,14.293500,14.390000
1526271040,13.800300,13.894100
1526205505,14.293500,14.389600
1526271042,13.800700,13.894100
1526268427,13.680100,13.728300
1526205509,14.293500,14.380000
1526205510,14.300000,14.380000
1526271047,13.800800,13.893900
1526271049,13.800800,13.893900
1526312119,14.370600,14.452500
1526205516,14.300100,14.380000
1526205517,14.300100,14.370000
1526301197,13.560000,13.584100
1526205520,14.300200,14.370000
1526271057,13.782200,13.899100
1526271058,13.782300,13.899100
1526205523,14.310000,14.370000
1526271060,13.782500,13.899100
1526268430,13.680100,13.729000
1526205527,14.310100,14.370000
1526271065,13.790100,13.899100
1526271066,13.790200,13.899100
1526271068,13.800000,13.899700
1526316183,14.200000,14.270900
1526271073,13.800300,13.899400
1526205538,14.310200,14.370000
1526271079,13.800500,13.899300
1526271081,13.810000,13.899300
1526205546,14.310300,14.370000
1526290279,13.780000,13.842600
1526271087,13.800500,13.899300
1526271088,13.800600,13.899300
1526271090,13.800800,13.899200
1526271091,13.800900,13.899200
1526205556,14.310400,14.370000
1526271095,13.800900,13.899100
1526205560,14.310500,14.370000
1526271097,13.801200,13.899100
1526205562,14.310600,14.370000
1526205564,14.310700,14.370000
1526205565,14.320000,14.370000
1526265023,14.440000,14.479200
1526205568,14.320100,14.370000
1526205570,14.320100,14.380000
1526205571,14.330000,14.380000
1526271108,13.801400,13.899000
1526205574,14.330100,14.380000
1526271111,13.802000,13.899000
1526205576,14.330200,14.380000
1526205577,14.340000,14.380000
1526271114,13.802100,13.899000
1526271115,13.802300,13.899000
1526205580,14.340200,14.380000
1526271120,13.802300,13.898900
1526271122,13.810000,13.898900
1526205587,14.366600,14.380000
1526271127,13.810000,13.898500
1526205593,14.366700,14.380000
1526271136,13.810000,13.898400
1526205601,14.366900,14.380000
1526271140,13.810000,13.898300
1526271141,13.810000,13.898200
1526318681,14.062600,14.109900
1526271143,13.810100,13.898200
1526271146,13.810100,13.898100
1526271147,13.810100,13.898000
1526290290,13.780000,13.842400
1526205614,14.366400,14.380000
1526271151,13.820100,13.898000
1526271152,13.820100,13.897900
1526271154,13.820100,13.897800
1526205620,14.366800,14.380000
1526271157,13.810300,13.897700
1526271158,13.820200,13.897700
1526271159,13.820300,13.897700
1526271160,13.820300,13.897600
1526271162,13.820200,13.897600
1526271163,13.820200,13.897500
1526271164,13.802500,13.897500
1526271165,13.820300,13.897500
1526312135,14.370900,14.451400
1526271167,13.820300,13.897400
1526271169,13.810100,13.897400
1526271170,13.820400,13.897400
1526271172,13.820500,13.897400
1526271173,13.820500,13.899900
1526271174,13.820500,13.897300
1526205639,14.366400,14.470000
1526271178,13.810300,13.897300
1526271179,13.820000,13.897300
1526271182,13.820000,13.897200
1526205648,14.366900,14.469600
1526271185,13.820100,13.897100
1526205651,14.366900,14.469500
1526205652,14.366900,14.460000
1526271189,13.830000,13.897000
1526205655,14.366900,14.459400
1526271193,13.830700,13.897000
1526271194,13.840000,13.897200
1526205659,14.367300,14.459400
1526205663,14.367300,14.459800
1526271200,13.830700,13.897100
1526205665,14.367300,14.459300
1526205666,14.367300,14.450000
1526271204,13.840000,13.897100
1526205669,14.367400,14.449700
1526271206,13.840000,13.897000
1526205671,14.367400,14.440000
1526271210,13.840100,13.896900
1526205676,14.367400,14.430000
1526271215,13.840100,13.896800
1526271216,13.850000,13.896800
1526268456,13.680200,13.728900
1526305590,13.209700,13.289700
1526271220,13.850100,13.896800
1526271223,13.850000,13.896800
1526205688,14.367400,14.450000
1526271227,13.850200,13.896800
1526205692,14.367400,14.449900
1526312149,14.371100,14.450800
1526205697,14.367400,14.440000
1526271236,13.826700,13.896800
1526205701,14.367400,14.439700
1526271239,13.826800,13.960300
1526205704,14.367400,14.430000
1526271241,13.827200,13.960300
1526271242,13.827300,13.960100
1526271243,13.827300,13.935700
1526205708,14.367400,14.439900
1526205709,14.367400,14.430000
1526271247,13.840600,13.935100
1526205712,14.367500,14.430000
1526205714,14.367500,14.440000
1526205715,14.367500,14.445500
1526271252,13.840900,13.935000
1526205718,14.367600,14.445500
1526205720,14.367600,14.440000
1526290308,13.780000,13.842100
1526205722,14.367600,14.439900
1526271260,13.841300,13.934900
1526205726,14.367700,14.439900
1526271264,13.841300,13.934900
1526205729,14.367700,14.430000
1526271266,13.841300,13.935000
1526205731,14.367800,14.430000
1526205732,14.367800,14.429900
1526271269,13.805100,13.934900
1526268465,13.680300,13.728900
1526271272,13.820000,13.934900
1526205737,14.367800,14.420000
1526205738,14.344300,14.420000
1526205739,14.344300,14.419900
1526205740,14.344300,14.367500
1526205742,14.344400,14.367500
1526271279,13.820200,13.902000
1526271280,13.820200,13.901900
1526205746,14.344400,14.360000
1526202931,13.849000,13.930000
1526271285,13.820200,13.901800
1526205750,14.326800,14.360000
1526271287,13.805000,13.902000
1526205752,14.326900,14.360000
1526271290,13.805500,13.902000
1526271291,13.805500,13.901600
1526205757,14.327000,14.360000
1526205759,14.327100,14.360000
1526271296,13.805600,13.901600
1526271299,13.806200,13.901300
1526205766,14.327200,14.360000
1526317960,14.110200,14.125000
1526271304,13.806300,13.901300
1526205769,14.327500,14.360000
1526271306,13.806300,13.901700
1526268471,13.705600,13.728900
1526271308,13.806300,13.901600
1526271309,13.805900,13.901600
1526271310,13.806400,13.901500
1526271311,13.806000,13.901500
1526271312,13.802400,13.901500
1526205777,14.327500,14.360000
1526205778,14.327700,14.360000
1526271316,13.802400,13.901400
1526271317,13.802400,13.901200
1526195629,13.940900,13.969600
1526271320,13.782500,13.901200
1526271321,13.782500,13.901100
1526271322,13.782600,13.901100
1526271323,13.782600,13.900700
1526205789,14.327800,14.360000
1526273191,13.690000,13.780000
1526271328,13.782700,13.869900
1526271329,13.782800,13.869900
1526271330,13.782900,13.869900
1526271331,13.782700,13.869900
1526271335,13.782800,13.869900
1526205802,14.327900,14.360000
1526271341,13.782800,13.869600
1526312242,14.373300,14.447800
1526205809,14.289900,14.360000
1526271346,13.745700,13.869600
1526205811,14.300000,14.360000
1526271349,13.745800,13.869800
1526205814,14.300200,14.360000
1526271351,13.760000,13.869500
1526205817,14.300300,14.360000
1526205819,14.310000,14.360000
1526271356,13.770000,13.869300
1526205821,14.310100,14.360000
1526271360,13.770200,13.869300
1526271361,13.770300,13.869300
1526205826,14.310200,14.360000
1526271363,13.780000,13.869800
1526205828,14.310400,14.360000
1526205829,14.310800,14.409900
1526205831,14.311000,14.409800
1526271368,13.780100,13.869800
1526205833,14.311100,14.409800
1526205834,14.311100,14.400000
1526271371,13.780200,13.870000
1526271373,13.790000,13.870000
1526205838,14.311200,14.400000
1526271375,13.790000,13.869900
1526205841,14.311400,14.400000
1526205843,14.311500,14.410000
1526271380,13.790000,13.870000
1526205845,14.311600,14.410000
1526205846,14.311700,14.410000
1526205847,14.311800,14.410000
1526271384,13.790000,13.869900
1526205849,14.311800,14.420000
1526205850,14.312100,14.420000
1526205851,14.312200,14.419400
1526205852,14.312700,14.419400
1526205853,14.312800,14.419400
1526205854,14.312800,14.410000
1526248857,14.823000,14.926400
1526205857,14.312900,14.410000
1526271394,13.790100,13.869800
1526205859,14.312900,14.409800
1526205860,14.313000,14.409800
1526205863,14.313200,14.409800
1526271400,13.790100,13.869500
1526205865,14.313200,14.400000
1526205866,14.313500,14.400000
1526205868,14.313600,14.400000
1526205869,14.313700,14.400000
1526271406,13.790200,13.869500
1526205872,14.313800,14.400000
1526205873,14.313900,14.400000
1526205874,14.314300,14.400000
1526205876,14.314400,14.400000
1526271413,13.770800,13.869500
1526271414,13.770800,13.869900
1526271415,13.790300,13.869400
1526205880,14.314500,14.400000
1526205881,14.314500,14.410000
1526205882,14.314600,14.409900
1526205883,14.314700,14.409900
1526205884,14.314800,14.409700
1526271422,13.770800,13.869300
1526205887,14.315000,14.400000
1526271426,13.770900,13.869400
1526205891,14.315100,14.399900
1526271429,13.770900,13.869700
1526205894,14.315400,14.399900
1526205895,14.315500,14.399900
1526205896,14.315500,14.390000
1526205898,14.315700,14.390000
1526205899,14.315800,14.390000
1526205902,14.315900,14.390000
1526271439,13.771100,13.869100
1526205906,14.316000,14.390000
1526271443,13.771100,13.869000
1526205908,14.316100,14.389900
1526271445,13.771200,13.868400
1526246649,14.878500,14.999300
1526205914,14.316200,14.390000
1526205915,14.316300,14.390000
1526198667,14.058000,14.070000
1526205917,14.316400,14.389900
1526271454,13.771300,13.839400
1526205919,14.316500,14.389900
1526205921,14.316600,14.389900
1526205922,14.316600,14.380000
1526205924,14.316700,14.380000
1526205925,14.316800,14.380000
1526205926,14.316900,14.380000
1526205928,14.316900,14.379900
1526271466,13.771400,13.839100
1526205931,14.317000,14.379900
1526205932,14.317000,14.370000
1526205933,14.317100,14.370000
1526205936,14.317200,14.369900
1526205938,14.317700,14.369900
1526271477,13.771700,13.838700
1526205943,14.317800,14.369900
1526205944,14.317900,14.360000
1526271482,13.771700,13.838600
1526271484,13.771700,13.838300
1526205949,14.318000,14.360000
1526205952,14.318100,14.360000
1526271489,13.771700,13.838200
1526205956,14.318300,14.360000
1526205958,14.318500,14.360000
1526312193,14.371900,14.449200
1526205960,14.318600,14.360000
1526205961,14.318700,14.360000
1526268503,13.680700,13.729000
1526205964,14.318800,14.360000
1526205968,14.318900,14.360000
1526271507,13.771700,13.838400
1526271509,13.771800,13.838100
1526271511,13.771900,13.838100
1526312196,14.372100,14.449100
1526205978,14.319000,14.360000
1526271515,13.771900,13.837900
1526271517,13.771800,13.837900
1526205983,14.319100,14.360000
1526271520,13.771800,13.837500
1526271521,13.771800,13.837400
1526205986,14.319200,14.360000
1526268507,13.680900,13.729000
1526205988,14.319300,14.360000
1526205989,14.242500,14.320000
1526205990,14.319300,14.360000
1526205991,14.319300,14.320000
1526205992,14.319400,14.359900
1526205993,14.319300,14.350000
1526205994,14.237400,14.310000
1526205995,14.237400,14.350000
1526205996,14.237400,14.349900
1526205997,14.237500,14.290000
1526271536,13.760200,13.836400
1526271537,13.760200,13.836200
1526206003,14.290000,14.330000
1526206006,14.238000,14.329600
1526271543,13.760400,13.836000
1526206009,14.238000,14.320000
1526206011,14.238100,14.320000
1526271548,13.760400,13.835900
1526206014,14.238200,14.320000
1526268512,13.701200,13.728900
1526287042,13.803500,13.886100
1526206019,14.238200,14.330000
1526206020,14.238300,14.330000
1526206022,14.238300,14.329900
1526206023,14.238400,14.329900
1526271560,13.760600,13.835700
1526206025,14.238400,14.320000
1526271562,13.760600,13.835600
1526290359,13.780000,13.841000
1526271564,13.760700,13.835500
1526206029,14.238500,14.320000
1526271566,13.760800,13.835400
1526206031,14.238600,14.320000
1526271569,13.760800,13.835300
1526206034,14.238900,14.320000
1526271571,13.760900,13.835200
1526206036,14.239000,14.320000
1526271574,13.760900,13.808000
1526206039,14.239100,14.320000
1526271576,13.761000,13.807900
1526206043,14.239200,14.320000
1526206044,14.239200,14.350000
1526206045,14.239300,14.350000
1526206046,14.239300,14.329800
1526271583,13.761100,13.807700
1526206048,14.239400,14.350000
1526206049,14.239400,14.340000
1526271587,13.761100,13.807500
1526271588,13.761100,13.807000
1526206053,14.239700,14.339700
1526271590,13.745900,13.752400
1526206055,14.239800,14.339700
1526206056,14.239800,14.330000
1526271594,13.745900,13.760900
1526268519,13.701300,13.729000
1526206061,14.239400,14.330000
1526271598,13.698600,13.777200
1526206063,14.239900,14.330000
1526206064,14.240000,14.330000
1526301288,13.560000,13.629700
1526206067,14.210100,14.329400
1526206068,14.210100,14.320000
1526271605,13.698600,13.745600
1526271606,13.698600,13.745500
1526206071,14.210100,14.319800
1526206072,14.210200,14.319800
1526206073,14.220100,14.310000
1526271613,13.698700,13.741600
1526206078,14.220200,14.310000
1526271615,13.698500,13.757100
1526206080,14.220200,14.309800
1526271617,13.698500,13.757000
1526206084,14.220200,14.300000
1526206086,14.220300,14.300000
1526271623,13.698500,13.756800
1526294705,13.735900,13.795000
1526271626,13.698500,13.756700
1526271629,13.698500,13.753000
1526299057,13.683700,13.750000
1526206098,14.220300,14.299400
1526206101,14.220300,14.299000
1526206102,14.220400,14.290000
1526206106,14.220500,14.290000
1526202991,13.848700,13.940000
1526312218,14.372900,14.448500
1526206115,14.220600,14.290000
1526206119,14.220700,14.299000
1526206122,14.220700,14.320000
1526206123,14.221100,14.319400
1526206124,14.221100,14.319300
1526206125,14.221100,14.310000
1526206126,14.221200,14.310000
1526206131,14.221300,14.309800
1526213918,14.253100,14.290000
1526206134,14.221300,14.309900
1526206135,14.221400,14.309900
1526206138,14.221400,14.300000
1526287029,13.803300,13.886100
1526206140,14.221500,14.300000
1526271679,13.698500,13.752900
1526271681,13.698500,13.752800
1526206146,14.230100,14.309900
1526206147,14.230100,14.309800
1526206148,14.230200,14.309800
1526271686,13.698500,13.752700
1526206151,14.230300,14.309400
1526271688,13.698500,13.752600
1526271690,13.698500,13.752500
1526206156,14.230400,14.300000
1526271693,13.698500,13.752400
1526206158,14.230400,14.309400
1526206159,14.230500,14.309400
1526271696,13.698500,13.752200
1526206161,14.211800,14.221500
1526206162,14.220000,14.221500
1526271699,13.698500,13.752100
1526206164,14.230600,14.309400
1526271701,13.698500,13.752000
1526206166,14.240000,14.309300
1526271704,13.698500,13.751900
1526271705,13.698500,13.751800
1526271709,13.698500,13.751700
1526206176,14.240300,14.309100
1526271713,13.700000,13.751700
1526271714,13.700000,13.751600
1526203003,13.849000,13.920000
1526271716,13.700000,13.751500
1526312230,14.373100,14.448200
1526271718,13.700000,13.751400
1526271719,13.700000,13.751300
1526206185,14.230600,14.309000
1526271723,13.700000,13.751100
1526206189,14.240000,14.309000
1526271726,13.700000,13.751000
1526271727,13.700000,13.750900
1526312232,14.373200,14.448100
1526271731,13.700000,13.750800
1526271733,13.700000,13.750700
1526271735,13.700000,13.750500
1526206200,14.240500,14.308600
1526271737,13.700000,13.750400
1526271738,13.700000,13.750300
1526271740,13.700000,13.750200
1526312234,14.373300,14.448100
1526271742,13.700000,13.750100
1526206207,14.240700,14.308500
1526271744,13.700000,13.750100
1526271746,13.700000,13.750000
1526283671,13.651100,13.752600
1526271748,13.700000,13.750100
1526271749,13.700000,13.749900
1526206214,14.240800,14.349700
1526206215,14.240800,14.331400
1526271752,13.700000,13.739900
1526206218,14.240900,14.331400
1526206219,14.240900,14.331000
1526206220,14.240900,14.320000
1526271757,13.700000,13.730000
1526271759,13.700000,13.729900
1526206225,14.241000,14.319900
1526206226,14.241100,14.319900
1526206228,14.241100,14.331000
1526206229,14.241100,14.319900
1526271766,13.700000,13.729700
1526206232,14.241100,14.339900
1526206233,14.241200,14.330900
1526206234,14.241200,14.330000
1526206236,14.241200,14.329500
1526206237,14.241300,14.329500
1526271775,13.700000,13.729500
1526206240,14.241400,14.320000
1526312240,14.373300,14.447900
1526271779,13.700000,13.729400
1526271780,13.700000,13.729300
1526206245,14.230700,14.319900
1526206248,14.241500,14.319900
1526206249,14.230800,14.319900
1526206250,14.230800,14.319800
1526271787,13.700000,13.729200
1526271788,13.700000,13.729100
1526271789,13.700000,13.729000
1526206255,14.230800,14.309700
1526206256,14.230800,14.300000
1526271796,13.698500,13.729000
1526271798,13.698500,13.729100
1526271799,13.698500,13.728900
1526271802,13.698500,13.729100
1526206267,14.230900,14.300000
1526271807,13.698500,13.728900
1526206274,14.231000,14.300000
1526301323,13.560000,13.609800
1526206277,14.231000,14.320000
1526206278,14.231000,14.319900
1526271815,13.698500,13.710000
1526206282,14.231000,14.310000
1526213943,14.253900,14.290000
1526271822,13.698500,13.709900
1526206287,14.231000,14.332600
1526206289,14.231000,14.320000
1526271827,13.698500,13.709800
1526271828,13.698500,13.700000
1526206293,14.230700,14.320000
1526271830,13.698500,13.699900
1526271835,13.698500,13.699800
1526312250,14.373600,14.447600
1526206302,14.230800,14.319900
1526206307,14.231000,14.310000
1526206308,14.231100,14.310000
1526271847,13.698500,13.699700
1526271851,13.698500,13.699600
1526206316,14.230900,14.310000
1526206318,14.231200,14.310000
1526206319,14.231000,14.310000
1526206320,14.231300,14.310000
1526206322,14.230600,14.310000
1526206323,14.230700,14.310000
1526206326,14.230700,14.320000
1526268513,13.701200,13.729000
1526271864,13.691000,13.699400
1526271865,13.691000,13.698500
1526206330,14.230800,14.320000
1526206331,14.230800,14.319900
1526206333,14.231000,14.319900
1526206334,14.231100,14.319900
1526271871,13.650000,13.680000
1526206337,14.231100,14.310000
1526206341,14.230900,14.310000
1526206345,14.230800,14.310000
1526206347,14.230800,14.309400
1526271884,13.650000,13.679800
1526271885,13.650000,13.679200
1526206350,14.230600,14.309400
1526206355,14.230600,14.330000
1526271893,13.650000,13.669900
1526206358,14.230600,14.329800
1526206359,14.230700,14.329800
1526206360,14.230700,14.329700
1526271897,13.571800,13.669900
1526206362,14.230700,14.320000
1526206366,14.230700,14.319700
1526271903,13.580000,13.669800
1526206368,14.230700,14.310000
1526290416,13.780000,13.840400
1526271906,13.580100,13.669700
1526206371,14.230700,14.309600
1526271909,13.571800,13.660000
1526289648,13.800000,13.896800
1526271911,13.571800,13.659900
1526206378,14.230700,14.300000
1526206379,14.230600,14.300000
1526271916,13.550000,13.649900
1526271919,13.550000,13.640000
1526271920,13.550100,13.640000
1526312264,14.373700,14.447200
1526271922,13.549800,13.639900
1526206388,14.230600,14.330000
1526271925,13.539000,13.639800
1526271926,13.550000,13.639800
1526206391,14.230600,14.329900
1526206392,14.230600,14.329700
1526271929,13.550000,13.639700
1526312266,14.373800,14.447100
1526206398,14.230600,14.329300
1526206399,14.230700,14.320000
1526271938,13.560000,13.639600
1526271939,13.560000,13.639500
1526206405,14.230700,14.319400
1526271943,13.560000,13.639400
1526206411,14.230700,14.310000
1526271949,13.560200,13.639300
1526271951,13.570000,13.639200
1526206419,14.230700,14.309700
1526271956,13.560200,13.639100
1526271957,13.550000,13.639000
1526206424,14.230800,14.300000
1526271966,13.550000,13.638900
1526206431,14.230900,14.340000
1526206433,14.230700,14.340000
1526271971,13.550000,13.638800
1526206437,14.230700,14.339800
1526271975,13.550100,13.638800
1526206441,14.230700,14.339500
1526206442,14.230700,14.330000
1526271980,13.550100,13.638700
1526206445,14.230700,14.329700
1526271982,13.560000,13.638800
1526318709,14.062500,14.090000
1526206448,14.230800,14.320000
1526271985,13.560300,13.638700
1526206451,14.230800,14.319600
1526206453,14.230800,14.310000
1526271991,13.570500,13.638600
1526206457,14.230800,14.309400
1526271996,13.570500,13.638500
1526271997,13.570700,13.638500
1526206462,14.230800,14.300000
1526272001,13.599400,13.638400
1526272003,13.599400,13.638500
1526272006,13.599400,13.638400
1526272007,13.599400,13.669800
1526272008,13.599400,13.638400
1526268588,13.680500,13.729000
1526268518,13.701200,13.729000
1526272014,13.640000,13.669800
1526206480,14.230800,14.346100
1526206481,14.230800,14.340000
1526206482,14.230800,14.339700
1526206483,14.230800,14.339600
1526206484,14.231400,14.339400
1526206486,14.231500,14.330000
1526206487,14.231500,14.329900
1526206489,14.231500,14.330000
1526206490,14.231700,14.329800
1526272029,13.640100,13.669800
1526272030,13.640000,13.669800
1526206495,14.231800,14.329800
1526206497,14.231700,14.320000
1526206498,14.232100,14.320000
1526206500,14.232200,14.320000
1526206502,14.232100,14.320000
1526301361,13.560000,13.609400
1526206504,14.232100,14.319600
1526206505,14.230700,14.319600
1526206506,14.230800,14.319600
1526206507,14.230800,14.319500
1526206509,14.230800,14.310000
1526206511,14.230800,14.309400
1526272049,13.640500,13.669700
1526206514,14.230800,14.300000
1526206516,14.230700,14.300000
1526206518,14.230800,14.300000
1526206519,14.230800,14.319500
1526206520,14.230800,14.310000
1526272058,13.650000,13.669700
1526206523,14.230800,14.309700
1526272060,13.660100,13.669800
1526206525,14.230700,14.300000
1526279431,13.780100,13.797100
1526289907,13.793500,13.854800
1526272066,13.646400,13.669800
1526206534,14.230800,14.300000
1526206536,14.230800,14.320000
1526206537,14.230700,14.320000
1526268599,13.716900,13.729000
1526206540,14.230900,14.320000
1526206542,14.230900,14.319800
1526206543,14.230800,14.319800
1526206545,14.230800,14.310000
1526206547,14.230700,14.310000
1526272085,13.646500,13.669800
1526272087,13.660000,13.669800
1526206552,14.230700,14.300000
1526206553,14.230800,14.300000
1526206556,14.230700,14.300000
1526206557,14.230700,14.330000
1526272096,13.640400,13.669800
1526272097,13.660300,13.669800
1526206562,14.230700,14.329400
1526206568,14.230700,14.320000
1526272108,13.650500,13.669800
1526206573,14.230700,14.310000
1526206575,14.230700,14.309700
1526272113,13.660000,13.669800
1526206579,14.230700,14.300000
1526301374,13.609300,13.633500
1526206582,14.230700,14.299900
1526312297,14.374700,14.446500
1526206585,14.230700,14.290000
1526272122,13.640000,13.669800
1526272123,13.640100,13.669800
1526272125,13.640000,13.669800
1526272127,13.640200,13.669800
1526206593,14.230700,14.289900
1526272131,13.650000,13.669800
1526206596,14.230700,14.280000
1526272133,13.650400,13.669800
1526272137,13.660000,13.669800
1526206602,14.230700,14.279700
1526272139,13.660600,13.669800
1526299074,13.684500,13.760000
1526206609,14.230700,14.289900
1526206610,14.230700,14.270000
1526301379,13.560000,13.633400
1526272148,13.660200,13.669800
1526312302,14.374800,14.446500
1526206615,14.230700,14.299600
1526206616,14.230700,14.269900
1526272153,13.631400,13.669800
1526272154,13.631700,13.669800
1526206620,14.230700,14.289900
1526206623,14.230700,14.269800
1526272160,13.640000,13.669800
1526312304,14.374600,14.446400
1526206628,14.230700,14.280000
1526206629,14.230700,14.279700
1526272167,13.640600,13.669800
1526272170,13.650000,13.669800
1526206635,14.230700,14.270000
1526206638,14.230700,14.269900
1526206641,14.230700,14.260000
1526312307,14.374800,14.446200
1526272181,13.640000,13.669800
1526206646,14.230700,14.280000
1526272183,13.640100,13.669800
1526316572,14.050000,14.100400
1526272185,13.640300,13.669800
1526272186,13.650000,13.669800
1526206651,14.230700,14.279900
1526206655,14.230700,14.270000
1526272197,13.640000,13.669800
1526272199,13.640100,13.669800
1526268620,13.740600,13.811500
1526272202,13.660000,13.669800
1526272208,13.650000,13.669800
1526312312,14.374600,14.446200
1526272213,13.650300,13.669800
1526272216,13.650400,13.669800
1526272220,13.660000,13.669800
1526206687,14.230700,14.300000
1526206689,14.230700,14.299600
1526312315,14.374600,14.445900
1526206693,14.230700,14.290000
1526206700,14.230700,14.289800
1526272238,13.640000,13.669800
1526206707,14.230700,14.280000
1526272245,13.640400,13.669800
1526272247,13.650000,13.669800
1526272251,13.650600,13.669800
1526206716,14.230700,14.279600
1526206718,14.230700,14.270000
1526301397,13.560000,13.609900
1526272256,13.660000,13.669800
1526206730,14.230700,14.290000
1526206732,14.230700,14.289900
1526272269,13.650000,13.669800
1526206734,14.230700,14.290000
1526206737,14.230700,14.289800
1526206738,14.230700,14.290000
1526206739,14.230700,14.289700
1526206740,14.230700,14.280000
1526268633,13.740700,13.812000
1526272284,13.650000,13.669800
1526206749,14.230700,14.279600
1526206751,14.230700,14.270000
1526272288,13.630000,13.669800
1526272290,13.630300,13.669800
1526315399,14.258000,14.399800
1526206761,14.230700,14.290000
1526272298,13.640000,13.669800
1526312327,14.374800,14.445300
1526272302,13.640600,13.669800
1526206767,14.230700,14.289800
1526206773,14.230700,14.280000
1526272310,13.620200,13.669800
1526206778,14.230700,14.300000
1526206781,14.230700,14.299600
1526272320,13.620000,13.669800
1526272323,13.620400,13.669800
1526268641,13.721700,13.811900
1526206793,14.230700,14.289800
1526206794,14.230700,14.280000
1526272331,13.607900,13.669800
1526272333,13.620000,13.669800
1526272334,13.620500,13.669800
1526272335,13.620000,13.669800
1526290488,13.780000,13.839600
1526268643,13.740800,13.811900
1526206805,14.230700,14.300000
1526206806,14.230700,14.320000
1526272343,13.610300,13.669800
1526272344,13.630000,13.669800
1526206812,14.230700,14.319600
1526272349,13.620000,13.669800
1526206816,14.230700,14.310000
1526198697,14.028500,14.040000
1526272355,13.610000,13.669800
1526272356,13.620600,13.669800
1526206823,14.230700,14.309900
1526272360,13.630000,13.669800
1526206826,14.230700,14.300000
1526272365,13.620000,13.669800
1526206833,14.230700,14.299700
1526272370,13.603900,13.669800
1526272371,13.610000,13.669800
1526272372,13.610100,13.669800
1526206838,14.230700,14.290000
1526272376,13.620000,13.669800
1526206843,14.230700,14.300000
1526206845,14.230700,14.299400
1526206848,14.230700,14.290000
1526272386,13.620600,13.669800
1526206851,14.230700,14.289800
1526206854,14.230700,14.280000
1526272393,13.610000,13.669800
1526206858,14.230800,14.280000
1526206859,14.230800,14.279700
1526206863,14.191100,14.279700
1526206864,14.191100,14.270000
1526272402,13.640000,13.669800
1526206868,14.191500,14.270000
1526206869,14.191500,14.280000
1526206870,14.191600,14.280000
1526206875,14.184900,14.290000
1526206876,14.191700,14.290000
1526206879,14.191900,14.289800
1526206880,14.191900,14.280000
1526301424,13.560000,13.610000
1526206882,14.192000,14.280000
1526312347,14.375000,14.444900
1526272420,13.612600,13.669800
1526272422,13.626300,13.669800
1526206888,14.182400,14.280000
1526272425,13.612300,13.669800
1526272426,13.612400,13.669800
1526272428,13.612400,13.669800
1526206893,14.182900,14.279600
1526206894,14.190000,14.270000
1526272431,13.620400,13.669800
1526206897,14.190100,14.270000
1526272435,13.630000,13.669800
1526272436,13.630600,13.669800
1526206901,14.183100,14.270000
1526206902,14.190200,14.270000
1526206904,14.190200,14.290000
1526206906,14.190200,14.289900
1526312351,14.375100,14.444800
1526206908,14.190300,14.289800
1526206909,14.190300,14.289900
1526206910,14.190300,14.280000
1526206911,14.190400,14.280000
1526272451,13.622500,13.669800
1526206920,14.190500,14.280000
1526206923,14.190600,14.280000
1526272463,13.630600,13.669800
1526301432,13.560000,13.633100
1526206931,14.190600,14.300000
1526206934,14.190700,14.299900
1526272471,13.622700,13.669800
1526206936,14.190800,14.290000
1526272475,13.630000,13.669800
1526206941,14.191100,14.289700
1526272478,13.630300,13.669800
1526206943,14.191200,14.289700
1526206946,14.191600,14.289700
1526268667,13.717000,13.787600
1526206949,14.191700,14.280000
1526200977,13.890300,13.960000
1526206955,14.191700,14.290000
1526206956,14.191800,14.290000
1526200884,13.911500,13.950000
1526272496,13.630000,13.669800
1526206963,14.192000,14.290000
1526206964,14.192000,14.289800
1526206966,14.192100,14.289800
1526307815,14.016100,14.099900
1526206968,14.192100,14.280000
1526272505,13.630300,13.669800
1526203135,13.841900,13.909900
1526206972,14.191900,14.280000
1526206973,14.192200,14.290000
1526206974,14.191900,14.290000
1526206975,14.192300,14.290000
1526206977,14.192600,14.289600
1526206980,14.192700,14.280000
1526206983,14.192800,14.280000
1526206984,14.192800,14.290000
1526272521,13.650000,13.669800
1526206987,14.192800,14.289400
1526206988,14.193500,14.289400
1526206990,14.193500,14.280000
1526272527,13.630000,13.669800
1526206992,14.193600,14.280000
1526272530,13.630300,13.669800
1526206995,14.200000,14.280000
1526272532,13.660000,13.669800
1526206997,14.200100,14.280000
1526272536,13.660500,13.669800
1526207001,14.200100,14.300000
1526207003,14.200100,14.300000
1526207004,14.200200,14.300000
1526207005,14.200200,14.299700
1526207006,14.200400,14.290000
1526207010,14.200500,14.290000
1526207011,14.200500,14.290000
1526207013,14.200600,14.290000
1526272550,13.660300,13.669800
1526207015,14.200600,14.314500
1526207016,14.210000,14.300000
1526207019,14.210100,14.300000
1526272556,13.660500,13.669800
1526207021,14.220000,14.328900
1526207022,14.220000,14.328800
1526207023,14.220200,14.328800
1526268680,13.716800,13.787500
1526207026,14.230000,14.328800
1526312371,14.369200,14.444400
1526207028,14.230100,14.328800
1526207029,14.230200,14.328800
1526272566,13.658600,13.669800
1526207031,14.230400,14.328800
1526207032,14.240000,14.328800
1526207033,14.240000,14.341100
1526207034,14.240000,14.328700
1526207035,14.240000,14.341300
1526207036,14.240100,14.341300
1526207037,14.250000,14.329900
1526207038,14.250100,14.329900
1526272575,13.658200,13.669800
1526294724,13.740800,13.795000
1526207045,14.250100,14.341200
1526207048,14.250200,14.341200
1526207049,14.260000,14.341200
1526207050,14.260000,14.341000
1526272587,13.658300,13.669800
1526207052,14.260100,14.341000
1526207053,14.260200,14.341000
1526207055,14.260200,14.330000
1526207056,14.260300,14.330000
1526272593,13.658500,13.669800
1526312377,14.375600,14.444300
1526272600,13.658100,13.669800
1526272605,13.658200,13.669800
1526207075,14.260400,14.330000
1526272612,13.658300,13.669800
1526207081,14.260500,14.330000
1526272619,13.658500,13.669800
1526207084,14.260600,14.330000
1526312381,14.375900,14.444300
1526207088,14.260700,14.330000
1526207091,14.260800,14.330000
1526207095,14.260900,14.330000
1526272633,13.658200,13.669800
1526207099,14.261000,14.330000
1526272638,13.658400,13.669800
1526207104,14.261100,14.330000
1526312384,14.376000,14.444200
1526207106,14.248600,14.330000
1526207107,14.248700,14.330000
1526272644,13.658600,13.669800
1526301462,13.560000,13.619900
1526207110,14.261200,14.330000
1526207114,14.248900,14.330000
1526207115,14.261300,14.330000
1526272653,13.658400,13.669800
1526207118,14.261400,14.330000
1526272655,13.658500,13.669800
1526272656,13.670000,13.691000
1526272657,13.670400,13.691000
1526207122,14.261500,14.329900
1526272659,13.670600,13.698500
1526272660,13.671900,13.698400
1526207125,14.261500,14.329900
1526207127,14.248800,14.320000
1526272664,13.680400,13.698400
1526207129,14.261600,14.320000
1526207130,14.261600,14.320000
1526272667,13.690000,13.757500
1526272670,13.690600,13.757500
1526272671,13.700000,13.757500
1526207136,14.261700,14.320000
1526268540,13.680200,13.729000
1526207140,14.261800,14.320000
1526207143,14.261800,14.330000
1526207147,14.261800,14.329900
1526207149,14.261800,14.320000
1526207151,14.261900,14.320000
1526207153,14.261900,14.341300
1526207154,14.261900,14.330000
1526207155,14.262000,14.330000
1526207158,14.262100,14.330000
1526312393,14.376600,14.444100
1526272698,13.672000,13.757500
1526272700,13.680000,13.757500
1526272701,13.680100,13.757500
1526272702,13.685500,13.757500
1526268541,13.680200,13.728900
1526207168,14.262100,14.329700
1526207169,14.262200,14.329700
1526207172,14.262300,14.320000
1526207173,14.262300,14.319600
1526207174,14.262400,14.319600
1526301473,13.560000,13.609900
1526207176,14.262400,14.319600
1526207177,14.262400,14.310000
1526207178,14.262500,14.310000
1526207179,14.262500,14.309400
1526207183,14.262600,14.309400
1526207184,14.262500,14.309400
1526207185,14.241100,14.309400
1526207186,14.241200,14.329800
1526207187,14.241200,14.320000
1526207188,14.262700,14.320000
1526312398,14.376800,14.444000
1526207190,14.262800,14.320000
1526272727,13.710000,13.757400
1526272729,13.710000,13.757500
1526207194,14.262800,14.330000
1526207196,14.262900,14.329700
1526207199,14.262900,14.320000
1526272736,13.710100,13.757400
1526272737,13.710100,13.757500
1526207202,14.263000,14.320000
1526272742,13.720000,13.757500
1526207207,14.263100,14.319600
1526207208,14.263100,14.310000
1526272746,13.720100,13.757500
1526272747,13.720000,13.757500
1526207214,14.263200,14.341300
1526207216,14.263200,14.330000
1526272753,13.685500,13.757500
1526272754,13.700000,13.757500
1526207219,14.263300,14.330000
1526272758,13.710000,13.757500
1526207224,14.263400,14.330000
1526207225,14.263400,14.329700
1526207226,14.263500,14.329700
1526207229,14.263400,14.329700
1526207231,14.263500,14.329600
1526272769,13.710100,13.757500
1526272771,13.710100,13.757500
1526207236,14.263600,14.320000
1526207237,14.263600,14.319400
1526272774,13.720000,13.757500
1526272775,13.720100,13.757500
1526207241,14.263700,14.319400
1526207245,14.263700,14.341300
1526207246,14.263800,14.341300
1526207249,14.263800,14.330000
1526207251,14.263900,14.330000
1526207252,14.264000,14.330000
1526272790,13.710100,13.757500
1526272791,13.710000,13.757500
1526207256,14.241300,14.330000
1526290564,13.780500,13.839000
1526207258,14.264100,14.330000
1526268719,13.670300,13.746900
1526272797,13.710200,13.757500
1526272799,13.720000,13.757500
1526272805,13.710000,13.757500
1526272807,13.710100,13.757500
1526272810,13.720000,13.757500
1526268722,13.670400,13.706400
1526229264,14.425100,14.532000
1526207282,14.264200,14.330000
1526272820,13.720100,13.757500
1526272822,13.700000,13.757500
1526272824,13.730000,13.757500
1526272829,13.710000,13.757500
1526207295,14.264300,14.330000
1526272833,13.710100,13.757500
1526272839,13.720000,13.757500
1526312418,14.398700,14.487800
1526207310,14.264400,14.330000
1526225037,14.242200,14.356400
1526272849,13.720100,13.757500
1526207315,14.264500,14.330000
1526207318,14.264500,14.329900
1526207321,14.264400,14.320000
1526272858,13.730100,13.757500
1526207325,14.264400,14.319800
1526207326,14.264400,14.310000
1526207328,14.264400,14.309900
1526207330,14.252300,14.309900
1526207331,14.252300,14.300000
1526290577,13.780700,13.839000
1526272880,13.730000,13.757500
1526207347,14.216600,14.300000
1526207348,14.216700,14.300000
1526301502,13.560000,13.599900
1526207350,14.230700,14.300000
1526207351,14.230800,14.300000
1526272892,13.730100,13.757500
1526207357,14.230900,14.300000
1526207358,14.231000,14.300000
1526207362,14.231000,14.310000
1526272899,13.740000,13.757500
1526272900,13.740100,13.757500
1526207366,14.231100,14.319600
1526272903,13.750000,13.757500
1526207370,14.231100,14.310000
1526268738,13.670600,13.706300
1526272910,13.750100,13.757500
1526272911,13.750000,13.757500
1526207377,14.231100,14.309600
1526207380,14.231100,14.300000
1526272918,13.740100,13.757500
1526268740,13.626600,13.665200
1526272922,13.750100,13.757500
1526272923,13.750200,13.757500
1526207388,14.231200,14.310000
1526207390,14.231200,14.309800
1526272929,13.750300,13.757500
1526207394,14.231300,14.309800
1526272931,13.750200,13.757500
1526207396,14.231300,14.300000
1526272935,13.750300,13.757500
1526272936,13.758400,13.797000
1526272938,13.758500,13.797000
1526207403,14.231400,14.300000
1526207404,14.231400,14.330000
1526272942,13.770000,13.797000
1526207408,14.231500,14.329900
1526272946,13.770000,13.797000
1526207411,14.232000,14.329400
1526207412,14.232000,14.320000
1526207415,14.232000,14.319900
1526207418,14.231000,14.310000
1526272956,13.780000,13.797000
1526268746,13.626700,13.665200
1526272958,13.780100,13.797000
1526312437,14.399200,14.487200
1526272961,13.780000,13.797000
1526272963,13.770000,13.797000
1526272964,13.780100,13.797000
1526207429,14.231000,14.309700
1526272967,13.770100,13.797000
1526268748,13.626700,13.665200
1526207435,14.231000,14.300000
1526272973,13.790000,13.797000
1526246904,14.876700,14.988300
1526207443,14.231000,14.310000
1526272980,13.775900,13.797000
1526207445,14.231000,14.290000
1526272983,13.770100,13.797000
1526207450,14.231000,14.320000
1526272987,13.770200,13.797000
1526207452,14.231100,14.320000
1526272989,13.780000,13.797000
1526207454,14.231200,14.320000
1526207455,14.231300,14.320000
1526207458,14.231400,14.320000
1526312443,14.399500,14.487000
1526207461,14.231500,14.320000
1526207464,14.231500,14.319900
1526207465,14.231600,14.319900
1526207467,14.231600,14.319800
1526207468,14.231800,14.310000
1526207471,14.231900,14.310000
1526273008,13.760000,13.797000
1526207473,14.232000,14.310000
1526301523,13.560300,13.619700
1526207476,14.232100,14.310000
1526207478,14.232200,14.310000
1526273015,13.800000,13.822000
1526207480,14.232300,14.320000
1526273017,13.797000,13.822000
1526207484,14.232400,14.320000
1526207487,14.232500,14.320000
1526207489,14.232600,14.320000
1526267216,14.230100,14.383100
1526207491,14.232600,14.319900
1526207492,14.232700,14.319900
1526207493,14.232800,14.319900
1526207495,14.232800,14.310000
1526207497,14.232900,14.310000
1526207498,14.233000,14.310000
1526273035,13.797000,13.838000
1526207500,14.233000,14.309900
1526207501,14.233100,14.309900
1526207502,14.233100,14.310000
1526207506,14.233200,14.320000
1526207508,14.233300,14.320000
1526290606,13.781300,13.839000
1526207511,14.233500,14.320000
1526207513,14.233500,14.319900
1526207514,14.233600,14.319900
1526207516,14.233700,14.319900
1526207517,14.233700,14.310000
1526207520,14.233800,14.310000
1526207522,14.233900,14.320000
1526207523,14.233900,14.319900
1526207526,14.234000,14.300000
1526207528,14.234200,14.300000
1526313177,14.418700,14.449700
1526207532,14.234300,14.310000
1526207534,14.234400,14.310000
1526207535,14.234600,14.310000
1526207536,14.234600,14.309900
1526207537,14.234600,14.290000
1526207538,14.234700,14.290000
1526207539,14.234800,14.290000
1526207540,14.234900,14.290000
1526207542,14.234900,14.310000
1526207543,14.235000,14.310000
1526207547,14.235100,14.310000
1526207548,14.235100,14.309900
1526207550,14.235200,14.309900
1526290613,13.781400,13.839000
1526207552,14.235200,14.300000
1526207553,14.235300,14.300000
1526312459,14.399700,14.486600
1526207557,14.235400,14.300000
1526207558,14.235500,14.300000
1526207560,14.235700,14.300000
1526207561,14.235800,14.320000
1526207563,14.235900,14.320000
1526207565,14.235900,14.319900
1526207566,14.235900,14.310000
1526312461,14.399700,14.486700
1526207568,14.236000,14.310000
1526207569,14.236100,14.310000
1526207572,14.236100,14.309900
1526207573,14.236200,14.309900
1526207575,14.236300,14.309900
1526207577,14.236400,14.309900
1526207579,14.236500,14.309900
1526207581,14.236500,14.300000
1526207582,14.236700,14.300000
1526273119,13.797000,13.837900
1526207587,14.236700,14.320000
1526207588,14.236700,14.319900
1526207589,14.236800,14.299900
1526207591,14.236900,14.299900
1526207592,14.236900,14.290000
1526207593,14.237000,14.290000
1526207595,14.237100,14.290000
1526207597,14.237200,14.290000
1526207599,14.237300,14.290000
1526207601,14.237500,14.290000
1526207605,14.237600,14.290000
1526207606,14.237600,14.310000
1526207607,14.237700,14.310000
1526273144,13.731000,13.829800
1526207609,14.237800,14.310000
1526273146,13.731000,13.829700
1526207611,14.237900,14.309900
1526273148,13.731000,13.820000
1526268778,13.571600,13.590000
1526207614,14.238000,14.310000
1526207617,14.238100,14.310000
1526273154,13.731000,13.810000
1526207619,14.238200,14.310000
1526207620,14.238200,14.309900
1526301290,13.560000,13.620000
1526273158,13.710000,13.809900
1526207624,14.238300,14.309900
1526207625,14.238400,14.300000
1526273162,13.710100,13.809900
1526273163,13.710300,13.809900
1526273164,13.720000,13.809600
1526207630,14.238600,14.300000
1526207633,14.238700,14.300000
1526273170,13.710300,13.799900
1526207636,14.238800,14.300000
1526288197,13.905300,13.940000
1526207639,14.238800,14.299900
1526207640,14.238900,14.299900
1526207643,14.239000,14.299900
1526207644,14.239000,14.290000
1526273182,13.700000,13.789300
1526207647,14.239100,14.290000
1526273184,13.700000,13.789100
1526268784,13.560200,13.590000
1526207650,14.239200,14.300000
1526273187,13.680200,13.788900
1526207652,14.239300,14.300000
1526207653,14.239300,14.299900
1526207654,14.239400,14.299900
1526268785,13.514700,13.540000
1526273192,13.690000,13.779900
1526207657,14.239500,14.290000
1526207660,14.239600,14.290000
1526273197,13.690100,13.779900
1526207662,14.239700,14.290000
1526273200,13.690100,13.788500
1526207665,14.239800,14.290000
1526273202,13.700000,13.788500
1526273203,13.700000,13.797700
1526207668,14.239900,14.290000
1526273205,13.700000,13.788400
1526273206,13.700100,13.788400
1526207671,14.240000,14.290000
1526207672,14.240000,14.289900
1526207674,14.240000,14.290000
1526207675,14.240100,14.290000
1526207676,14.240100,14.289800
1526207678,14.240200,14.289800
1526268789,13.510100,13.589900
1526273216,13.710000,13.788300
1526207681,14.240400,14.280000
1526273218,13.710000,13.788300
1526207684,14.240500,14.279900
1526273221,13.690000,13.788100
1526207686,14.240600,14.279900
1526207687,14.240600,14.270000
1526273224,13.690000,13.809300
1526207690,14.240700,14.270000
1526207691,14.240600,14.269900
1526207692,14.240700,14.269900
1526273229,13.690100,13.800000
1526273230,13.690400,13.799900
1526207695,14.240700,14.260000
1526207697,14.185000,14.230000
1526207698,14.185100,14.259900
1526207699,14.185100,14.240000
1526207700,14.185100,14.230000
1526273237,13.700000,13.790000
1526207702,14.185200,14.230000
