time,price,volume,buy_or_sell,market_or_limit,misc
1526202370.8576,13.820000,9.97406756,s,m,
1526244922.6585,14.894900,0.69684753,s,m,
1526218735.0534,14.051200,1.16579935,s,m,
1526221484.7518,14.150100,310.68845525,s,l,
1526267914.5784,13.884800,5.32900000,s,l,
1526306135.106,13.978200,199.03584962,s,l,
1526202370.8205,13.854400,180.00000000,s,l,
1526205103.6294,14.430000,15.01501502,b,l,
1526200738.4087,13.878200,4.65295211,s,m,
1526382628.7531,14.204800,3.00000000,s,l,
1526396524.9541,13.391200,3.00000000,s,m,
1526414594.5,12.945000,100.00000000,b,m,
1526207718.3801,14.229900,1300.00000000,b,l,
1526366253.7058,14.200000,111.63490941,b,l,
1526311858.5705,14.389100,0.42482855,s,l,
1526349875.2656,13.980000,287.42494770,s,l,
1526172620.8934,13.609200,10.00000000,s,m,
1526200733.4898,13.939000,0.00000332,b,l,
1526268821.0838,13.507100,0.00002241,b,l,
1526399036.2243,13.520000,22.29581858,s,l,
1526186045.4204,13.750000,0.00057183,s,m,
1526399038.2995,13.520000,51.23176043,s,l,
1526188002.7467,13.500000,261.38768203,s,m,
1526202370.8268,13.842700,6.29328976,s,l,
1526210446.9879,14.157900,10.00000000,s,m,
1526253781.7408,14.685200,132.97840000,s,m,
1526155959.2129,13.522700,66.93424052,s,m,
1526195426.3657,13.973100,19.89420000,s,l,
1526371477.8574,14.000100,100.00000000,s,l,
1526309847.281,14.370000,0.00001431,b,l,
1526186074.1306,13.750000,50.00709000,s,l,
1526198662.9779,14.080000,82.76237033,b,l,
1526267998.4507,13.900000,71.94244000,s,l,
1526404555.0596,13.252800,0.00016704,s,m,
1526169697.7344,14.011100,3.90640000,s,l,
1526205115.8483,14.430000,52.15215216,b,m,
1526307418.2798,14.220000,562.16467651,b,m,
1526217975.4845,14.121000,9.85651942,b,m,
1526169712.6113,13.966600,3.92040000,s,l,
1526169715.1593,13.966500,3.92040000,s,l,
1526169716.4559,13.966500,3.91760000,s,l,
1526308757.4229,14.300000,48.82740944,s,l,
1526161428.5155,13.779700,29.20534188,b,m,
1526217866.5785,14.140000,250.00000000,b,l,
1526218884.5132,14.207000,150.56584046,b,m,
1526230156.905,14.671900,111.83260000,s,m,
1526251660.3877,14.952600,29.97000000,b,m,
1526269258.3576,13.660000,4.92600000,s,l,
1526324547.7306,14.145500,206.31447913,b,l,
1526287043.2031,13.886100,5.00000000,b,l,
1526186132.9787,13.750000,4.30430430,b,l,
1526306158.0439,13.978200,46.26730000,b,l,
1526333592.3477,14.242500,19.74097414,s,m,
1526412961.1874,12.779200,0.05173065,s,m,
1526191471.3847,13.729700,159.72374604,b,m,
1526269149.6416,13.671500,0.03382023,b,m,
1526268062.7371,13.690200,210.24497020,s,m,
1526268063.378,13.800100,3.50000000,s,l,
1526366370.9961,14.200000,524.98000000,b,l,
1526366373.1575,14.200000,483.49000000,b,l,
1526268071.4985,13.795200,4.34933890,s,l,
1526399145.3245,13.503000,11.45974535,s,l,
1526317226.5704,14.110000,35.43586000,s,l,
1526268076.9601,13.729000,49.51251251,b,l,
1526245690.5603,15.000000,0.00000117,s,m,
1526366389.3454,14.200000,101.88332861,b,l,
1526366390.7425,14.200000,5.00500501,b,l,
1526303433.9433,13.180000,124.46596597,b,l,
1526366393.4247,14.200000,20.55500000,b,l,
1526366395.5669,14.200000,500.00000000,b,l,
1526232544.0451,14.830200,21.29387400,s,l,
1526335712.3363,13.870000,7.20980000,s,l,
1526366399.0634,14.200000,1115.20125647,b,l,
1526366402.8264,14.230000,9.92817239,s,l,
1526373463.0342,13.855800,6.00000007,s,m,
1526399178.8481,13.503000,5.04499134,s,l,
1526399180.0421,13.501000,50.00000000,s,l,
1526267891.782,14.000000,16.65142143,s,m,
1526200738.3976,13.890000,500.00000000,s,m,
1526235348.3949,14.750000,14.64334200,s,l,
1526244929.8343,14.866100,0.55750801,s,m,
1526366424.148,14.250000,59.13171578,b,l,
1526155984.6334,13.654000,50.00000000,b,m,
1526251748.2656,14.967900,8.32000000,b,l,
1526268133.3484,13.699900,43.37528230,b,l,
1526327374.0236,14.014900,0.00001670,s,m,
1526323491.6772,14.090000,8.81020000,s,m,
1526218197.3808,14.060000,13.35659786,s,l,
1526268139.8994,13.678300,8.24966068,s,m,
1526268141.8555,13.700000,39.64742306,b,l,
1526300911.8045,13.624000,143.10928835,s,l,
1526194216.5269,14.109900,13.05400000,b,m,
1526257022.4967,14.410700,4.16357290,s,m,
1526330451.4319,14.463200,192.23907572,b,m,
1526229717.4631,14.685000,371.00000000,b,m,
1526169859.9412,14.040000,3.50000000,b,m,
1526265605.6003,14.229300,991.32700000,s,l,
1526168006.1722,14.209900,5.96875000,b,l,
1526306730.1885,14.140000,66.16452122,b,l,
1526317329.8796,14.159800,0.00000326,b,l,
1526382877.9511,14.148000,30.00000000,s,l,
1526202654.2577,13.890000,36.95773454,b,l,
1526202656.0242,13.880000,47.43844413,b,l,
1526342257.1394,13.703900,0.95944273,s,l,
1526202658.116,13.880000,0.00979178,b,l,
1526155459.0476,13.694100,10.00000000,s,l,
1526170902.0482,13.960000,119.82971347,s,m,
1526303453.5806,13.180000,6.26902503,b,l,
1526268210.4502,13.633600,57.24782053,s,l,
1526268213.2036,13.630000,5.71728463,b,l,
1526268215.9936,13.618200,0.00004879,s,m,
1526309196.6836,14.291900,0.00001757,b,m,
1526202683.8189,13.900000,30.15355355,b,l,
1526254529.0462,14.600000,1203.85093338,s,m,
1526312795.0964,14.389600,61.92364393,s,l,
1526333759.8323,14.230300,15.00000000,s,m,
1526231839.6591,14.979200,16.00420784,s,l,
1526317377.3598,14.110300,15.00000000,s,m,
1526312844.2337,14.597300,0.00000545,b,m,
1526155460.5927,13.694200,73.02361500,s,l,
1526360368.9436,14.030100,65.49900321,s,m,
1526268231.7236,13.550500,0.02538051,s,l,
1526258572.6038,14.575000,138.00000000,b,l,
1526317387.915,14.160000,7.11211211,b,l,
1526268236.6416,13.618600,12.65750000,s,m,
1526338957.909,13.730600,4.95489317,s,l,
1526251856.3957,14.962500,79.55049000,b,m,
1526217655.5343,14.102500,67.82365849,s,l,
1526335012.2424,14.169000,16.62540000,s,l,
1526308921.7147,14.230100,0.01399103,b,l,
1526170400.8885,14.000000,10.79112852,s,m,
1526306794.6735,14.130000,0.04256190,b,m,
1526253117.6814,14.747700,0.00079049,s,m,
1526169951.5603,14.039900,18.54128825,b,l,
1526169953.4262,14.039900,0.00071175,s,l,
1526169954.5644,14.040000,69.63206762,b,l,
1526169955.784,14.040000,9.25853550,b,l,
1526301028.5454,13.608200,73.48510400,s,l,
1526188002.739,13.500200,41.76281000,s,m,
1526235762.8449,14.889900,127.14293582,b,m,
1526232386.893,14.860000,22.62825342,b,m,
1526186045.4161,13.750000,99.75350160,s,m,
1526301041.572,13.600000,5.18218218,b,l,
1526235506.583,14.874300,3.80000000,b,m,
1526169972.3873,14.042500,36.25473890,s,m,
1526268062.7838,13.578800,87.26473547,s,m,
1526401769.0817,13.410300,595.26251946,s,m,
1526194239.3977,13.973300,63.79290027,s,m,
1526317436.6284,14.160000,0.00010824,b,l,
1526280942.6347,13.830000,3.00000000,b,m,
1526284675.8273,13.789900,10.00000000,b,m,
1526313676.1758,14.500000,49.33000000,s,l,
1526412014.1513,12.650100,6.55677600,s,m,
1526303468.7055,13.249900,1300.00000000,b,m,
1526393059.6436,13.804400,82.65890000,s,l,
1526268301.1458,13.677800,0.00002116,s,m,
1526378372.6316,14.022600,7.13135000,s,l,
1526219152.6061,14.100000,500.00000000,s,l,
1526219153.7717,14.100000,500.00000000,s,l,
1526219155.9006,14.100000,500.00000000,s,l,
1526219157.8771,14.100000,500.00000000,s,l,
1526399384.3509,13.509400,100.00000000,b,m,
1526219161.3145,14.100000,500.00000000,s,l,
1526219162.373,14.100000,500.00000000,s,l,
1526259427.1031,14.690000,0.00001381,b,m,
1526219167.8855,14.100000,500.00000000,s,l,
1526305376.2633,13.231200,145.65060000,s,l,
1526317475.9951,14.214200,105.82879093,b,m,
1526333860.0443,14.290000,21.05219734,b,m,
1526304762.5687,13.066700,218.60007092,s,m,
1526256464.0659,14.480000,15.22377687,s,m,
1526268328.0613,13.728900,9.07437437,b,l,
1526244929.8308,14.866100,310.28417875,s,m,
1526193653.7149,14.087600,40.45136424,s,l,
1526317486.5807,14.160000,103.94000000,s,l,
1526314223.0462,14.287600,0.00004360,s,m,
1526230551.1606,14.908800,0.00000051,s,m,
1526309313.8717,14.220700,79.82395840,s,l,
1526191471.4131,13.759000,21.33525692,b,m,
1526317495.9809,14.160000,69.76000000,s,l,
1526202370.8426,13.820000,0.00151743,s,l,
1526244391.3227,15.020000,1300.00000000,b,l,
1526306207.3255,14.190000,59.90415335,b,m,
1526317500.7653,14.160000,7.49185415,s,l,
1526171831.3439,13.820800,85.23923643,s,m,
1526268351.9861,13.729000,34.63573574,b,l,
1526268362.5905,13.680100,62.86000000,s,m,
1526186443.5734,13.750000,115.90070000,b,l,
1526317516.7354,14.160100,68.09860412,s,l,
1526177703.1366,13.536800,63.17370000,s,l,
1526245801.6245,15.010000,0.00000012,s,m,
1526202370.8294,13.837300,3.61342169,s,l,
1526282681.1471,13.634100,73.34550800,s,l,
1526330788.9056,14.262000,0.00051686,s,m,
1526238055.5806,14.720000,125.00000000,b,m,
1526383070.2926,14.131000,11.00000000,s,l,
1526303326.2867,13.350200,3.53300000,s,l,
1526246029.3956,15.099400,11.63102310,b,l,
1526311675.7119,14.389400,231.30992987,b,l,
1526233035.6709,14.600000,6.00000000,s,l,
1526317541.9573,14.160000,35.24460000,s,l,
1526235622.3383,14.869400,7.14000000,b,l,
1526407602.2468,12.810000,0.06862898,b,l,
1526317553.3133,14.160000,23.98540000,s,l,
1526317561.1934,14.160000,80.35509424,s,l,
1526256795.6574,14.300000,7.08158787,s,m,
1526391248.8101,13.979500,16.73700000,b,l,
1526274600.2961,13.665000,221.00000000,s,l,
1526311680.093,14.309200,88.42691299,s,l,
1526317574.599,14.160000,43.33370000,s,l,
1526409985.1596,12.630000,107.52710000,s,l,
1526404555.0479,13.280000,22.34300000,s,m,
1526200738.4026,13.879600,5.69100000,s,m,
1526407615.4878,12.810000,145.10830832,b,l,
1526366055.7268,14.140000,0.01629743,s,l,
1526396334.5366,13.459900,6.40558800,b,m,
1526155467.9202,13.683000,168.00000000,s,l,
1526344452.4932,14.030000,125.00000000,b,m,
1526316485.4114,14.050100,20.65155046,s,l,
1526333983.1216,14.220000,100.00000000,s,m,
1526268448.4158,13.680100,12.89145255,s,l,
1526408064.0576,12.621300,0.00000002,s,m,
1526268453.1535,13.680100,0.21903520,s,m,
1526301222.821,13.583800,36.44606679,b,l,
1526276583.9938,13.789900,991.84500000,b,m,
1526383145.3895,14.131000,146.00000000,s,l,
1526373463.0406,13.810800,136.58773889,s,m,
1526311687.278,14.389100,382.38080000,b,l,
1526268062.7274,13.690300,168.53214181,s,m,
1526306359.3031,14.160500,247.04110123,b,l,
1526304622.8488,13.000400,37.40335896,s,m,
1526172620.8589,13.623900,5.96358959,s,m,
1526268472.1446,13.729000,50.86170450,b,l,
1526405337.6561,13.200000,0.00000003,s,m,
1526161503.6649,13.780000,14.33517062,b,m,
1526342257.1296,13.750000,7.27272000,s,l,
1526235710.824,14.850000,0.12197127,b,l,
1526383167.965,14.077200,14.07832900,s,l,
1526350400.6301,13.890000,0.02817548,s,m,
1526309196.6764,14.291900,6.88520248,b,m,
1526268483.2748,13.729000,227.51290699,b,l,
1526383172.6732,14.077200,14.07832868,s,l,
1526268485.1849,13.729000,19.91691692,b,l,
1526268486.2193,13.729000,151.68588589,b,l,
1526268487.1677,13.729000,262.89889890,b,l,
1526363106.6609,14.200000,66.00000000,b,m,
1526195295.2584,14.013000,17.95332136,s,m,
1526268491.3554,13.729000,19.52832783,b,l,
1526186577.3682,13.719900,7.94594594,b,l,
1526268498.912,13.729000,30.03003003,b,l,
1526268500.3649,13.729000,99.54968008,b,l,
1526195916.4193,13.931700,14.32299700,s,m,
1526186583.8041,13.710000,109.45445445,b,l,
1526244929.8365,14.866100,0.00100171,s,m,
1526268505.494,13.729000,522.95000000,b,l,
1526268506.3858,13.729000,10.00000000,b,l,
1526312041.9004,14.399000,160.87960000,s,m,
1526166970.2455,14.260400,6.00000000,s,m,
1526268513.6973,13.728900,5.62921592,b,l,
1526268514.0264,13.729000,15.45430000,b,l,
1526385946.1207,13.981700,6.92000000,s,m,
1526268518.2168,13.729000,30.03003003,b,l,
1526366823.9029,14.240000,10.00000000,s,l,
1526370968.0462,14.200000,0.23564595,s,m,
1526407271.5253,13.080000,10.00000000,s,m,
1526303240.0211,13.380000,399.80600149,s,m,
1526268529.0565,13.729000,50.05005005,b,l,
1526235762.8409,14.889500,6.92000000,b,m,
1526317690.609,14.110300,32.90300000,s,l,
1526195065.0682,14.045800,23.68451621,s,m,
1526303510.3075,13.168700,4.55625840,s,l,
1526268551.281,13.729000,132.59786001,b,l,
1526383243.7422,14.030000,5.89000000,s,m,
1526399628.2109,13.400000,105.50366789,s,l,
1526267772.7749,14.010000,0.53444587,s,m,
1526399639.5021,13.400000,80.15450000,s,l,
1526223667.9182,14.357600,7.14000000,s,l,
1526311503.8719,14.209000,0.00400981,b,l,
1526170268.6016,14.049500,250.00000000,b,m,
1526317725.0961,14.110200,114.91360000,s,l,
1526371781.4189,13.876600,13.47983700,b,l,
1526333552.9991,14.356900,10.00000000,b,m,
1526317731.4581,14.110200,4.88280000,s,l,
1526412742.7655,12.721900,43.44800000,b,l,
1526235814.2062,14.869900,92.22000000,b,l,
1526246348.3097,14.903200,20.84340400,s,l,
1526334120.1098,14.231100,5.00000000,s,m,
1526396923.5217,13.500100,0.00001390,s,l,
1526317738.3792,14.110200,52.73090000,s,l,
1526363591.6838,14.084200,0.00775960,s,l,
1526317741.7765,14.110200,52.72380000,s,l,
1526244578.1981,14.960000,125.00000000,b,m,
1526313607.2696,14.617800,101.50120055,b,m,
1526399671.9335,13.400600,7.14000000,s,m,
1526311504.4549,14.209500,5.00000000,s,l,
1526306594.7526,14.270000,335.97860000,b,l,
1526268605.52,13.729000,6.13300000,b,l,
1526301374.4567,13.609300,55.26234060,b,l,
1526186688.025,13.699100,57.28429961,b,l,
1526404555.0358,13.330000,6.00000000,s,m,
1526317765.8095,14.120000,85.62910000,s,l,
1526268616.4601,13.729000,142.59786001,b,l,
1526394976.0326,13.410100,0.55391947,s,m,
1526268618.1349,13.729000,10.00000000,b,l,
1526303239.8987,13.478300,5.00000000,s,m,
1526268620.9888,13.729000,59.02869655,b,l,
1526235853.9798,14.849900,225.00000000,b,m,
1526263495.2443,14.500100,134.67590000,s,m,
1526395723.7549,13.503900,5.61120000,b,m,
1526235862.1935,14.770200,0.00002348,s,m,
1526306256.5896,14.270000,7.00000000,b,m,
1526303527.5216,13.150000,110.00000000,s,l,
1526294220.6685,13.616800,112.00897176,s,l,
1526379156.9313,14.000000,100.00000000,s,l,
1526287146.4333,13.949500,6.92000000,b,m,
1526312798.4503,14.379900,1066.64198619,b,l,
1526311580.165,14.157000,50.21890063,s,m,
1526323491.6851,14.065500,0.23148772,s,m,
1526268062.7755,13.600000,10.00000000,s,m,
1526317832.8712,14.120000,3.10160000,s,l,
1526317834.4765,14.159900,131.41866297,b,m,
1526366987.6561,14.240000,3.13436250,s,l,
1526304960.9474,13.100000,0.07458385,s,m,
1526301455.7306,13.560000,13.90000000,s,l,
1526230905.1644,15.000000,234.49089853,b,m,
1526193665.6618,14.100000,380.00000000,b,m,
1526301461.0476,13.560000,9.12200000,s,l,
1526399768.5023,13.449900,3.00000000,s,l,
1526218884.4819,14.179700,31.40600000,b,m,
1526318864.4874,14.007000,0.00000024,s,m,
1526268702.6414,13.716700,6.11100000,s,l,
1526170400.8839,14.042500,10.00000000,s,m,
1526194348.9024,13.973300,443.68292689,s,m,
1526313690.1601,14.600000,13.67615673,s,l,
1526391250.1307,13.980000,191.43407517,s,l,
1526318363.7531,14.063500,0.00000522,s,m,
1526186795.027,13.670900,19.94813485,s,m,
1526224591.6676,14.379200,9.00000000,b,m,
1526395810.8177,13.370700,180.95050394,s,m,
1526317873.6493,14.120000,39.30873229,s,l,
1526295013.5347,13.745600,16.10172193,s,m,
1526246348.3151,14.902900,20.84382400,s,l,
1526367033.0549,14.240000,230.32927317,s,l,
1526203194.2469,13.880000,15.49952352,b,l,
1526317883.7569,14.110200,3.79626771,s,l,
1526367036.7531,14.240000,22.76734699,s,l,
1526232544.0527,14.829700,19.58113413,s,l,
1526203202.6788,13.842800,3.20230000,s,l,
1526407617.5214,12.810000,500.00000000,b,l,
1526268740.0675,13.670600,48.48100000,s,l,
1526303542.8261,13.149900,90.07607608,b,l,
1526194316.9596,13.973300,10.91417284,s,m,
1526203210.9522,13.830100,0.00099525,s,l,
1526203211.294,13.830100,19.52700000,s,l,
1526203212.267,13.830200,19.52700000,s,l,
1526203214.6264,13.830000,9.76400000,s,l,
1526203215.4266,13.820000,83.82940000,b,l,
1526306599.3189,14.289500,380.00000000,b,m,
1526210446.9771,14.219100,507.47000000,s,m,
1526303545.645,13.120000,79.31422195,b,l,
1526217980.5437,14.035400,34.49110794,s,m,
1526292623.7639,13.752200,0.00001274,b,l,
1526303326.298,13.350000,200.00000000,s,l,
1526197404.0224,13.938400,26.41361362,b,l,
1526310964.6417,14.246600,71.30164312,s,m,
1526236001.907,14.839900,27.98753872,b,l,
1526303547.4747,13.119300,146.89299131,s,l,
1526407625.1982,12.800500,5.00000000,s,l,
1526338788.8699,13.730000,0.00000108,s,m,
1526317927.3498,14.110200,30.00000000,s,l,
1526317928.1311,14.110200,65.12260000,s,l,
1526268780.5907,13.571600,4.42099679,s,l,
1526311741.4112,14.297100,30.14600000,s,l,
1526268236.6533,13.560000,0.00086462,s,m,
1526268785.6394,13.540500,214.50893903,s,l,
1526268786.5274,13.540000,56.53997300,b,l,
1526246206.5287,15.000000,20.00000000,s,l,
1526268791.0247,13.510000,3.00000000,s,l,
1526268793.3009,13.507400,11.59399399,b,l,
1526268794.4534,13.507400,21.01560000,b,l,
1526307899.5964,14.097300,19.98000000,b,l,
1526170494.255,14.000000,72.51620096,s,m,
1526268800.6373,13.507400,70.71621622,b,l,
1526170497.467,13.999900,600.00000000,s,l,
1526399874.0973,13.400000,111.18220000,s,l,
1526268804.6317,13.507400,7.23720000,b,l,
1526268806.9368,13.507400,37.21351351,b,l,
1526268807.4257,13.507400,122.59289289,b,l,
1526317960.1269,14.125000,35.39823000,s,l,
1526268809.5235,13.507400,9.68368369,b,l,
1526267891.8423,13.828900,0.00000002,s,m,
1526403166.8483,13.329200,149.07386500,s,m,
1526303554.7365,13.090300,94.46640000,s,m,
1526268814.2783,13.507100,30.03003003,b,l,
1526289901.4851,13.800000,20.92000000,s,l,
1526333592.3501,14.242500,0.05102586,s,m,
1526287171.8348,13.880100,31.04208193,b,l,
1526268820.1569,13.507100,66.06606607,b,l,
1526268821.4608,13.507400,17.13439542,b,l,
1526404337.8203,13.454000,29.13363999,b,m,
1526409026.895,12.776800,416.36480499,b,m,
1526285212.7804,13.786100,3.00000000,b,l,
1526306056.8686,13.847300,511.96000000,s,m,
1526199792.8831,13.990000,125.00000000,b,m,
1526303558.8375,13.096200,208.49830621,b,l,
1526395529.7083,13.430700,74.45628200,s,m,
1526399914.5124,13.449900,1100.00000000,b,l,
1526303559.1005,13.096200,138.97924826,b,l,
1526367148.6705,14.276100,14.28000000,b,m,
1526228496.7418,14.500000,50.00000000,b,l,
1526412746.7565,12.721900,0.07308689,b,l,
1526268849.7079,13.560200,8.32000000,s,m,
1526170546.9828,13.993700,4.72140000,b,l,
1526268062.5768,13.739900,31.65983722,s,m,
1526219702.0247,14.100000,137.66343863,s,l,
1526194216.5213,14.067700,991.84500000,b,m,
1526318011.5124,14.110200,72.27630000,s,l,
1526340732.3354,13.869900,70.38354600,b,m,
1526350782.1411,13.970000,20.00000000,b,l,
1526268865.1712,13.580000,0.00004012,s,m,
1526157118.8905,13.650000,131.74292600,s,l,
1526257142.631,14.419700,22.94239295,s,m,
1526305363.7919,13.231100,0.04977716,s,m,
1526318028.7047,14.110200,69.00000000,s,m,
1526252502.7785,14.960000,3.82636980,s,l,
1526233070.424,14.570000,0.00011876,s,m,
1526301665.0681,13.609500,330.00000000,b,m,
1526311514.0721,14.236800,17.96711889,b,l,
1526193672.5821,14.051000,26.43004700,s,l,
1526311761.4575,14.388200,1127.49480000,b,l,
1526167485.3047,14.050100,0.00000395,s,m,
1526167236.7195,14.150000,106.58015629,s,m,
1526310964.6447,14.196700,5.00000000,s,m,
1526318066.9987,14.110200,53.38060000,s,l,
1526311763.5205,14.387600,7.14000000,b,l,
1526398671.4826,13.559200,9.56722381,b,m,
1526203383.4343,13.790000,59.92280300,b,l,
1526306059.9697,13.939800,8.32000000,b,l,
1526165849.6811,14.020000,2.32488059,b,l,
1526319957.8729,14.148900,131.41866297,b,l,
1526311515.8968,14.236700,12.77780000,b,l,
1526357410.7386,14.039900,20.00000000,b,m,
1526194348.9152,13.927200,0.86863053,s,m,
1526268945.6713,13.638800,4.93910000,b,l,
1526269507.059,13.675000,134.75879342,b,l,
1526306307.0707,14.200500,31.96844414,b,m,
1526362918.4318,14.030200,26.62000000,s,l,
1526165613.4341,14.119900,3.59890000,b,l,
1526306308.5924,14.239700,9.00000000,b,l,
1526162031.3907,13.800000,147.14662356,b,l,
1526155460.5982,13.694000,72.83710004,s,l,
1526305880.9329,13.617300,70.60829731,s,l,
1526169972.3902,14.042500,0.09401787,s,m,
1526410077.2444,12.601700,56.89470000,s,m,
1526265605.6274,14.220000,0.00000086,s,m,
1526408082.5425,12.621500,79.22988500,s,l,
1526404620.7929,13.270300,0.13538292,s,l,
1526252618.1048,14.960000,156.60143768,s,l,
1526213474.2278,14.290100,27.09534534,s,l,
1526177193.4249,13.542900,33.38078078,b,l,
1526401536.6992,13.448900,58.51523664,b,m,
1526268231.7047,13.618500,8.32000000,s,l,
1526269017.7042,13.638800,2.47590000,b,l,
1526312844.2272,14.597200,0.00002677,b,m,
1526269020.2083,13.655700,147.52692692,b,l,
1526324066.8849,14.065500,29.35161900,s,l,
1526311782.3292,14.369900,16.99068976,b,l,
1526363347.8609,14.200000,162.87144796,b,m,
1526273553.6403,13.680000,0.77688933,s,m,
1526318184.8741,14.110200,42.19256520,s,l,
1526318186.9899,14.110200,42.25270500,s,l,
1526311783.6816,14.369900,555.45936677,b,l,
1526167058.6004,14.299900,204.21574277,b,l,
1526407619.0335,12.810000,3.29270000,b,l,
1526395374.2022,13.400000,5.67615378,s,m,
1526267628.5911,14.150000,0.21807826,s,m,
1526218943.2352,14.180000,40.00000000,b,m,
1526344554.1987,13.941200,0.00019359,s,m,
1526316464.9764,14.101000,4.89956799,s,l,
1526349033.7298,13.864500,15.71760000,s,m,
1526230239.2787,14.750000,0.00001243,b,l,
1526394853.7206,13.580000,0.27158611,s,m,
1526231867.7396,14.979000,25.22627737,s,l,
1526269511.3878,13.689000,198.00000000,b,l,
1526264601.1216,14.469900,3.02802803,b,l,
1526366402.847,14.230000,0.00005691,s,l,
1526219919.1664,14.150000,25.29218250,s,l,
1526219921.9531,14.150000,98.07587360,s,l,
1526219930.8716,14.150000,10.81377540,s,l,
1526186795.0382,13.670900,0.00000035,s,m,
1526401905.2728,13.550000,326.56500000,b,l,
1526258572.6066,14.575000,168.00000000,b,l,
1526159105.2373,13.640700,54.42681094,s,m,
1526318257.4512,14.110200,10.00000000,s,l,
1526362804.3835,14.050000,4.82612100,s,l,
1526217655.5408,14.102500,0.00045611,s,l,
1526399178.8546,13.503000,0.00500866,s,l,
1526164341.2533,13.920000,94.72884538,s,l,
1526294361.1022,13.640400,1151.33724256,s,l,
1526304429.8573,13.180000,100.00000000,s,l,
1526214335.117,14.261900,70.11688400,s,l,
1526270838.9501,13.775900,15.25487827,b,l,
1526321530.3213,14.188900,90.08032052,b,l,
1526273569.1013,13.680100,500.00000000,b,l,
1526399180.0349,13.503000,153.40930164,s,l,
1526236362.6542,14.909300,66.00000000,b,m,
1526334669.5652,14.181000,0.00058355,s,m,
1526273571.9001,13.680100,0.00003291,b,l,
1526318295.4399,14.110200,9.94414738,s,l,
1526318299.5493,14.110200,7.72740000,s,l,
1526269149.6491,13.672000,166.00000000,b,m,
1526314534.2781,14.304100,3.00000000,s,m,
1526405718.1507,13.000000,100.00000000,s,l,
1526388263.8087,14.009700,3.00000000,b,l,
1526401048.5367,13.380100,0.01133917,s,m,
1526352765.9243,13.840000,36.12716000,b,l,
1526332800.7392,14.378400,74.00000000,b,m,
1526362918.437,14.030100,0.13617380,s,l,
1526367478.439,14.243000,1300.00000000,b,l,
1526269176.1053,13.675000,3.50000000,b,m,
1526267878.8964,14.010000,499.85418786,s,m,
1526259009.0513,14.705000,45.00000000,b,m,
1526318335.726,14.110200,5.55974054,s,l,
1526197379.7545,13.977000,308.28578693,s,l,
1526318337.7034,14.110200,60.05578943,s,l,
1526253117.6714,14.775800,10.00000000,s,m,
1526183099.8112,13.940000,225.66600000,b,m,
1526187966.1477,13.528400,0.00040981,s,m,
1526236432.0945,14.839700,9.00000000,b,m,
1526366424.1519,14.250000,0.09428422,b,l,
1526168006.1805,14.218200,55.64695000,b,l,
1526270851.3439,13.775900,0.00000754,b,l,
1526301972.4515,13.600000,53.94580020,s,l,
1526170902.0421,14.050900,51.68806980,b,m,
1526267879.7229,14.010000,683.77761475,s,l,
1526303527.4956,13.150200,8.27300000,s,l,
1526228236.2194,14.385400,227.58550090,b,l,
1526318363.751,14.063500,0.00201227,s,m,
1526236444.3661,14.800000,4.65375000,s,l,
1526351135.6787,13.979600,19.76400000,b,m,
1526367522.2944,14.170100,5.00000000,s,m,
1526203685.9805,14.030000,14.42470000,b,l,
1526288611.4061,13.853100,72.18600800,s,l,
1526395810.8206,13.370600,148.05093929,s,m,
1526186045.4223,13.750000,0.00000137,s,m,
1526394936.2855,13.500000,27.75105081,s,l,
1526203695.4717,14.099400,14.28000000,b,l,
1526215910.5582,14.220000,24.00000000,s,m,
1526269242.285,13.660000,7.69300000,s,l,
1526203707.9918,14.140400,386.01767000,b,m,
1526367551.9922,14.220000,125.00000000,b,l,
1526269248.342,13.660000,143.18711011,s,l,
1526269249.9291,13.660000,143.17566874,s,l,
1526367555.6256,14.244600,8.35890000,s,l,
1526252868.8895,14.953300,3.00000000,b,l,
1526269253.9133,13.660000,5.04700000,s,l,
1526203720.6873,14.200800,755.15567000,b,m,
1526156172.8077,13.674700,9.00000000,b,m,
1526220106.3446,14.192900,27.48000000,b,m,
1526306359.3001,14.160000,402.40330000,b,l,
1526187349.6461,13.670000,99.46097027,s,m,
1526187350.5668,13.650000,10.00000000,s,l,
1526251748.275,14.968000,2.48636424,b,l,
1526244422.5246,14.940900,0.00000107,s,m,
1526297326.0814,13.870000,125.00000000,b,l,
1526187358.3783,13.639300,5.42900000,s,l,
1526268133.3409,13.699900,1.61873205,b,l,
1526187362.9922,13.619300,32.90200000,s,l,
1526236515.6544,14.780000,20.00000000,s,l,
1526187365.1587,13.600000,314.91149814,s,l,
1526245698.0933,15.000000,0.00064110,s,m,
1526187369.666,13.630000,32.93493493,b,l,
1526351210.7427,13.970000,3.00000000,s,l,
1526236523.9679,14.778400,44.28000000,s,l,
1526239806.7616,14.670000,125.00000000,b,m,
1526236525.8018,14.770000,16.99390656,s,l,
1526381648.1675,14.299000,0.17422247,b,m,
1526253781.7566,14.639500,300.59572923,s,m,
1526367604.7981,14.200000,79.55826502,s,l,
1526187381.5225,13.580500,10.00000000,s,l,
1526245514.0976,14.980000,125.00000000,b,l,
1526267682.2299,14.150000,327.78812030,s,l,
1526244423.38,14.940900,0.00009159,s,l,
1526311838.8657,14.389000,189.00000000,b,l,
1526269314.0447,13.650000,10.21400000,s,l,
1526268139.9077,13.678300,0.00000014,s,m,
1526187398.5838,13.568400,36.91500000,s,l,
1526304728.0304,13.062200,23.03390178,b,l,
1526311528.1942,14.236500,81.75550749,b,l,
1526187402.5409,13.550000,33.43700000,b,l,
1526187404.3215,13.550000,91.56300000,b,l,
1526269326.063,13.650000,5.55400000,s,l,
1526268141.8504,13.699900,94.11015109,b,l,
1526409730.3646,12.600000,60.00000000,s,m,
1526187412.4407,13.537200,52.93100000,s,m,
1526236566.5208,14.770000,76.00000000,b,m,
1526205989.8945,14.252300,497.80000000,s,m,
1526316294.0676,14.160400,10.00000000,s,l,
1526312366.314,14.369100,31.87891804,s,l,
1526259952.9042,14.620100,38.23490242,s,l,
1526198514.1661,14.059700,7.11252000,b,m,
1526171048.9761,13.950000,48.82971347,s,l,
1526236585.5968,14.713000,0.00479087,s,m,
1526306375.7888,14.107100,8.31026890,s,l,
1526325714.4829,14.150000,40.16831802,s,l,
1526259955.8439,14.620100,13.80959499,s,l,
1526269365.3743,13.662000,3.68908909,b,l,
1526216326.8245,14.271800,8.32000000,s,m,
1526306378.2692,14.081500,136.60630000,b,l,
1526220224.0739,14.192800,24.04500000,b,m,
1526269377.5505,13.662000,209.31091091,b,l,
1526187458.0005,13.559500,150.90890000,s,l,
1526220227.9442,14.193000,50.00000000,b,m,
1526240061.7061,14.620000,25.00000000,s,l,
1526315349.0816,14.300000,186.54397902,s,m,
1526202654.2547,13.890000,125.00000000,b,l,
1526269385.2305,13.665000,142.59786001,b,l,
1526292981.9879,13.602700,115.61222609,s,l,
1526344610.5856,14.000000,124.51984286,b,m,
1526203854.0343,14.269900,19.98000000,b,l,
1526268215.9917,13.618200,0.03490200,s,m,
1526311843.7908,14.421900,4.98819829,b,l,
1526302165.2812,13.605000,99.90063715,s,l,
1526302167.4484,13.605000,12.30204785,s,l,
1526311844.0561,14.421900,0.20916985,b,l,
1526244578.2052,14.969900,23.76810810,b,m,
1526220255.1723,14.192900,24.04500000,b,l,
1526306384.3192,14.081500,35.67814850,b,l,
1526318564.3225,14.062600,68.23858902,s,m,
1526197158.306,14.000000,10.00000000,b,l,
1526292982.0145,13.560100,86.27364805,s,l,
1526204018.2553,14.280000,88.09709709,b,l,
1526266212.4048,14.220000,94.84717540,s,l,
1526185938.1895,13.800000,25.51029300,s,l,
1526311848.414,14.422000,4.75807146,b,l,
1526184024.8617,13.820900,148.05470000,s,m,
1526269429.1587,13.655000,9.00900901,b,l,
1526253048.087,14.939300,174.00000000,b,l,
1526355540.4836,14.050000,76.60414409,s,l,
1526256795.6649,14.300000,0.00000012,s,m,
1526240854.0632,14.629900,68.35316714,s,l,
1526401092.1406,13.467100,480.19000000,b,l,
1526155903.9294,13.545400,0.45176759,s,l,
1526380819.6144,14.258000,177.00000000,b,l,
1526311852.32,14.422000,19.34057522,b,l,
1526170902.0393,13.993000,10.00000000,b,m,
1526307784.7494,14.097400,5.29290004,b,m,
1526311853.821,14.389100,60.33182449,b,l,
1526267891.8004,13.834900,363.61748212,s,m,
1526334998.4413,14.200000,25.00000000,s,l,
1526355545.6117,14.050000,500.00000000,s,l,
1526405522.3017,13.134000,4.54545454,s,l,
1526409730.3752,12.600000,0.00026830,s,m,
1526269469.9053,13.650000,50.00000000,s,m,
1526162883.7723,13.790000,13.98830000,b,l,
1526335009.0328,14.181000,141.00000000,s,l,
1526245797.0104,15.010000,0.00000022,s,m,
1526335012.6088,14.169000,127.41960000,s,l,
1526302245.4199,13.600000,0.00068500,s,l,
1526176561.6074,13.634800,0.75111555,s,m,
1526302247.4565,13.600000,471.05351480,s,l,
1526253096.5055,14.860000,7.00000000,s,l,
1526312231.8296,14.448100,0.01507130,b,l,
1526232386.9246,14.949000,94.02047282,b,m,
1526311858.5756,14.389100,0.00000170,s,l,
1526244429.8005,14.940900,13.50966572,s,m,
1526187567.9957,13.560000,110.00000000,s,l,
1526187568.0092,13.553800,89.68306141,s,l,
1526259976.2914,14.620500,6.92000000,s,l,
1526203960.3759,14.280000,38.55647318,b,l,
1526210826.3828,14.229700,9.00000000,b,l,
1526346301.2084,13.860000,0.00000041,s,l,
1526335041.9615,14.141000,0.19920240,s,m,
1526269507.0421,13.662000,215.00000000,b,l,
1526221750.0374,14.180000,0.03879801,s,m,
1526269511.4023,13.694000,109.00000000,b,l,
1526335048.1488,14.141000,47.15432570,s,l,
1526335049.2427,14.130000,114.33613487,s,l,
1526226714.7625,14.400000,10.01001001,b,l,
1526392625.8959,13.883600,0.00013737,s,m,
1526187598.9884,13.550000,3.00300300,b,l,
1526318674.9871,14.062600,200.00000000,s,m,
1526306403.3598,14.120000,13.00000000,b,l,
1526258615.2297,14.610000,63.00000000,b,l,
1526306404.901,14.120000,6.04859154,b,l,
1526312844.2319,14.597300,0.00908893,b,m,
1526269377.5536,13.662000,213.00000000,b,l,
1526335070.0613,14.119000,167.00000000,s,l,
1526341904.4116,13.799500,0.00000144,b,l,
1526271709.2785,13.698500,0.00024041,s,l,
1526317329.8648,14.159800,5.09804915,b,l,
1526322444.7711,14.150000,0.38804000,s,l,
1526194239.3771,14.000000,20.00000000,s,m,
1526367855.7029,14.200000,5.00000000,s,m,
1526335089.973,14.113000,107.99470000,s,l,
1526204018.2506,14.279700,9.00000000,b,l,
1526237295.2901,14.707300,45.51400000,s,l,
1526303678.3274,13.237900,94.37205774,b,m,
1526355561.7182,14.050000,23.39585591,s,l,
1526312844.2297,14.597300,15.15730562,b,m,
1526384252.3921,14.060000,40.00000000,b,m,
1526167507.6568,14.077600,7.29200000,s,l,
1526367871.0312,14.200000,94.70520000,s,l,
1526259162.8808,14.710000,250.00000000,b,l,
1526306039.2247,13.909900,8.00000000,b,l,
1526384259.1651,14.030000,10.00000000,s,l,
1526254529.0572,14.600000,4.98703380,s,m,
1526396524.9496,13.400000,81.54303731,s,m,
1526395008.1897,13.410000,0.56181896,s,l,
1526190166.9647,13.731200,97.71469233,s,l,
1526400652.2526,13.520000,30.00000000,b,m,
1526395810.7982,13.411100,174.82200000,s,m,
1526306413.718,14.120000,16.36216846,b,l,
1526267346.1024,14.207400,4.22315132,s,l,
1526171831.3706,13.813500,0.14724993,s,m,
1526253117.6563,14.830000,21.03843560,s,m,
1526171286.7975,13.930000,200.00000000,s,l,
1526231339.2519,15.000000,0.36234971,s,l,
1526318746.2531,14.050200,9.99000000,s,l,
1526407011.6503,13.070000,115.00000000,s,l,
1526380824.5131,14.289900,16.26471900,b,l,
1526217440.6351,14.230300,22.13863700,s,l,
1526368015.3348,14.200000,0.00000053,s,l,
1526412106.0317,12.600500,5.86800000,s,l,
1526269609.6662,13.800000,3.79889730,s,l,
1526311858.5578,14.422100,160.62190000,s,l,
1526204076.1087,14.290000,13.60860861,b,l,
1526302381.4082,13.570000,100.00000000,s,m,
1526204079.931,14.290000,97.09709710,b,l,
1526205384.7583,14.383900,3.89670782,s,l,
1526367922.1279,14.200000,122.09478300,s,l,
1526202654.2371,13.889900,1293.27030363,b,l,
1526336457.1333,13.920100,430.36661340,s,l,
1526303554.7883,13.007300,19.80299266,s,m,
1526232544.0368,14.830600,21.29330000,s,l,
1526395889.4892,13.391200,0.00000037,s,l,
1526207718.3982,14.320000,350.00000000,b,l,
1526220483.1461,14.207100,3.07057046,b,l,
1526302406.3374,13.560000,26.97800000,s,m,
1526244391.3134,15.000000,0.03397340,b,l,
1526176561.5979,13.661600,494.29000000,s,m,
1526205388.6452,14.380000,40.04004004,b,l,
1526245760.4271,14.918700,350.73536795,s,m,
1526204108.4817,14.280000,7.00000000,s,l,
1526268194.0288,13.641400,143.15350000,s,m,
1526167485.3008,14.050100,0.99722460,s,m,
1526239019.3483,14.680000,350.00000000,b,l,
1526286036.4717,13.750000,3.68000000,b,l,
1526353002.4255,13.802600,2.76178000,s,l,
1526314223.0436,14.287600,0.01681246,s,m,
1526318815.0957,14.020100,51.74963339,s,l,
1526308331.548,14.052900,71.15968900,s,l,
1526205393.7929,14.420000,6.57823162,b,m,
1526265468.192,14.340000,9.46546547,s,l,
1526318828.07,14.093500,131.41866297,b,m,
1526246354.8806,14.900100,39.09600000,s,l,
1526394731.344,13.750000,10.00000000,s,l,
1526400758.617,13.479800,75.00000000,b,l,
1526412381.5122,12.575800,6.38526700,s,l,
1526312041.9456,14.289300,0.09171361,s,m,
1526412928.4916,12.913400,10.00000000,b,m,
1526386283.8364,14.097700,54.00000000,b,m,
1526368015.3232,14.200000,2296.12167416,s,l,
1526318864.4803,14.007000,30.08698251,s,m,
1526194216.5382,14.151700,528.16740200,b,m,
1526309511.8213,14.220100,0.00000634,s,m,
1526307022.7878,14.148000,170.12748640,b,l,
1526331012.5701,14.313200,477.66000000,s,m,
1526176307.6634,13.600000,74.91883162,b,l,
1526302492.533,13.550000,2.97801475,s,l,
1526269727.936,13.800000,0.00287080,s,m,
1526343730.7237,14.020000,0.00000014,b,m,
1526394824.5958,13.580000,9.65869768,s,m,
1526187813.4669,13.520300,3.68853500,s,m,
1526395008.1821,13.421000,40.00000000,s,l,
1526317606.5293,14.160000,11.69730589,s,l,
1526269737.1998,13.812000,168.00000000,b,m,
1526210866.6943,14.240000,250.00000000,b,l,
1526269743.9967,13.800000,7.67042190,s,l,
1526400896.4821,13.300000,100.00000000,s,l,
1526389402.052,13.887000,708.34260630,s,m,
1526236982.1572,14.710900,0.00012074,s,m,
1526394731.3887,13.700000,0.00000025,s,l,
1526300135.935,13.735300,146.84617737,b,m,
1526268213.2068,13.630000,0.00456484,b,l,
1526363106.6408,14.170500,3.00000000,b,m,
1526210870.5812,14.250000,470.00000000,s,l,
1526311580.1503,14.209100,4.99640439,s,m,
1526268215.9855,13.630000,0.00015053,s,m,
1526269773.3316,13.800000,7.12200000,s,l,
1526269778.4657,13.800000,43.38856800,s,l,
1526400851.6786,13.459800,3.00000000,b,l,
1526400854.128,13.430600,4.46741024,s,l,
1526171484.0715,13.900000,89.27061871,s,l,
1526304622.8573,13.000100,15.30142000,s,m,
1526186299.5488,13.750000,140.00000000,b,m,
1526368100.9835,14.200000,32.44750000,s,l,
1526368101.374,14.200000,61.71590000,s,l,
1526165613.4369,14.120000,125.00000000,b,l,
1526307899.6006,14.097400,98.18972412,b,l,
1526205415.3134,14.354200,10.00000000,s,l,
1526335343.6467,14.040000,28.80000000,s,m,
1526405927.4704,12.985500,0.00001157,b,l,
1526400888.3092,13.400000,169.97347015,s,l,
1526269817.7693,13.800000,18.77720400,s,l,
1526269819.5282,13.800000,134.78512319,s,l,
1526351740.6205,13.850000,16.00000000,s,l,
1526221802.0556,14.250000,15.17300000,b,l,
1526289056.4445,13.908700,6.92000000,b,m,
1526318976.0859,14.000000,0.01810573,s,m,
1526400897.142,13.291300,514.86000000,b,l,
1526241167.7526,14.595000,14.28000000,s,l,
1526237066.5653,14.703600,21.66205064,s,l,
1526237068.2036,14.700000,14.13810000,b,l,
1526237070.112,14.700000,500.00000000,b,l,
1526237071.6226,14.700000,132.53850000,b,l,
1526237072.0961,14.700000,500.00000000,b,l,
1526335392.9173,14.040000,20.45940000,s,l,
1526237074.2583,14.700000,500.00000000,b,l,
1526237075.2597,14.700000,0.00000012,b,l,
1526335380.1991,14.040200,100.00000000,s,m,
1526205422.8757,14.340000,27.52672673,b,l,
1526312795.0927,14.395800,167.52300000,s,l,
1526400923.1238,13.362500,191.43407517,b,l,
1526216346.5198,14.399900,0.10104206,b,m,
1526400926.6598,13.361100,278.64491328,b,l,
1526381125.2256,14.290000,137.31801802,b,l,
1526335392.9273,14.000000,100.00000000,s,l,
1526393840.6643,13.820000,0.01719432,b,l,
1526268231.7101,13.596900,1300.00000000,s,l,
1526266215.2705,14.210000,7.95850225,s,l,
1526237075.2515,14.700000,28.60338395,b,l,
1526265503.5748,14.300100,102.00000000,s,l,
1526187964.9512,13.580100,34.99278356,s,m,
1526187965.5666,13.528400,117.80083817,s,m,
1526187966.1458,13.528400,0.17116145,s,m,
1526205429.3566,14.350200,53.81100000,s,l,
1526194348.8926,13.973800,39.62734700,s,m,
1526400961.055,13.390000,7.97946376,s,l,
1526155459.0447,13.694200,10.00000000,s,l,
1526412961.1847,12.779200,19.94813572,s,m,
1526309196.6808,14.291900,0.01099872,b,m,
1526312041.9302,14.348900,370.72569926,s,m,
1526237133.5926,14.836300,63.68000000,b,m,
1526405720.7928,12.931100,1.98184722,s,m,
1526335445.4768,14.000000,1300.00000000,s,l,
1526335446.6397,14.000000,16.76740000,s,l,
1526253527.874,14.870000,5.50365165,b,m,
1526335448.1445,14.000000,591.08337562,s,l,
1526253529.9079,14.870000,20.00000000,b,m,
1526268240.4041,13.587900,35.00000000,s,m,
1526188002.7524,13.500000,0.00175783,s,m,
1526335459.7381,13.960000,0.00000074,s,m,
1526335462.6054,13.960000,40.00000000,s,l,
1526335465.2378,13.913200,10.00000000,s,l,
1526393059.6312,13.836200,3.40299078,s,l,
1526237163.8872,14.830000,30.00000000,b,l,
1526205437.7597,14.344700,10.00000000,s,l,
1526158544.1573,13.680400,867.25056143,s,m,
1526407625.2027,12.800000,25.00000000,s,l,
1526286325.3357,13.700000,26.00000000,b,l,
1526257321.8032,14.419900,0.16175657,s,m,
1526188024.3545,13.600000,83.36000000,b,m,
1526156885.1624,13.530900,10.96300000,b,m,
1526335484.8758,13.900000,20.00000000,s,m,
1526337575.0262,13.780000,541.89996440,s,m,
1526256464.0969,14.447100,30.71843751,s,m,
1526303367.4564,13.290000,5.79382000,s,l,
1526246403.4729,14.900000,0.05416531,s,l,
1526204438.2748,14.175000,504.65056886,s,m,
1526204439.0506,14.230000,125.00000000,b,l,
1526401048.5286,13.381800,61.51600000,s,m,
1526375381.4291,14.216700,18.00000000,b,m,
1526309210.5977,14.221300,10.34400000,s,l,
1526303749.7478,13.260000,95.00000000,b,m,
1526188064.311,13.630000,1.66533800,b,m,
1526306480.5819,14.178200,423.42687173,b,l,
1526336519.0854,13.908000,15.69100000,s,m,
1526303367.4369,13.300000,20.00000000,s,l,
1526395022.6067,13.437500,8.32000000,s,l,
1526191471.4083,13.729800,0.00000014,b,m,
1526307757.558,14.059700,19.94813485,s,m,
1526259722.3795,14.726900,9.00000000,b,m,
1526368307.7938,14.180000,19.55000000,s,l,
1526243957.7165,14.730000,0.00098454,s,m,
1526172620.8991,13.600000,10.00000000,s,m,
1526351928.1563,13.850000,36.10108000,b,l,
1526208180.4589,14.175300,4.92747792,s,l,
1526368317.5998,14.180000,12.46300000,s,l,
1526259427.0946,14.680000,125.00000000,b,m,
1526194528.7585,13.990000,10.51051051,b,l,
1526401092.7975,13.500000,9.96254459,s,l,
1526401094.8487,13.500000,10.95964295,s,l,
1526401095.3813,13.500000,10.98900000,s,l,
1526268194.023,13.699900,3.17014686,s,m,
1526235718.6114,14.859900,7.89003291,b,l,
1526169954.56,14.039900,9.26993238,b,l,
1526303757.3754,13.282200,500.00000000,s,l,
1526229717.4419,14.650000,10.00000000,b,m,
1526169955.789,14.040000,0.01090754,b,l,
1526395810.8291,13.360000,7.75000000,s,m,
1526301028.5522,13.608100,73.48564400,s,l,
1526412746.7585,12.721900,0.00008759,b,l,
1526267682.1749,14.150000,1300.00000000,s,l,
1526306056.8903,13.808000,0.07165564,s,m,
1526246416.2296,14.811400,0.24489454,s,m,
1526215533.8286,14.350000,500.00000000,s,l,
1526403753.631,13.425000,0.00002548,b,l,
1526335594.4073,13.892300,0.09570173,s,m,
1526327374.0404,14.014900,10.00000000,s,m,
1526253677.7942,14.798600,67.57395900,s,l,
1526335012.5729,14.169000,49.95500000,s,l,
1526237296.5043,14.707300,21.37600000,s,l,
1526237298.5825,14.707300,141.00627227,s,l,
1526316463.8937,14.101000,49.99460000,s,l,
1526203695.4687,14.090000,125.00000000,b,l,
1526303764.6524,13.280000,50.00000000,b,m,
1526403166.8273,13.380100,38.40024295,s,m,
1526321919.0979,14.159900,131.55021318,b,l,
1526306496.9264,14.138700,18.33357208,s,l,
1526257051.2574,14.402200,997.80482938,s,m,
1526302852.4872,13.600000,9.99000000,s,l,
1526368390.8541,14.180000,1300.00000000,s,l,
1526303554.7243,13.090300,52.61566199,s,m,
1526368393.4702,14.180000,1300.00000000,s,l,
1526368397.5225,14.180000,363.06420000,s,l,
1526335630.2543,13.957600,3.00000000,b,m,
1526302865.1283,13.600000,9.99000000,s,l,
1526190582.489,13.750100,0.00002572,s,l,
1526335635.6242,13.957600,5.88840000,b,m,
1526253117.675,14.750000,10.00000000,s,m,
1526256464.0585,14.500000,5.00000000,s,m,
1526321015.1247,14.150000,22.18478068,b,l,
1526167236.7031,14.200000,700.00000000,s,m,
1526368419.4359,14.191900,141.42850561,b,m,
1526308334.6918,14.025100,71.30073900,s,m,
1526194216.5327,14.140000,250.00000000,b,m,
1526171831.3517,13.813500,0.03286790,s,m,
1526307243.898,14.300000,13.06000000,b,l,
1526169972.3754,14.060200,8.32000000,s,m,
1526237373.0121,14.621100,17.29600000,s,m,
1526270143.8795,13.716100,14.95100000,s,l,
1526231096.3691,14.980200,87.53272987,s,l,
1526155459.0501,13.694100,149.42560000,s,l,
1526155460.6008,13.693900,73.02521500,s,l,
1526264637.3622,14.459900,32.03833834,b,l,
1526202370.862,13.820000,0.00006708,s,m,
1526155464.3823,13.688000,12.33647600,s,l,
1526204617.1226,14.200000,8.83423783,b,l,
1526155466.3387,13.686000,97.72857600,s,l,
1526155467.9228,13.681000,8.12067600,s,l,
1526155469.5104,13.681000,120.51277600,s,l,
1526302929.5659,13.600000,7.99000000,s,l,
1526315760.5559,14.185400,6.92000000,s,m,
1526253781.7535,14.653900,1300.00000000,s,m,
1526310465.3983,14.360000,100.00000000,s,m,
1526407602.2446,12.810000,51.38581577,b,l,
1526197284.6125,13.989900,159.88362967,b,l,
1526224591.6611,14.358000,9.00148950,b,m,
1526204636.7964,14.200000,42.56553553,b,l,
1526270173.5416,13.681600,50.05005005,s,l,
1526302943.769,13.600000,87.90000000,s,l,
1526335712.3402,13.860000,3.60750000,s,l,
1526306512.9249,14.250000,176.36160000,b,l,
1526270178.028,13.680100,120.19469469,b,l,
1526204644.9047,14.200000,0.00574197,b,l,
1526317436.6242,14.160000,114.08796350,b,l,
1526368490.9305,14.180000,61.61730000,s,l,
1526363106.6573,14.200000,0.00003057,b,m,
1526335725.4115,13.842700,9.00000000,s,m,
1526307738.9452,14.098000,0.12932663,s,m,
1526302965.3012,13.609900,140.75014214,b,l,
1526172713.4311,13.666900,0.07926551,b,l,
1526335742.5389,13.810100,5.83500000,s,l,
1526190166.9613,13.740000,69.39201601,s,l,
1526335746.1759,13.800000,53.20300725,b,l,
1526162028.2117,13.789600,0.10983688,b,l,
1526368518.9398,14.180000,1300.00000000,s,l,
1526335751.3264,13.799900,0.00000327,b,l,
1526368523.6839,14.180000,1300.00000000,s,l,
1526276583.9777,13.770000,102.00000000,b,m,
1526155535.9921,13.681000,47.48722400,s,l,
1526197395.857,13.950000,2.00000000,s,l,
1526401297.6442,13.479800,15.00000000,b,m,
1526368530.8506,14.180000,338.38270000,s,l,
1526284675.8365,13.790000,40.00000000,b,m,
1526407556.3408,13.001000,0.00600000,s,l,
1526408669.8994,12.610000,0.00134151,s,m,
1526405663.298,13.000000,100.00000000,s,m,
1526303018.7804,13.530800,33.99000000,s,m,
1526408124.1072,12.600000,3.00000000,s,l,
1526260104.9167,14.711300,6.92000000,b,m,
1526267914.5817,13.884800,181.74223965,s,l,
1526265468.2064,14.338000,35.00000000,s,m,
1526204726.7644,14.280000,50.00000000,b,m,
1526335799.7603,13.897800,45.05509980,s,l,
1526352187.8457,13.850000,85.13990000,b,l,
1526395031.1559,13.411900,0.00263633,s,m,
1526259427.1012,14.690000,0.00864462,b,m,
1526330109.1323,14.220000,13.90399025,s,l,
1526232801.9662,14.710000,0.00047901,s,m,
1526407564.8602,12.970000,61.02210000,s,l,
1526352206.4256,13.850000,101.32302959,b,l,
1526268301.1435,13.677800,0.01016509,s,m,
1526171984.5415,13.880000,14.98200000,s,l,
1526188371.9849,13.590000,200.00000000,b,m,
1526292623.7611,13.752200,0.00797446,b,l,
1526188375.1163,13.588600,71.17089815,s,l,
1526412490.0898,12.649900,15.44783670,b,l,
1526166986.435,14.299000,6.00000000,s,l,
1526172001.0905,13.880000,0.01800000,s,l,
1526195295.2658,14.013000,0.00012074,s,m,
1526401092.134,13.459400,991.84500000,b,l,
1526407571.4495,12.970000,108.43921000,s,l,
1526368628.2355,14.180000,5.79740000,s,l,
1526221173.2942,14.160700,4.00000000,s,m,
1526155639.526,13.671000,15.99251097,s,l,
1526394731.3865,13.700000,0.00009920,s,l,
1526270331.5415,13.700000,29.97000000,s,l,
1526307899.6058,14.097400,0.00001569,b,l,
1526253952.9942,14.803300,0.09491000,b,m,
1526368644.5592,14.180000,148.08380000,s,l,
1526303110.0633,13.531200,0.16801604,s,m,
1526335879.0632,13.926400,10.00000000,b,l,
1526155660.521,13.671000,141.53717087,s,l,
1526409810.7219,12.558700,224.74000000,s,m,
1526221200.554,14.240000,49.00000000,b,m,
1526216430.6226,14.300000,25.00000000,b,m,
1526269819.538,13.790000,5.00000000,s,l,
1526165835.7852,14.000900,14.96110114,s,m,
1526313607.2629,14.617700,0.00001288,b,m,
1526204837.7491,14.289700,38.89291331,b,l,
1526234697.0471,14.740000,0.25964068,b,l,
1526335918.8164,13.960600,27.40355750,b,l,
1526234685.5232,14.730400,60.83045213,b,l,
1526204852.2176,14.289700,0.00031605,b,l,
1526368694.7315,14.180000,140.40310000,s,l,
1526204855.8124,14.300000,117.77067067,b,l,
1526306059.9674,13.910000,0.00000014,b,l,
1526309927.4382,14.368000,136.30577936,s,l,
1526204862.8479,14.353700,13.36960000,s,l,
1526316474.5812,14.069000,95.99000000,s,l,
1526194348.9001,13.973600,39.62791400,s,m,
1526368705.2878,14.180000,140.37725000,s,l,
1526398671.4691,13.530000,2.43277619,b,m,
1526310465.4021,14.350000,19.49977003,s,m,
1526204871.7774,14.430000,10.00000000,b,m,
1526230275.417,14.899100,8.15400000,b,m,
1526155721.818,13.671000,49.47031816,s,l,
1526335948.9401,14.000000,63.83395102,b,l,
1526168454.8249,13.971000,114.50770000,s,m,
1526213709.5059,14.247000,30.50000000,s,m,
1526172113.6287,13.840000,148.04125309,s,l,
1526221266.7597,14.220000,250.00000000,b,l,
1526411403.2993,12.838900,323.02614269,b,m,
1526309928.4649,14.368000,2.18022064,s,l,
1526394887.8747,13.520800,0.09843094,s,m,
1526155742.2313,13.600000,17.44844845,b,l,
1526223729.7495,14.280600,7.14000000,s,m,
1526172128.4602,13.840000,51.95874691,s,l,
1526231367.1042,15.050000,8.97298224,b,m,
1526155747.9019,13.600000,4.69149149,b,l,
1526155748.1442,13.600000,71.14534535,b,l,
1526407924.2204,12.653300,5.00000000,s,m,
1526305363.7938,13.231100,0.00012692,s,m,
1526405337.653,13.200000,199.68051118,s,m,
1526306493.3853,14.296300,246.59206495,b,m,
1526303214.3121,13.530000,10.00000000,s,l,
1526335986.2765,14.075700,67.76516700,s,l,
1526335990.8485,14.075700,58.45348800,s,l,
1526227369.1918,14.364100,65.39944426,s,m,
1526335993.1091,14.075700,12.88300000,s,l,
1526256795.6006,14.368700,4.17574311,s,m,
1526194602.461,13.981000,269.00000000,s,l,
1526401536.7048,13.499800,991.84500000,b,m,
1526270467.3326,13.699100,1.48265981,b,l,
1526205989.8818,14.319000,65.89696200,s,m,
1526305882.9166,13.619800,0.05206581,s,l,
1526303239.9393,13.400000,49.97866418,s,m,
1526303240.0385,13.357300,598.68289763,s,m,
1526368778.8781,14.180000,140.39480000,s,l,
1526314754.2151,14.279400,16.80742888,s,l,
1526396525.4784,13.280000,3.76506000,s,m,
1526309930.7945,14.361000,28.93345024,s,l,
1526407598.6302,12.824800,480.75000000,s,l,
1526336022.3121,14.072500,8.62000000,b,l,
1526303255.2273,13.517700,20.00000000,b,l,
1526254104.5432,14.794300,39.86000000,b,l,
1526266285.7428,14.200000,10.00000000,s,l,
1526311567.4377,14.209500,15.12787437,s,l,
1526265605.5884,14.229700,8.35300000,s,l,
1526178224.0943,13.665200,65.00000000,b,m,
1526401905.2697,13.539400,486.12000000,b,l,
1526155812.4947,13.600000,440.52863000,b,l,
1526270501.7986,13.698500,26.14961704,b,l,
1526161841.3863,13.789600,3.73290000,b,l,
1526165356.7881,14.020300,1300.00000000,s,l,
1526175495.0502,13.860000,131.00000000,b,l,
1526286892.6774,13.815000,3.50000000,b,l,
1526407602.9143,12.810000,991.84500000,b,l,
1526204974.0069,14.478900,4.72300000,b,m,
1526294361.1065,13.640100,1300.00000000,s,l,
1526368816.3423,14.180000,61.59084700,s,l,
1526155826.0944,13.600000,6.06706706,b,l,
1526407603.0753,12.810000,5.30120000,b,l,
1526338779.3836,13.770000,472.12833696,s,l,
1526172620.9094,13.573000,521.11000000,s,m,
1526407604.298,12.810000,991.84500000,b,l,
1526303291.0804,13.407700,8.04500000,b,l,
1526157116.5271,13.650000,0.00015381,s,l,
1526254146.0353,14.730900,7.56062188,s,l,
1526197345.3586,13.986000,183.00000000,s,l,
1526303304.0853,13.392500,4.48011947,s,l,
1526407607.2274,12.810000,500.00000000,b,l,
1526197346.8357,13.981000,21.00000000,s,l,
1526355725.0373,13.980000,0.00000003,s,m,
1526159795.8627,13.643000,73.29766100,s,m,
1526407608.8428,12.810000,500.00000000,b,l,
1526310465.3886,14.365000,3.00000000,s,m,
1526407609.1061,12.810000,33.42700000,b,l,
1526240100.4573,14.570000,34.05630709,s,l,
1526407610.5032,12.810000,5.30000000,b,l,
1526303326.2906,13.350100,144.35340000,s,l,
1526385765.3559,14.088100,6.92000000,b,m,
1526205025.4647,14.479000,581.44219905,b,l,
1526395866.7127,13.388100,85.22920000,s,m,
1526230551.1406,14.946200,439.77985960,s,m,
1526268348.1796,13.729000,7.77377377,b,l,
1526393059.6278,13.836300,56.06500000,s,l,
1526237373.0027,14.677100,4.08800104,s,m,
1526159795.8598,13.643400,15.46900000,s,m,
1526316480.6911,14.050100,125.61932585,s,l,
1526407614.3556,12.810000,145.46451742,b,l,
1526312041.9397,14.338600,61.90111657,s,m,
1526176270.4212,13.684300,104.61430000,s,l,
1526407615.4413,12.810000,4.36850000,b,l,
1526253781.7592,14.639300,722.69801434,s,m,
1526155903.9272,13.545400,384.12923241,s,l,
1526368901.9251,14.180000,1300.00000000,s,l,
1526303367.4312,13.300000,20.00000000,s,l,
1526286985.7214,13.829800,5.18518519,b,l,
1526405641.046,13.050000,105.00000000,s,m,
1526407924.2248,12.650000,40.00000000,s,m,
1526286994.087,13.829800,2.04557481,b,l,
1526309315.4498,14.220000,17.17303860,b,l,
1526286999.6802,13.900000,16.92000000,s,l,
1526271745.3426,13.700000,52.07878060,s,l,
1526182640.8783,13.959000,397.27625396,b,m,
1526407621.7517,12.810000,12.74190000,b,l,
1526287009.3769,13.900000,0.03442519,s,l,
1526205090.8265,14.430200,4.15794653,s,l,
1526246416.2251,14.811500,9.00000000,s,m,
1526312049.5748,14.399500,160.87400000,s,m,
1526336168.8615,14.001700,20.00000000,b,m,
1526292935.8586,13.649600,3.39739740,b,l,
1526221484.761,14.150000,189.31154475,s,l,
1526237869.7596,14.730000,61.25077563,b,l,
1526335070.066,14.113000,59.00530000,s,l,
1526336175.8626,13.953000,43.00000000,s,m,
1526221488.2019,14.150000,500.00000000,s,l,
1526368945.6799,14.180000,8.47364208,s,l,
1526155460.5958,13.694200,78.86754814,s,l,
1526172340.7563,13.800000,0.00005014,b,l,
1526205109.5637,14.430000,137.13713714,b,l,
1526155959.1777,13.536900,7.38721000,s,m,
1526205115.8416,14.430000,97.84784784,b,m,
1526232544.1488,14.800000,21.29330000,b,l,
1526303421.632,13.249900,20.00000000,b,l,
1526303424.9975,13.249900,33.47107477,b,l,
1526405720.8363,12.931100,109.80256991,s,m,
1526303427.7175,13.239900,118.22422422,b,l,
1526303430.5829,13.200000,6.04242424,s,l,
1526303433.7944,13.180000,30.61111111,b,l,
1526303434.1251,13.180000,30.03003003,b,l,
1526336203.6369,13.953000,51.30844020,s,l,
1526303436.9404,13.180000,4.00400400,b,l,
1526306594.7566,14.279900,796.03210000,b,l,
1526303440.4278,13.180000,4.00400400,b,l,
1526215008.1703,14.410300,10.55142232,s,l,
1526336211.1714,13.953000,63.11702864,s,l,
1526401748.1016,13.510000,76.64057342,b,l,
1526223729.738,14.310500,30.93900000,s,m,
1526336216.0331,13.953000,11.57453116,s,l,
1526336218.231,13.947000,192.00000000,s,l,
1526224283.2886,14.227200,132.29960000,s,l,
1526303453.5828,13.180000,0.00735562,b,l,
1526391248.7998,13.969700,9.00000000,b,l,
1526335725.4157,13.811200,72.40500400,s,m,
1526411148.9384,12.720800,7.14000000,s,m,
1526401769.0629,13.429100,1300.00000000,s,m,
1526175527.1292,13.815500,132.29042581,s,l,
1526303468.715,13.280000,130.15875753,b,m,
1526325714.5001,14.149000,3.00000000,s,l,
1526227557.0343,14.449900,182.51415954,b,m,
1526336247.1604,13.930100,10.00000000,s,m,
1526394884.8619,13.580000,3.41916095,s,l,
1526336251.1044,13.962200,68.92948244,b,l,
1526306602.8858,14.230300,5.14704705,s,l,
1526167397.9154,14.150200,34.62687900,s,l,
1526204644.9068,14.200000,0.00000918,b,l,
1526221953.1167,14.151800,22.39900000,s,m,
1526156042.3371,13.650000,10.00000000,b,m,
1526237963.4451,14.710000,8.17831948,s,l,
1526306665.6847,14.148000,12.24773758,b,l,
1526223667.9214,14.357200,6.92000000,s,l,
1526197379.7607,13.973000,27.71421307,s,l,
1526303509.4798,13.180000,6.27000000,s,l,
1526401048.539,13.380100,0.00002714,s,m,
1526317031.631,14.100900,134.43103988,b,m,
1526303513.1565,13.200000,18.82530000,b,l,
1526238055.5878,14.761300,1300.00000000,b,m,
1526395889.4852,13.391200,0.05515690,s,l,
1526303521.4415,13.160000,4.55700000,s,l,
1526195916.4166,13.938300,10.00000000,s,m,
1526303527.5178,13.150100,10.82700000,s,l,
1526407644.0906,12.800000,178.28220313,s,l,
1526287146.4373,13.949800,850.62473785,b,m,
1526238343.4931,14.700000,130.44073000,s,l,
1526407645.649,12.789900,5.00500501,b,l,
1526324547.7151,14.075700,0.00000324,b,l,
1526292958.6255,13.645400,39.36924552,b,l,
1526287158.1406,13.886100,5.00000000,s,l,
1526303545.56,13.130000,5.00000000,s,l,
1526276575.591,13.770000,23.00000000,b,m,
1526314261.9842,14.395500,0.00000210,b,l,
1526216501.9245,14.290000,125.00000000,b,l,
1526401856.3634,13.519900,1118.52861338,b,m,
1526303554.7717,13.033500,478.85000000,s,m,
1526287171.8271,13.880100,18.00696712,b,l,
1526305938.1585,13.739800,83.89340000,b,l,
1526303558.6528,13.096200,27.19543125,b,l,
1526303559.4836,13.096200,1598.48669775,b,l,
1526230156.876,14.749800,24.34300000,b,m,
1526301028.5487,13.608100,18.43200000,s,l,
1526181005.1484,13.680000,125.00000000,b,l,
1526273848.0764,13.730600,7.14000000,s,l,
1526319957.8777,14.162800,25.73738950,b,l,
1526391230.4397,13.970000,72.00000000,b,m,
1526183370.6114,13.960000,3.38140000,b,l,
1526166306.0744,14.219000,185.61378122,b,m,
1526305446.0304,13.171900,28.57598300,s,l,
1526235622.3506,14.870000,62.56955702,b,l,
1526238055.5936,14.761300,124.30572511,b,m,
1526230156.8733,14.700000,0.00017669,b,m,
1526188905.5139,13.589900,99.21704354,b,l,
1526276583.9901,13.778800,239.69638067,b,m,
1526319981.7411,14.150000,13.30000000,b,m,
1526188911.6747,13.570000,3.15515516,b,l,
1526279390.6876,13.790000,0.02300000,b,l,
1526401905.2566,13.519400,14.28000000,b,l,
1526197395.8508,13.953000,231.00000000,s,l,
1526270838.9474,13.775800,37.76012173,b,l,
1526407598.6144,12.870300,88.65810000,s,l,
1526267715.142,14.100000,27.73744027,s,l,
1526270845.814,13.775900,28.02860000,b,l,
1526371591.3646,13.981600,97.90000000,s,l,
1526270851.3416,13.775900,0.00628874,b,l,
1526197398.391,13.950100,6.41220000,s,l,
1526239019.9531,14.700000,9.81838520,s,l,
1526401930.937,13.520000,3.00000000,s,l,
1526197399.4974,13.938400,11.27899800,b,l,
1526156172.8034,13.674300,9.47200000,b,m,
1526268513.703,13.729000,21.84242078,b,l,
1526197402.3716,13.938400,41.29562967,b,l,
1526231524.9294,15.000100,6.98521607,s,l,
1526254496.2541,14.630100,300.00000000,s,m,
1526311580.1619,14.157600,36.10400000,s,m,
1526197403.8875,13.938400,18.36786787,b,l,
1526303655.8986,13.140000,292.15687679,s,m,
1526197404.6428,13.936200,7.50600000,s,l,
1526303659.0761,13.201800,4.00000000,b,l,
1526312049.5861,14.399100,11.93672270,s,m,
1526244476.0286,14.950000,9.71664883,s,l,
1526320050.336,14.150000,6.50000000,b,m,
1526303667.6546,13.155500,75.00000000,s,m,
1526197406.7219,13.919800,113.31683507,b,l,
1526221750.0342,14.180000,14.96110955,s,m,
1526413129.1617,12.738600,39.29300000,s,m,
1526216326.847,14.242900,618.68666713,s,m,
1526197407.1002,13.914900,7.18652000,s,l,
1526312672.3917,14.440000,68.12189423,b,l,
1526303678.3198,13.230000,0.00897596,b,m,
1526292981.9806,13.622600,10.59970000,s,l,
1526194348.9132,13.927200,543.76271171,s,m,
1526254529.0622,14.600000,0.00003353,s,m,
1526292982.0094,13.560200,24.07070000,s,l,
1526197409.3978,13.915000,3.53323900,s,l,
1526205384.7785,14.383600,0.00385073,s,l,
1526336457.1281,13.962200,3.00000000,s,l,
1526172620.8406,13.722800,40.00000000,b,l,
1526303695.248,13.240000,30.00000000,b,m,
1526238160.59,14.710000,10.00000000,s,m,
1526407601.426,12.810000,46.20227984,b,l,
1526205397.4053,14.380000,4.77080000,s,l,
1526335041.9638,14.141000,0.00039739,s,m,
1526317561.1608,14.180000,35.26093000,s,l,
1526197412.8299,13.910000,3.65400000,s,l,
1526238174.6732,14.710000,15.56161772,s,l,
1526238178.7923,14.699300,6.33565800,s,l,
1526205413.1922,14.360000,30.97010000,b,l,
1526205415.3014,14.360000,4.16256256,s,l,
1526312844.2221,14.597200,167.45601760,b,m,
1526290851.3429,13.800000,100.00000000,s,l,
1526205422.7204,14.350000,97.47327327,s,l,
1526407602.6457,12.810000,1300.00000000,b,l,
1526407619.9999,12.810000,3.04300000,b,l,
1526205429.3609,14.350100,168.86030000,s,l,
1526401092.1312,13.459100,79.92000000,b,l,
1526306056.8625,13.847900,29.30984762,s,m,
1526189052.5144,13.631300,11.27100000,b,l,
1526205437.7557,14.344800,168.92270000,s,l,
1526156287.3332,13.600000,141.89188284,s,l,
1526303744.852,13.260000,6.50000000,b,m,
1526172673.8337,13.668000,36.78478478,b,l,
1526312107.9448,14.402000,182.00000000,b,l,
1526303749.9039,13.269900,118.52686524,b,l,
1526156294.0979,13.600000,126.54140180,s,l,
1526336519.0818,13.908100,6.92000000,s,m,
1526189066.1436,13.676700,9.13086000,b,l,
1526244479.9009,14.942800,5.15310000,s,l,
1526402061.6549,13.471000,36.90914198,s,l,
1526303758.8525,13.282200,500.00000000,s,l,
1526303759.8219,13.282200,287.95056542,s,l,
1526189076.4575,13.710200,11.27100000,b,l,
1526254613.3087,14.702100,12.51605649,b,l,
1526407619.071,12.810000,25.24400000,b,l,
1526360823.4729,14.000000,50.23553043,b,l,
1526172713.433,13.666900,0.00006336,b,l,
1526407604.1152,12.810000,36.61130000,b,l,
1526375381.4217,14.190000,49.96003881,b,m,
1526371591.3724,13.980000,3.00000000,s,l,
1526287539.5801,13.943400,1.95800000,b,m,
1526331230.6979,14.340000,100.00000000,b,l,
1526412215.9548,12.669300,6.92000000,b,m,
1526303239.9361,13.400000,1000.00000000,s,m,
1526263495.251,14.500000,0.11486702,s,m,
1526395057.2399,13.489900,191.43407517,b,l,
1526175005.8303,13.838000,181.00000000,b,l,
1526193198.3664,13.950000,192.00000000,b,l,
1526268486.7773,13.729000,23.16226226,b,l,
1526306158.0376,13.970000,200.11080000,b,l,
1526189137.8752,13.770000,21.34100000,b,l,
1526312923.7149,14.536400,9.00000000,s,l,
1526241208.7336,14.659000,69.93006993,b,m,
1526395374.2075,13.400000,0.00003649,s,m,
1526187365.1526,13.610400,10.00000000,s,l,
1526167397.9192,14.150100,34.62712400,s,l,
1526303840.7709,13.270000,106.60660661,b,l,
1526385765.3677,14.088400,343.08000000,b,m,
1526353002.3895,13.815600,7.23822000,s,l,
1526353015.0507,13.810000,125.00000000,s,m,
1526304429.86,13.155600,5.00000000,s,l,
1526183925.6869,13.910000,12.21030633,b,l,
1526309405.0428,14.297400,1142.86000000,b,m,
1526161941.6186,13.789600,25.72512513,b,l,
1526221953.1137,14.151900,37.60100000,s,m,
1526324681.2673,14.229900,19.46651400,b,m,
1526165613.4482,14.179900,10.14600000,b,l,
1526407607.2481,12.810000,4.68528529,b,l,
1526238343.3435,14.700000,83.89000000,s,l,
1526402697.465,13.380100,14.96408626,s,m,
1526238347.2006,14.671500,125.40128410,s,l,
1526156433.9545,13.600000,7.70930000,s,l,
1526156483.0415,13.600000,6.24674700,s,l,
1526314166.2689,14.283800,0.06687860,s,m,
1526238360.0319,14.671500,87.67992377,s,l,
1526159105.2591,13.560000,1.51128686,s,m,
1526185903.7994,13.830700,0.00877615,s,l,
1526372208.7964,13.932900,6.70684801,s,l,
1526311662.9215,14.260000,0.06019468,b,l,
1526248163.8204,14.845100,57.90538517,s,l,
1526205639.3184,14.470000,139.35770560,b,m,
1526371601.0884,13.970000,162.00000000,s,l,
1526407709.8342,12.810000,40.38835979,s,l,
1526287539.5772,13.929000,0.01554176,b,m,
1526287541.4887,13.845000,6.92000000,s,l,
1526303554.7576,13.090100,241.00807352,s,m,
1526337231.0208,13.850000,0.02586535,s,m,
1526314110.3906,14.379900,15.63050118,s,l,
1526407609.5373,12.810000,52.69389390,b,l,
1526156482.7874,13.600000,11.97751050,s,l,
1526156483.0581,13.600000,426.49372350,s,l,
1526205639.3077,14.380000,5.00000000,b,m,
1526194839.4922,13.990000,0.00001575,b,l,
1526176905.4498,13.560000,167.14653131,s,l,
1526410446.7873,12.700000,204.74879735,b,l,
1526397244.802,13.539900,191.43407517,b,m,
1526303960.5207,13.216400,133.88967630,b,l,
1526271709.2765,13.698500,0.10951759,s,l,
1526268453.1507,13.680100,99.78049221,s,m,
1526266333.197,14.150000,167.37178241,s,m,
1526306159.5362,14.017900,517.71000000,b,l,
1526197404.6534,13.936000,202.00000000,s,l,
1526392880.7577,13.863700,0.00029715,s,m,
1526303976.4326,13.276700,4.46423475,b,m,
1526375422.0578,14.209300,21.28169700,b,m,
1526336746.2341,13.915100,75.00000000,s,l,
1526404337.8127,13.425000,0.01128604,b,m,
1526303239.9673,13.380500,0.01939899,s,m,
1526336757.2941,13.990000,30.00000000,b,m,
1526383145.4044,14.131000,192.00000000,s,l,
1526203854.0371,14.270000,250.00000000,b,l,
1526391244.9672,13.979600,3.00000000,b,l,
1526272007.3802,13.638500,0.00628506,b,l,
1526311046.8832,14.160300,0.16148555,s,m,
1526236982.1598,14.710900,0.00000031,s,m,
1526245711.9304,15.000000,101.67391722,s,m,
1526167485.2891,14.150000,101.59125710,s,m,
1526239019.3414,14.679900,150.56584046,b,l,
1526410455.7076,12.700000,209.12255657,b,l,
1526205708.1263,14.430000,125.00000000,b,l,
1526187966.2122,13.491600,1.29239090,s,m,
1526254863.8599,14.746200,119.38300000,b,l,
1526303960.5268,13.216400,18.45220499,b,l,
1526328382.6542,14.085000,31.23176323,s,l,
1526194216.5187,14.059800,88.31359800,b,m,
1526308319.4334,14.165300,7.14000000,b,m,
1526238489.6659,14.690000,125.00000000,b,l,
1526385946.1269,13.981300,478.26000000,s,m,
1526159237.1882,13.560000,0.10780667,s,m,
1526407603.0693,12.810000,19.94932772,b,l,
1526392882.7625,13.910000,98.53752205,b,l,
1526165927.762,13.979100,24.66890000,b,l,
1526304039.8089,13.216400,0.00016127,b,l,
1526394887.8936,13.520800,0.00004287,s,m,
1526230236.1693,14.750000,11.00200000,b,l,
1526205738.6365,14.367800,13.26659227,s,l,
1526287661.8828,13.830000,5.00000000,s,l,
1526238512.6432,14.690000,4.00000000,b,l,
1526205746.4583,14.367500,150.89898295,b,l,
1526410462.269,12.700000,213.18721612,b,l,
1526205750.0547,14.344300,30.50800000,s,l,
1526271287.6746,13.901800,10.00000000,b,m,
1526230239.5587,14.750000,11.00261224,s,l,
1526189372.1823,13.747700,159.88362967,b,l,
1526304062.6251,13.220900,3.00000000,s,l,
1526282679.2969,13.634200,11.62900000,s,l,
1526238534.042,14.680000,24.65985986,b,l,
1526304622.843,13.000500,148.23530000,s,m,
1526156625.7708,13.533300,7.38916000,s,l,
1526238547.8712,14.680000,91.19580000,b,l,
1526331278.6061,14.360000,13.00210000,s,l,
1526407614.4527,12.810000,154.48370501,b,l,
1526386009.807,14.087600,303.08000000,b,m,
1526175631.2033,13.873900,125.00000000,b,m,
1526298522.1834,13.700200,28.93056675,s,m,
1526246630.2192,14.967600,0.00000948,b,l,
1526254951.1558,14.692200,78.00000000,s,m,
1526303554.7648,13.056000,20.00000000,s,m,
1526307899.6035,14.097400,0.03926019,b,l,
1526336878.1127,13.923400,15.00000000,s,m,
1526238575.0349,14.671500,251.12980949,s,l,
1526303976.4271,13.276600,11.53576525,b,m,
1526391248.8164,13.979700,8.32000000,b,l,
1526235710.8173,14.850000,87.41102873,b,l,
1526402423.8659,13.471000,0.20761802,s,l,
1526407743.7356,12.829600,6.92000000,b,m,
1526253677.8681,14.787400,67.57395900,b,l,
1526268785.6429,13.540000,124.05640000,s,l,
1526386048.5844,13.970700,48.73600000,s,m,
1526350400.619,13.931000,222.85420046,s,m,
1526306710.9885,14.148000,890.63061649,b,m,
1526358593.8637,14.100000,300.00000000,b,l,
1526409053.4289,12.789900,25.86300000,b,m,
1526217655.5432,14.102500,0.00000119,s,l,
1526331287.0346,14.360000,116.20890000,s,l,
1526233035.6873,14.600000,0.27711765,s,l,
1526238607.1696,14.690000,28.17597598,b,l,
1526200216.063,13.932600,3.58870563,s,l,
1526268483.1247,13.729000,10.00000000,b,l,
1526231200.9378,15.000000,10.36000000,b,l,
1526233389.7724,14.650000,50.00000000,s,m,
1526330146.7927,14.250000,14.95886160,b,l,
1526298522.1724,13.750000,13.70000000,b,l,
1526238622.0262,14.669900,13.32682683,b,l,
1526268231.7159,13.559800,10.00000000,s,l,
1526403166.8418,13.329600,12.24400000,s,m,
1526235718.5988,14.859800,8.32000000,b,l,
1526336934.4713,13.915100,26.16200000,s,l,
1526157222.9041,13.672600,8.32000000,b,m,
1526336936.6238,13.915100,26.16200000,b,l,
1526304683.1779,13.000200,134.07686919,b,l,
1526336943.3965,13.915100,15.65610000,b,l,
1526391250.4371,13.980000,299.54515500,s,l,
1526407617.3531,12.810000,15.35435435,b,l,
1526294361.1127,13.610500,991.84500000,s,l,
1526194762.6122,13.990000,78.38851652,b,l,
1526303239.8921,13.500000,10.00000000,s,m,
1526306721.1038,14.130000,100.00000000,b,m,
1526283229.6965,13.635000,73.95836760,s,l,
1526312041.9163,14.399000,48.59891334,s,m,
1526314914.6638,14.251300,7.14000000,s,l,
1526320590.3136,14.150000,17.63663664,b,l,
1526321530.9798,14.188900,5.00000000,s,l,
1526156756.9452,13.500000,5.51804000,s,l,
1526189525.9048,13.747700,90.04434191,b,l,
1526352206.4298,13.850000,0.08099363,b,l,
1526205989.8742,14.319200,65.89604100,s,m,
1526216615.8325,14.260000,18.44444444,b,l,
1526407619.9929,12.810000,23.33020000,b,l,
1526306379.9545,14.081500,7.93751868,b,l,
1526267409.8712,14.207400,1.15204491,s,m,
1526186580.0307,13.719900,8.27107107,b,l,
1526156796.7091,13.500000,4.71482400,s,l,
1526306730.1838,14.139900,15.98699700,b,l,
1526237373.0252,14.610100,0.00037123,s,m,
1526397254.1701,13.539900,124.60356600,b,m,
1526205959.4881,14.360000,10.15365365,b,l,
1526323603.439,14.065500,16.26037223,s,l,
1526230275.4224,14.899900,16.10749065,b,m,
1526183854.6556,13.860500,124.83000000,s,m,
1526320667.9019,14.150000,300.00000000,b,m,
1526156828.1121,13.490100,36.22224150,s,l,
1526304288.0433,13.213000,16.58599999,b,l,
1526205989.889,14.319000,53.61860000,s,m,
1526255145.6614,14.774300,60.71900000,b,m,
1526205994.6303,14.319300,10.51546747,s,l,
1526232272.5537,14.791200,96.24879330,s,m,
1526206000.5284,14.290000,119.63763764,b,l,
1526350400.628,13.890000,24.02526861,s,m,
1526332959.031,14.284900,24.39010465,s,m,
1526313690.3366,14.600000,0.00579267,s,l,
1526303239.8242,13.520300,68.27215300,s,l,
1526189624.8615,13.760000,29.99620000,b,l,
1526206014.4813,14.320000,21.50000000,b,m,
1526407598.6556,12.810000,991.84500000,b,l,
1526304320.8422,13.160100,1.73667493,s,l,
1526206018.143,14.238200,3.00000000,s,l,
1526337093.9037,13.934400,30.00000000,b,m,
1526337094.4493,13.915200,37.87021718,s,l,
1526268513.6929,13.728900,44.02675957,b,l,
1526205708.1333,14.439900,166.00000000,b,l,
1526206030.7959,14.320000,101.77017017,b,l,
1526386256.7694,14.101700,14.02318246,b,l,
1526206033.36,14.238600,50.00000000,s,l,
1526307784.7415,14.097000,8.35508672,b,m,
1526156885.1539,13.498600,184.95314606,b,m,
1526282169.188,13.772000,24.22220000,s,l,
1526312844.2404,14.610000,55.42510000,b,m,
1526254863.8539,14.746100,15.61700000,b,l,
1526282170.781,13.772000,24.22220000,s,l,
1526227557.0318,14.449600,6.92000000,b,m,
1526271589.5317,13.807000,7.14000000,b,m,
1526271590.5704,13.752400,58.96669555,b,l,
1526337128.6503,13.934400,25.00000000,b,m,
1526271595.4835,13.745900,19.73800000,s,l,
1526167485.3027,14.050100,0.00199047,s,m,
1526244476.051,14.942800,63.10180300,s,l,
1526238835.2083,14.610000,50.05005005,b,l,
1526316031.3157,14.169800,63.90438636,s,m,
1526271609.4174,13.698500,5.53548117,s,l,
1526282175.5437,13.772000,24.22220000,s,l,
1526258139.5273,14.541300,6.57668840,b,l,
1526308331.809,14.035000,121.00100000,s,l,
1526410364.9862,12.637200,5.00000000,s,m,
1526407598.6331,12.815400,1300.00000000,s,l,
1526241208.7376,14.659000,0.00006979,b,m,
1526271621.0682,13.698500,500.83000000,s,l,
1526230861.8876,14.980000,4.68200000,b,l,
1526189703.0839,13.740300,18.86700000,s,l,
1526402697.4781,13.380100,0.00008578,s,m,
1526189706.3936,13.740000,32.84600000,b,l,
1526337163.5579,13.915200,52.62978282,s,l,
1526288012.1783,13.900000,6.50000000,s,l,
1526189710.647,13.740000,216.82099191,b,l,
1526255252.99,14.700100,5.42019224,s,l,
1526204300.4565,14.203500,74.43000000,s,l,
1526288022.8542,13.920000,100.00000000,b,m,
1526238489.6716,14.699900,256.97171409,b,l,
1526173336.3926,13.660000,100.00000000,s,l,
1526204300.4652,14.203200,6.70999923,s,l,
1526162031.2607,13.800000,88.00000000,b,l,
1526385946.1136,14.000000,100.00000000,s,m,
1526407625.2078,12.800000,1003.57246094,s,l,
1526342257.1334,13.703900,8.32000000,s,l,
1526333430.4499,14.200300,0.00000042,s,m,
1526304428.1772,13.220000,5.61420575,s,l,
1526288045.9543,13.900000,60.00000000,b,m,
1526337202.0626,13.850100,45.88071636,s,m,
1526337204.2368,13.884300,7.27502639,b,l,
1526165189.8257,14.000000,5.00000000,b,l,
1526256516.5061,14.472900,17.87083670,s,l,
1526232544.0425,14.830300,21.29373100,s,l,
1526304445.2794,13.206200,18.00000000,b,m,
1526342793.046,13.886300,36.12100000,b,m,
1526243957.7066,14.730400,13.84000000,s,m,
1526337218.2848,13.850000,49.99000000,s,l,
1526233035.6895,14.600000,0.00060832,s,l,
1526282188.9637,13.677600,0.59931214,s,m,
1526205989.892,14.300800,10.00000000,s,m,
1526268062.557,13.800000,8.15500000,s,m,
1526337230.9816,13.850000,9.97407590,s,m,
1526243957.712,14.730000,171.74780528,s,m,
1526288080.8026,13.910000,112.72242243,b,l,
1526206161.0585,14.230500,7.11100000,s,l,
1526206162.6571,14.221500,120.26526527,b,l,
1526304035.8891,13.216900,32.49183873,s,l,
1526206164.3735,14.221500,345.24234405,b,l,
1526222550.1065,14.240000,50.00000000,b,m,
1526333430.4401,14.208200,200.02634656,s,m,
1526271706.3953,13.698500,31.93870000,s,l,
1526271707.7837,13.698500,3.71850000,s,l,
1526257051.2623,14.402200,2.19035185,s,m,
1526271709.2729,13.698500,49.89024147,s,l,
1526407627.5802,12.790100,0.00008150,b,l,
1526271721.0298,13.700000,142.67990000,s,l,
1526264918.8139,14.439900,500.00000000,s,m,
1526312231.8344,14.448200,120.48922268,b,l,
1526159314.1886,13.560000,39.01394700,s,l,
1526167507.6645,14.067500,320.24880019,s,l,
1526313245.3078,14.494200,5.00000000,b,m,
1526258143.9098,14.550000,0.00003625,b,l,
1526304041.4303,13.220900,54.92170000,s,l,
1526405076.5824,13.250000,50.00000000,s,l,
1526227672.2666,14.294000,0.00003353,s,m,
1526407628.8503,12.810000,500.00000000,b,l,
1526271744.9017,13.700000,14.55822720,s,l,
1526253117.6687,14.800000,49.92407432,s,m,
1526337283.7388,13.883700,20.67502179,b,l,
1526304516.232,13.141500,76.09481400,s,l,
1526337285.6022,13.850000,7.98527798,s,l,
1526271752.338,13.700000,30.64042890,s,l,
1526314967.8938,14.252400,6.92000000,s,l,
1526271758.6543,13.700000,84.50960000,s,l,
1526271759.6465,13.700000,63.14420000,s,l,
1526405080.7924,13.250000,61.61715373,s,l,
1526238998.6376,14.573400,88.94496823,s,m,
1526353690.1749,13.814500,3.08000000,s,l,
1526314970.3091,14.247000,7.14000000,s,l,
1526176913.3531,13.530000,43.10870000,b,l,
1526353698.2127,13.820600,7.14000000,s,m,
1526411994.9908,12.700100,8.70794900,s,l,
1526239019.3545,14.694400,2000.00000000,b,l,
1526239020.5998,14.700000,398.71321302,s,l,
1526239021.5718,14.700000,118.27546981,s,l,
1526303326.3012,13.344200,5.00000000,s,l,
1526225411.3361,14.240000,42.86000000,s,m,
1526288178.0475,13.940000,17.59786002,b,l,
1526343826.7553,14.050000,0.09926011,b,m,
1526271796.1879,13.698500,13.94670470,s,l,
1526304569.1443,13.069000,5.00000000,s,l,
1526157116.5294,13.650000,0.00000014,s,l,
1526157118.6959,13.650000,48.70833131,s,l,
1526157119.4387,13.650000,9.57675545,s,l,
1526323168.6737,14.160000,22.24273500,s,l,
1526253781.7441,14.685100,16.12700000,s,m,
1526205750.0515,14.344400,12.54999899,s,l,
1526157126.2988,13.510400,32.61674963,s,l,
1526370120.0953,14.200000,3.80290290,b,l,
1526271287.6829,13.902000,15.00000000,b,m,
1526304588.1248,13.033200,41.97157157,b,l,
1526230551.1461,14.922500,100.72000000,s,m,
1526407821.0344,12.730100,234.16749661,s,l,
1526288208.3816,13.940000,104.10950951,b,l,
1526249417.3753,14.873300,4.00629000,s,l,
1526288211.1544,13.940000,38.48835050,b,l,
1526255964.3215,14.685300,3.00000000,b,l,
1526347619.7762,13.760000,500.00000000,s,m,
1526389082.0914,13.920700,515.35000000,s,m,
1526304607.1908,13.011200,4.61141171,s,l,
1526271843.7991,13.698500,68.35316660,s,l,
1526239078.9261,14.590000,16.08531639,b,m,
1526260369.3433,14.620800,7.14000000,s,l,
1526271848.1988,13.698500,3.29020650,s,l,
1526271849.6238,13.698500,23.74273350,s,l,
1526271852.8965,13.698500,11.40333160,s,l,
1526304622.8834,13.000000,2.99222028,s,m,
1526288239.1754,13.940000,120.00000000,b,m,
1526271856.642,13.698500,4.46230000,s,l,
1526321010.7656,14.150000,59.61971313,b,l,
1526321011.5806,14.150000,457.08446736,b,l,
1526321012.144,14.150000,33.25083517,b,l,
1526411451.2549,12.836000,6.92000000,b,l,
1526271862.4976,13.698500,25.30840000,s,l,
1526268513.6995,13.728900,0.00360373,b,l,
1526271865.9908,13.691000,38.24149772,s,l,
1526267865.3516,14.050000,71.17437000,s,l,
1526157179.686,13.530000,500.00000000,s,m,
1526306794.6702,14.130000,29.95743810,b,m,
1526203707.9856,14.130000,250.00000000,b,m,
1526370178.6003,14.200000,24.72009000,b,l,
1526410561.8359,12.700000,14.85453767,b,l,
1526194839.4872,13.990000,11.86835988,b,l,
1526410562.4665,12.700000,204.46754432,b,l,
1526304655.7837,13.000000,161.47080000,s,l,
1526303430.5649,13.220000,100.00000000,s,l,
1526266333.1995,14.150000,0.36740962,s,m,
1526233070.403,14.600000,44.71545707,s,m,
1526259427.0986,14.690000,5.41153381,b,m,
1526271895.8101,13.572000,8.32000000,s,l,
1526410564.5956,12.700000,469.02652963,b,l,
1526402981.5183,13.409900,3.53076175,b,m,
1526157222.9067,13.672900,10.00000000,b,m,
1526233073.397,14.578000,0.00014424,s,m,
1526304682.9527,13.000000,161.62020000,s,l,
1526304683.1895,13.000200,0.00008567,b,l,
1526304685.5379,13.000400,49.50154761,b,l,
1526304689.8159,13.003400,10.00000000,s,l,
1526306159.5454,14.023800,25.00000000,s,m,
1526288701.3565,13.800800,43.05658506,s,m,
1526304695.8574,13.032200,65.55980773,b,l,
1526304697.0869,13.032100,46.06780356,b,l,
1526266333.2045,14.150000,0.00000144,s,m,
1526304700.4469,13.032300,5.55005689,b,l,
1526186795.0336,13.670900,0.05173065,s,m,
1526304703.6135,13.032600,83.54836800,b,l,
1526159948.0473,13.646500,11.08580310,s,l,
1526410571.3938,12.700000,145.40040040,b,l,
1526403013.4434,13.419600,3.00000000,b,l,
1526304762.5968,13.002000,112.24213903,s,m,
1526323191.1571,14.085600,6.81896000,s,m,
1526298522.1914,13.700200,0.00000040,s,m,
1526271951.9248,13.570000,13.24900000,s,l,
1526197379.5563,13.977000,11.71421307,s,l,
1526304721.1713,13.062200,88.00000000,b,l,
1526393996.0264,13.823800,3.00000000,b,l,
1526409272.7952,12.790000,19.94813523,s,m,
1526304728.0263,13.062100,23.03390178,b,l,
1526395491.9228,13.516500,342.71255872,b,m,
1526337502.6917,13.840000,22.72213031,s,l,
1526288354.3249,13.904200,14.14072184,s,l,
1526288355.7496,13.900000,4.99972184,s,l,
1526235814.2019,14.869500,6.92000000,b,l,
1526304742.1936,13.125300,20.00000000,b,m,
1526311838.8743,14.389000,189.00000000,b,l,
1526271980.8515,13.550100,3.27300000,s,l,
1526315005.3156,14.247500,8.32000000,s,l,
1526410364.9799,12.643100,8.85379100,s,m,
1526245716.8095,15.000000,0.14614738,s,m,
1526157222.9093,13.700800,711.90400000,b,m,
1526304762.591,13.003500,1300.00000000,s,m,
1526335948.9359,13.999900,5.00000000,b,l,
1526173695.7476,13.720000,20.94554159,s,m,
1526337536.9121,13.840000,43.10296569,s,l,
1526272003.352,13.638400,37.72339189,b,l,
1526272007.3748,13.638400,10.00000000,b,l,
1526272009.4953,13.638400,32.47428420,b,l,
1526222858.3054,14.281700,0.31351636,b,m,
1526166306.0578,14.200000,0.15974431,b,m,
1526337549.3109,13.820400,37.81230000,s,l,
1526268589.2757,13.729000,79.16916917,b,l,
1526337553.2295,13.820400,23.20946488,s,l,
1526239251.16,14.659900,8.95734181,b,l,
1526306710.9846,14.140000,100.00000000,b,m,
1526288406.8474,13.892600,241.48024888,s,l,
1526386009.7906,14.087500,6.92000000,b,m,
1526256516.5179,14.400300,0.09199045,s,l,
1526198514.1745,14.122500,11.77000000,b,m,
1526386717.7456,14.082200,213.18141439,b,l,
1526171408.1362,13.900000,15.00000000,s,m,
1526288418.0696,13.892200,4.42882883,b,l,
1526272035.9177,13.669800,5.20000000,b,l,
1526272038.5706,13.640100,7.76600000,s,l,
1526337575.0208,13.781300,7.10819424,s,m,
1526303655.894,13.155100,123.29002963,s,m,
1526222893.2553,14.346700,142.86000000,b,m,
1526337584.9165,13.780000,99.78048580,s,m,
1526375381.4087,14.159800,0.00000014,b,m,
1526248226.4057,14.820200,0.00013254,s,m,
1526386742.6526,14.080000,146.84693182,b,m,
1526303239.9175,13.420700,991.84500000,s,m,
1526272058.8405,13.669700,5.30000000,b,l,
1526304828.367,13.086400,275.00000000,b,m,
1526401092.1026,13.440000,125.00000000,b,l,
1526272066.8018,13.660300,8.32000000,s,l,
1526272067.7526,13.646400,4.36800000,s,l,
1526304762.5941,13.003400,251.01377417,s,m,
1526304429.8655,13.140000,892.56370000,s,l,
1526399671.9468,13.400000,62.86000000,s,m,
1526337616.7863,13.780000,20.38283431,s,l,
1526276792.3041,13.800000,12.01707090,s,l,
1526345445.9871,13.940000,50.00000000,s,l,
1526337621.3821,13.780000,0.01885347,s,m,
1526190166.9696,13.730500,455.10445275,s,l,
1526386775.1499,14.077400,25.00000000,b,m,
1526403166.8503,13.329200,0.38658692,s,m,
1526178940.7453,13.500000,500.00000000,s,l,
1526245768.264,15.010000,0.00100171,s,m,
1526255717.7583,14.618500,10.00000000,b,l,
1526255719.8775,14.600000,0.02661502,s,m,
1526166577.9067,14.230000,0.01631517,b,m,
1526172620.9068,13.576000,146.55710993,s,m,
1526255732.8804,14.618500,35.00000000,b,l,
1526268194.0378,13.619800,0.00050438,s,m,
1526256740.9425,14.420000,0.17944623,s,m,
1526306056.8713,13.808000,827.45804257,s,m,
1526403166.8525,13.329200,0.00100252,s,m,
1526337670.8267,13.792200,4.32605648,b,l,
1526255753.1296,14.653100,68.24494500,b,l,
1526194216.5111,14.000000,0.10685779,b,m,
1526231096.3725,14.980200,225.99102816,s,l,
1526227672.2645,14.294000,0.01293267,s,m,
1526271796.1837,13.700000,82.38886330,s,l,
1526304921.6367,13.086400,1.54322359,b,l,
1526401095.5228,13.500000,74.86832118,s,l,
1526238575.0268,14.672700,23.32211863,s,l,
1526255772.9702,14.653100,9.00000000,b,l,
1526337693.8807,13.800100,13.63327818,s,l,
1526162028.215,13.790000,8.00000000,b,l,
1526239393.2834,14.620000,0.05705050,b,m,
1526335392.9414,14.000000,49.89025144,s,m,
1526157118.7041,13.650000,0.00948771,s,l,
1526268849.7163,13.560100,76.68000000,s,m,
1526206631.3575,14.230700,13.68375531,s,l,
1526288554.0985,13.852000,151.82796668,s,m,
1526386859.1941,14.069500,9.00000000,b,m,
1526239405.1842,14.619900,4.47867090,b,l,
1526306845.6721,14.103500,3.00000000,s,l,
1526413469.6647,12.740000,0.00007768,s,l,
1526255795.0692,14.653100,50.00000000,b,l,
1526253117.6619,14.800600,10.74700000,s,m,
1526197383.2875,13.971000,107.71421307,s,l,
1526321339.2569,14.191100,25.00000000,b,m,
1526234697.0523,14.759900,4.89474183,b,l,
1526312309.4969,14.374800,161.15050000,s,l,
1526304960.953,13.100000,0.00018474,s,m,
1526239251.1737,14.679900,31.10600000,b,l,
1526306493.3774,14.270000,352.85390000,b,m,
1526267891.8662,13.828900,25.00000000,s,m,
1526235853.9729,14.840000,125.00000000,b,m,
1526255830.7316,14.652400,4.00000000,b,l,
1526199238.8687,14.060000,125.00000000,b,l,
1526231339.2488,15.000000,181.53720482,s,l,
1526407644.0952,12.798600,110.41096196,s,l,
1526336175.7285,13.957000,157.00000000,s,m,
1526288611.4222,13.853100,72.18600800,s,l,
1526230551.1354,14.946400,36.43277348,s,m,
1526408320.1706,12.540000,40.00000000,s,m,
1526255851.811,14.652300,3.00000000,b,l,
1526288620.2033,13.852100,72.19122000,s,l,
1526288621.4831,13.852000,84.28475839,s,l,
1526230398.3243,14.910000,435.34986587,b,m,
1526407645.8487,12.789900,12.87277277,b,l,
1526335484.9087,13.878600,0.00000003,s,m,
1526255872.2099,14.652100,8.00000000,b,l,
1526386048.5887,13.970000,58.11290925,s,m,
1526235862.191,14.770200,0.00905286,s,m,
1526205825.685,14.360000,15.29739740,b,l,
1526267663.2802,14.150000,25.89490000,s,l,
1526244476.0593,14.942500,5.21483529,s,l,
1526255886.728,14.651900,9.00000000,b,l,
1526241325.3914,14.650000,6.48191160,s,l,
1526227672.2355,14.302700,98.18000000,s,l,
1526245775.6253,15.010000,0.00000071,s,m,
1526337814.5018,13.810000,36.20564000,s,l,
1526407646.6256,12.789900,11.58888889,b,l,
1526315055.5537,14.246400,24.89585439,s,l,
1526306493.3815,14.279000,1300.00000000,b,m,
1526312325.74,14.374600,0.00049160,s,l,
1526255904.428,14.651800,4.00000000,b,l,
1526173986.3956,13.814200,25.00000000,b,m,
1526337827.6221,13.800000,8.17996691,s,l,
1526206758.3818,14.270000,15.28288288,b,l,
1526233137.0196,14.638100,73.53122425,b,l,
1526306059.9656,13.910000,0.00008783,b,l,
1526181255.5076,13.600000,18.66191122,s,m,
1526205750.0457,14.344500,4.18278783,s,l,
1526161597.1547,13.789500,7.30133547,b,m,
1526199241.6423,14.060000,29.74007552,s,l,
1526255926.0753,14.651600,25.12100000,b,l,
1526157119.4682,13.650000,8.95403700,s,l,
1526337850.7596,13.800000,4.90798015,s,l,
1526337851.6812,13.800000,4.90798015,s,l,
1526288701.3588,13.800800,0.08541494,s,m,
1526337858.8697,13.800000,36.20600000,s,l,
1526337859.6855,13.800000,19.06676168,s,l,
1526223176.5635,14.290000,55.00000000,b,l,
1526255945.9258,14.685400,26.64432900,b,l,
1526310964.6505,14.191600,8.32000000,s,m,
1526194914.4651,14.064800,25.00000000,b,m,
1526305102.5673,13.258900,57.71321321,b,l,
1526306307.0787,14.250000,35.08771000,b,m,
1526305105.181,13.258900,84.45278679,b,l,
1526265913.8399,14.250700,9.00000000,s,l,
1526305113.7684,13.269900,131.26936936,b,l,
1526255962.0395,14.685400,0.35567100,s,l,
1526321499.8722,14.188900,3.00000000,b,l,
1526157660.9425,13.548000,3.58411230,s,l,
1526337885.7081,13.799600,23.95579812,b,m,
1526354270.8902,13.920000,72.00000000,b,m,
1526396987.082,13.533200,84.81800313,b,m,
1526305127.5281,13.270000,49.03273273,s,l,
1526230340.8832,14.909800,8.32000000,b,m,
1526167485.2924,14.077000,490.66000000,s,m,
1526255984.3714,14.685000,8.00000000,b,l,
1526305137.5476,13.270000,27.81389768,s,l,
1526238611.3687,14.689900,14.85915916,b,l,
1526193672.591,14.050800,6.54083600,s,l,
1526321530.1739,14.188900,145.04243230,b,l,
1526337918.4963,13.799400,50.90190392,b,l,
1526305151.4667,13.250000,77.59379379,b,l,
1526305152.5608,13.250000,10.91300000,b,l,
1526412014.1476,12.658300,24.03500000,s,m,
1526218884.5095,14.206600,6.92000000,b,m,
1526256003.4925,14.684600,4.00000000,b,l,
1526230422.1718,14.805600,163.45967447,s,m,
1526305159.8623,13.250000,150.71590000,b,l,
1526230156.9023,14.680000,52.50000000,s,m,
1526272393.663,13.620600,7.14000000,s,m,
1526305162.6693,13.250000,122.03573574,b,l,
1526208578.5211,14.180000,125.00000000,b,m,
1526365198.7659,14.103000,52.82300000,s,m,
1526305169.3976,13.250000,183.12122122,b,l,
1526167058.7157,14.253500,0.00260834,s,l,
1526325998.2549,14.100000,12.77216238,s,l,
1526397830.6126,13.550000,100.00000000,b,m,
1526387095.4713,13.975400,0.11170667,s,m,
1526305177.6956,13.250000,65.95325325,b,l,
1526305178.1826,13.250000,96.35475475,b,l,
1526305179.8911,13.250000,19.67767768,b,l,
1526305180.2239,13.250000,16.35725726,b,l,
1526306721.1092,14.130000,166.23420000,b,m,
1526176331.5001,13.610000,72.38325400,s,l,
1526305190.9302,13.250000,4.05955956,b,l,
1526233070.4201,14.570000,25.14690823,s,m,
1526305204.2382,13.250000,8.12090000,b,l,
1526305209.9867,13.250000,97.97287287,b,l,
1526368646.3125,14.180000,79.69663675,s,l,
1526305212.1019,13.250000,168.00000000,b,m,
1526233163.2326,14.637600,55.07467200,b,l,
1526245782.1185,15.010000,198.62152586,s,m,
1526177703.1202,13.570000,34.22749065,s,l,
1526321610.8512,14.189000,27.50863375,s,l,
1526312041.9033,14.399000,201.92041239,s,m,
1526407598.6243,12.830000,1000.00000000,s,l,
1526381648.1795,14.328900,301.84838810,b,m,
1526162031.3951,13.800000,0.00013936,b,l,
1526305232.3379,13.250000,43.00000000,b,m,
1526167058.7127,14.253500,2.61095077,s,l,
1526165849.6721,14.020000,5.67404896,b,l,
1526199792.8926,13.990000,250.00000000,b,m,
1526305238.9076,13.250000,271.99660000,b,l,
1526305239.2294,13.250000,196.19101604,b,l,
1526266887.5667,14.250000,0.00070895,s,m,
1526363106.6332,14.150000,0.15910565,b,m,
1526282173.9316,13.772000,24.22220000,s,l,
1526336936.8909,13.915100,7.01990000,b,l,
1526321651.1208,14.189000,19.82320486,s,l,
1526190582.482,13.750100,4.71700000,s,l,
1526306056.8943,13.808000,0.00000041,s,m,
1526308388.3025,14.020000,0.00009203,b,l,
1526179161.0382,13.504000,280.82714680,b,l,
1526233073.3989,14.578000,0.00000032,s,m,
1526305284.0847,13.300000,99.35370677,b,m,
1526282622.1075,13.680000,28.41280000,s,l,
1526312366.3162,14.369100,0.05727895,s,l,
1526244429.8024,14.940900,0.02427371,s,m,
1526184024.9709,13.820600,0.00039250,s,m,
1526362918.4391,14.030100,0.00034639,s,l,
1526312366.3109,14.369500,6.92000000,s,l,
1526224985.5848,14.369600,9.00000000,b,m,
1526407924.2391,12.630100,47.11647762,s,m,
1526256740.9545,14.420000,361.31143489,s,m,
1526370847.0858,14.199500,8.88888889,b,l,
1526259577.3094,14.650200,500.00000000,s,l,
1526155903.914,13.551600,8.32000000,s,l,
1526404337.815,13.425000,0.00001335,b,m,
1526274635.4238,13.600000,10.00000000,s,m,
1526396524.9814,13.286600,0.00251379,s,m,
1526342852.9817,13.978400,124.57829700,b,m,
1526367478.4363,14.242900,19.53700000,b,l,
1526375381.3994,14.159800,34.36072753,b,m,
1526223418.7829,14.350000,0.00001267,b,l,
1526317834.4901,14.184100,356.88333553,b,m,
1526239806.8212,14.690000,75.00000000,b,m,
1526305345.103,13.259900,157.69199199,b,l,
1526157890.3019,13.684500,8.58250900,b,l,
1526232801.9642,14.710000,0.21903519,s,m,
1526195065.1009,14.007000,991.84500000,s,m,
1526311842.7911,14.422000,5.02084693,b,l,
1526256199.375,14.600000,1300.00000000,s,l,
1526256207.8203,14.600000,7.10850000,s,l,
1526174288.5509,13.799800,5.00000000,b,l,
1526365198.7745,14.090800,0.02140784,s,m,
1526256211.6596,14.600000,7.10850000,s,l,
1526256212.0303,14.600000,7.10850000,s,l,
1526256214.0553,14.600000,7.10850000,s,l,
1526256215.5841,14.600000,7.10850000,s,l,
1526305370.0774,13.249600,132.08538539,b,l,
1526370907.6061,14.200000,479.27700710,b,l,
1526193672.5776,14.051000,26.43004700,s,l,
1526305376.2528,13.231300,34.03188567,s,l,
1526305377.051,13.222700,157.71441441,b,l,
1526305378.2736,13.222700,145.64840000,b,l,
1526305379.7186,13.222700,369.74345901,b,l,
1526343826.7533,14.050000,99.90073989,b,m,
1526239847.7664,14.709900,150.56584046,b,m,
1526157928.94,13.712000,58.19904270,s,l,
1526256235.1613,14.600000,24.00000000,s,l,
1526256241.9973,14.609700,66.27492602,b,l,
1526256242.9638,14.609900,62.58204100,s,l,
1526311515.1539,14.236700,43.66664315,b,l,
1526225001.2826,14.297200,8.81708423,s,m,
1526406021.1081,13.090000,125.00000000,b,m,
1526185905.5897,13.830600,76.05786645,s,l,
1526190717.308,13.839500,7.20000000,b,l,
1526349033.7384,13.855100,0.59035687,s,m,
1526227076.5404,14.464500,0.11933128,b,l,
1526298731.9991,13.750000,58.33589091,b,l,
1526305412.8026,13.171600,5.00000000,s,l,
1526239879.5695,14.670000,125.00000000,b,m,
1526305417.9554,13.250000,14.04784785,b,l,
1526305418.2881,13.250000,14.04864785,s,l,
1526242660.7551,14.710000,2.29966116,s,m,
1526401536.7136,13.542500,769.42732140,b,m,
1526256269.7339,14.600000,5.48207296,s,l,
1526228496.7444,14.550000,199.76028765,b,l,
1526272656.3447,13.669800,0.00004158,b,l,
1526256276.589,14.602000,12.53093690,b,l,
1526305429.6104,13.230000,35.45475475,b,l,
1526239894.4838,14.700000,11.90008800,s,l,
1526321815.7122,14.190000,69.17834413,b,l,
1526370968.0314,14.200000,90.86870486,s,m,
1526305433.7635,13.229900,139.06408268,b,l,
1526239899.4731,14.700000,99.90000000,s,l,
1526269507.0481,13.665000,168.00000000,b,l,
1526394309.1578,13.810000,125.00000000,b,l,
1526321824.0614,14.199400,5.00000000,b,l,
1526187964.9608,13.528400,0.00000251,s,m,
1526321826.9497,14.199400,32.03449114,s,l,
1526260507.9881,14.633400,472.70793846,s,m,
1526305446.0253,13.172100,34.94300000,s,l,
1526331505.1404,14.300000,81.42320000,s,l,
1526403753.6288,13.425000,0.01594892,b,l,
1526394311.9281,13.831000,286.39767768,s,l,
1526311640.2709,14.256000,9.00000000,b,l,
1526306730.1973,14.148000,157.00141784,b,l,
1526183854.605,13.860600,72.14694800,s,m,
1526321842.459,14.188900,0.00067948,s,l,
1526305464.2214,13.170000,13.95860000,s,l,
1526272698.5322,13.677500,196.22926501,s,l,
1526306185.2609,14.080000,114.98420000,b,l,
1526170400.8937,14.000000,0.00006731,s,m,
1526305474.1392,13.170000,79.60480481,b,l,
1526338243.1805,13.850000,5.00000000,b,m,
1526394887.8719,13.520800,44.84356906,s,m,
1526305479.4928,13.169900,90.07129467,b,l,
1526338788.866,13.730000,0.33261968,s,m,
1526387404.5258,13.955000,3.00000000,s,l,
1526267891.8028,13.834800,126.06861016,s,m,
1526387407.607,13.949500,7.16870000,s,l,
1526387408.8737,13.933200,3.16636637,b,l,
1526398906.2108,13.600000,0.61285343,b,m,
1526162702.2684,13.821100,2.23675499,s,l,
1526305491.7666,13.180000,0.25542888,b,l,
1526312398.3244,14.444100,113.97380000,s,l,
1526268062.5794,13.734400,2.25199201,s,m,
1526312825.3961,14.500000,142.94780000,b,l,
1526311741.4201,14.297000,6.99447375,s,l,
1526410703.8904,12.713100,99.74068271,s,m,
1526190818.219,13.780100,18.48100000,s,l,
1526204871.7964,14.449500,132.74945396,b,m,
1526215077.194,14.375000,4.98703371,s,m,
1526190827.3135,13.780100,73.47761222,s,l,
1526223598.6361,14.478600,100.00000000,b,m,
1526387442.3813,13.910000,1000.00000000,s,l,
1526256378.3618,14.600000,83.98980000,s,l,
1526256380.1637,14.600000,49.94670000,s,l,
1526244138.5048,14.856000,6.73127000,b,l,
1526321918.1457,14.159900,65.18450242,b,l,
1526189525.9233,13.747700,0.07197789,b,l,
1526321921.9915,14.159900,8.50232640,b,l,
1526387458.6056,13.900000,340.00000000,s,l,
1526186795.036,13.670900,0.00013415,s,m,
1526227672.2623,14.294000,4.98703380,s,m,
1526323191.1255,14.085800,27.11600000,s,m,
1526387467.069,13.870100,12.53650000,s,l,
1526256396.5072,14.600000,415.28925128,s,l,
1526227757.0678,14.383100,150.56584046,b,m,
1526240016.7623,14.700000,10.07653741,s,l,
1526329956.1215,14.153400,10.49149800,b,m,
1526158099.1323,13.737900,7.27915000,b,l,
1526338466.7421,13.770000,353.30403357,s,l,
1526223639.9467,14.477100,150.56584046,b,m,
1526321944.4452,14.150000,29.69510000,s,l,
1526267914.5711,13.884900,4.32124106,s,l,
1526307899.6087,14.097800,112.03700000,b,l,
1526395008.1877,13.410000,351.69866733,s,l,
1526256421.9834,14.570000,19.98000000,s,l,
1526382351.5851,14.205300,44.29486800,s,l,
1526317873.405,14.120000,3.72160000,s,l,
1526305776.639,13.459200,3.50357764,b,m,
1526256427.7396,14.570000,185.92253000,s,l,
1526199258.6005,14.060000,125.00000000,b,l,
1526412336.3074,12.599400,56.00100100,b,l,
1526239393.2853,14.620000,0.00007061,b,m,
1526223667.924,14.357000,97.12911258,s,l,
1526172620.8788,13.623800,73.40096000,s,m,
1526182982.1585,13.840000,0.00067076,s,l,
1526240061.7419,14.600000,54.00000000,s,l,
1526314261.975,14.395200,0.00000196,b,l,
1526211381.299,14.230200,194.87185453,s,l,
1526408210.1,12.600000,5.90443691,b,l,
1526181255.4884,13.651600,135.78166662,s,m,
1526223685.3339,14.424400,57.43415954,b,l,
1526247814.8496,14.945400,12.59400000,b,m,
1526321993.121,14.150000,60.00000000,s,l,
1526240077.4983,14.578600,51.28371380,s,l,
1526256464.1116,14.447000,0.00048609,s,m,
1526290914.7282,13.749900,47.07307307,b,l,
1526272851.136,13.757500,7.26100000,b,l,
1526298766.2972,13.700000,465.90500000,s,l,
1526322006.0311,14.150000,17.54430000,s,l,
1526367034.6503,14.240000,230.31901734,s,l,
1526334669.561,14.181000,86.77438659,s,m,
1526405663.2944,13.000000,5.00000000,s,m,
1526240100.4339,14.570600,14.28000000,s,l,
1526239086.2603,14.570000,40.00000000,s,m,
1526256486.0318,14.472900,35.74217777,s,l,
1526162236.1638,13.880100,119.83992550,s,l,
1526308373.4416,14.164400,91.68000000,b,m,
1526256493.5778,14.472900,15.15100000,s,l,
1526223729.7525,14.280100,39.99772863,s,m,
1526408669.8975,12.610000,0.51730651,s,m,
1526274196.1195,13.700000,30.11765000,s,l,
1526359587.8227,14.100000,0.00019169,b,l,
1526256516.5152,14.400300,35.47293367,s,l,
1526309771.0425,14.300000,32.30375959,s,l,
1526304685.5411,13.000400,0.03956958,b,l,
1526199261.6426,14.069900,169.75283444,b,m,
1526240139.1256,14.570000,20.00000000,s,l,
1526162242.5694,13.873800,7.08400000,s,l,
1526256528.1874,14.420300,0.12822735,s,l,
1526282392.0588,13.791800,6.92000000,b,m,
1526365198.7765,14.090800,0.00004163,s,m,
1526338455.2384,13.781000,43.19250000,s,l,
1526268740.0726,13.670500,7.49900000,s,l,
1526338463.6426,13.781000,48.32927219,s,l,
1526256544.0347,14.470000,6.98205702,s,l,
1526338466.7371,13.780000,946.69596643,s,l,
1526240164.9642,14.570000,5.24727000,s,l,
1526387621.1402,14.020600,14.06775043,b,l,
1526303239.9328,13.400100,147.05257328,s,m,
1526272936.343,13.757500,0.00776000,b,l,
1526339740.9866,13.777300,48.18503719,b,l,
1526282188.959,13.696700,229.94720755,s,m,
1526267891.8111,13.828900,2274.91650208,s,m,
1526305710.7434,13.300000,500.00000000,b,l,
1526230905.1604,15.000000,30.00000000,b,m,
1526305714.4501,13.300000,15.75000000,b,l,
1526272947.1509,13.770000,900.00000000,s,m,
1526308921.7119,14.230100,8.75838454,b,l,
1526253117.6415,14.843100,84.91210357,s,m,
1526159519.2217,13.616400,523.87000000,b,l,
1526203210.9492,13.842900,3.61195992,s,l,
1526194348.9049,13.958000,10.00000000,s,m,
1526380704.2318,14.137000,145.26170000,b,l,
1526290895.3133,13.749900,6.00600601,b,l,
1526312041.9192,14.398900,6.92000000,s,m,
1526159105.2467,13.611400,10.00000000,s,m,
1526344031.3159,14.015600,149.78855064,s,l,
1526167236.7214,14.150000,0.14858661,s,m,
1526304622.8606,13.000000,61.18178304,s,m,
1526203214.6238,13.830100,5.47200475,s,l,
1526205945.2935,14.360000,9.67340000,b,l,
1526159524.7881,13.616400,10.68000000,s,l,
1526394887.8478,13.550000,0.21860258,s,m,
1526272988.6634,13.797000,17.33840000,b,l,
1526272989.2635,13.797000,10.80000000,b,l,
1526305761.7944,13.430000,15.06890000,b,l,
1526305764.6511,13.433100,264.88987836,s,l,
1526267684.1112,14.150000,19.99128870,s,l,
1526272999.3571,13.797000,24.61500000,b,l,
1526156796.698,13.500000,14.48196000,s,l,
1526176896.9522,13.583000,109.45788936,s,l,
1526268551.2777,13.728900,10.00000000,b,l,
1526305774.6102,13.433500,48.16585311,s,l,
1526410749.0414,12.770000,0.55341100,b,l,
1526305776.6558,13.459300,5.00000000,b,m,
1526159528.3737,13.600000,0.09156446,b,l,
1526232544.0476,14.830100,21.29401800,s,l,
1526273015.924,13.797000,125.81260001,b,l,
1526268062.7414,13.650000,135.00000000,s,m,
1526256795.6082,14.331700,0.00017322,s,m,
1526339754.7794,13.789800,5.20416999,b,l,
1526406034.26,13.133600,16.93285000,b,l,
1526408320.1528,12.593500,5.00000000,s,m,
1526322180.0544,14.223600,7.00000000,b,m,
1526303468.7117,13.269700,19.92875130,b,m,
1526184359.2401,13.970400,16.92564339,b,m,
1526306988.6733,14.139000,0.00000996,b,l,
1526273035.3389,13.838000,27.76203931,b,m,
1526322188.8547,14.223100,18.00000000,b,m,
1526371343.2362,14.210000,100.00000000,s,l,
1526239251.1791,14.687000,31.07189700,b,l,
1526256671.2788,14.470000,3.35263146,s,l,
1526283283.7169,13.594500,143.64740000,s,m,
1526199266.9153,14.060200,7.19208910,s,l,
1526312825.728,14.500000,142.94780000,b,l,
1526305833.265,13.568800,600.00000000,b,m,
1526156807.0172,13.500000,10.28517600,s,l,
1526409026.4022,12.776800,717.23019501,b,m,
1526371373.6103,14.200000,0.22013211,s,m,
1526371374.3866,14.200000,1300.00000000,s,l,
1526371376.7856,14.200000,356.59869406,s,l,
1526375381.4125,14.180300,32.33601827,b,m,
1526371381.8053,14.180000,639.21814185,s,l,
1526305848.1037,13.531500,150.43045001,b,l,
1526159237.1862,13.560000,41.57191303,s,m,
1526273083.738,13.838000,80.00000000,b,m,
1526305854.8216,13.532800,9.00000000,s,l,
1526158402.9548,13.800000,13.73800000,b,l,
1526176899.2359,13.576100,57.19632991,s,l,
1526267718.6523,14.100000,150.15635391,s,l,
1526236001.9037,14.830000,125.00000000,b,l,
1526165004.3781,13.930000,6.00531945,b,l,
1526405303.0703,13.240000,261.83068731,s,l,
1526413129.134,12.750300,9.00000000,s,m,
1526312461.4681,14.486700,354.42294379,b,m,
1526305873.6107,13.550000,1300.00000000,b,l,
1526338642.8695,13.771000,9.97406742,s,m,
1526305876.7221,13.550000,90.12062062,b,l,
1526263310.7835,14.580000,500.00000000,s,l,
1526305880.9292,13.617400,73.43545700,s,l,
1526305882.7514,13.619300,14.95200000,b,l,
1526282188.9507,13.772000,255.03689370,s,m,
1526305884.3735,13.629900,17.60834635,b,l,
1526158429.5443,13.800000,3.05405405,b,l,
1526279696.8367,13.838000,19.94140000,b,m,
1526364347.5663,14.139900,164.75265000,b,l,
1526256740.9478,14.420000,0.00000121,s,m,
1526371429.2834,14.115900,7.08419000,s,l,
1526305894.9416,13.661900,18.35886425,b,l,
1526371431.2401,14.112000,79.17390000,s,l,
1526307004.6434,14.147900,1000.00000000,b,l,
1526355052.6633,13.979800,8.42410000,b,l,
1526305901.1368,13.691000,8.37310000,b,l,
1526371438.2462,14.112000,14.14833750,s,l,
1526268776.2297,13.573600,97.25400000,s,l,
1526305911.2348,13.662000,5.12568659,b,l,
1526289528.5058,13.900000,30.32400000,s,l,
1526289530.559,13.900000,58.67600000,s,l,
1526259581.8554,14.640000,125.00000000,b,l,
1526267891.8176,13.828900,60.00000000,s,m,
1526303554.7688,13.050000,100.00000000,s,m,
1526355076.5974,13.979800,32.01400501,b,l,
1526256773.3396,14.420000,12.00000000,s,l,
1526256775.6789,14.420000,7.31142511,s,l,
1526371464.6667,14.030000,66.63660000,s,l,
1526268780.5952,13.560000,495.57900321,s,l,
1526158474.2734,13.800000,72.67573913,b,m,
1526230551.1563,14.908800,0.15886061,s,m,
1526305933.7809,13.691000,57.72976143,b,l,
1526371470.1407,14.022000,16.56920710,s,l,
1526311504.4015,14.225300,178.59460000,b,l,
1526306493.3887,14.360000,216.88052925,b,m,
1526305938.9276,13.739800,147.11770000,b,l,
1526305940.6362,13.739800,7.51860000,b,l,
1526187813.4721,13.520300,0.71302143,s,m,
1526371478.8466,14.000100,42.07000000,s,l,
1526362918.4292,14.030300,8.32000000,s,l,
1526305944.3307,13.739800,229.16597191,b,l,
1526207641.0664,14.299900,63.89816712,b,m,
1526256795.6168,14.331700,10.00000000,s,m,
1526363347.8572,14.178700,153.53400880,b,m,
1526195426.3761,13.961000,172.00000000,s,l,
1526305955.7834,13.772000,20.16298481,b,l,
1526305956.7386,13.772000,16.25413162,b,l,
1526268785.6335,13.560100,11.00000000,s,l,
1526406064.0444,13.031100,40.04354000,s,m,
1526227640.1687,14.343200,3.48597245,s,m,
1526260594.6056,14.740600,9.89292159,b,m,
1526355124.9457,13.980000,5.00000000,s,l,
1526305973.9188,13.900000,59.94005994,b,l,
1526232544.0398,14.830500,24.43300000,s,l,
1526264739.2449,14.417800,224.50609448,s,m,
1526170902.0367,13.986700,219.79613896,b,m,
1526244578.1953,14.942500,0.00000012,b,m,
1526156172.8103,13.675000,16.52800000,b,m,
1526268791.0211,13.510100,10.00000000,s,l,
1526380824.538,14.310000,58.00000000,b,l,
1526209092.182,14.230000,125.00000000,b,m,
1526207697.2558,14.240300,28.45777600,s,l,
1526308385.2719,14.031000,100.00000000,s,l,
1526195065.0981,14.020000,1000.00000000,s,m,
1526335742.5222,13.810100,120.74770000,s,l,
1526273243.7758,13.689700,188.08528431,s,m,
1526268794.2711,13.507400,43.62842843,b,l,
1526205989.8842,14.319000,65.89696200,s,m,
1526338788.868,13.730000,0.00059764,s,m,
1526207718.3919,14.292000,150.74808397,b,l,
1526408224.9246,12.651700,63.57490439,b,l,
1526191336.0294,13.710000,67.75972000,s,m,
1526305973.0605,13.826000,1300.00000000,s,l,
1526256876.5941,14.422000,7.00000000,b,m,
1526303554.742,13.090200,0.00000003,s,m,
1526404337.8176,13.453600,13.84000000,b,m,
1526308386.9069,14.020000,134.91379700,b,l,
1526407625.2314,12.750000,10.00000000,s,m,
1526255145.5897,14.774200,29.28100000,b,m,
1526176905.4537,13.550000,10.00000000,s,l,
1526306047.0726,13.900000,107.98918919,b,l,
1526408064.0551,12.621300,185.33085141,s,m,
1526407011.8656,13.040000,12.17321892,s,m,
1526412044.3378,12.658800,15.02200000,s,l,
1526371591.3614,13.982000,3.00000000,s,l,
1526306056.8923,13.808000,0.00017156,s,m,
1526306059.9618,13.910000,34.41652706,b,l,
1526322444.8252,14.150000,49.56196000,s,l,
1526306061.1186,13.848000,3.00000000,s,l,
1526371601.084,13.973800,32.38128861,s,l,
1526158544.1513,13.686700,12.49999990,s,m,
1526194216.516,14.059600,18.00000000,b,m,
1526371605.8515,13.953900,25.35355355,b,l,
1526408124.1198,12.588000,25.00000000,s,m,
1526175000.2824,13.837700,4.70000000,b,l,
1526306075.8895,13.910000,27.00000000,s,l,
1526175005.8257,13.837700,0.05043783,b,l,
1526407211.1686,13.080000,3.00000000,b,l,
1526189703.0698,13.750300,135.96400000,s,l,
1526246960.2277,14.985600,7.14000000,b,m,
1526347995.1329,13.780000,250.00000000,s,m,
1526230340.8919,14.910000,40.68000000,b,m,
1526268806.9528,13.507400,14.62660000,b,l,
1526268807.4049,13.507400,5.78651311,b,l,
1526413682.8305,12.950000,74.70359073,s,l,
1526308388.3005,14.020000,0.09437508,b,l,
1526240565.6483,14.640000,5.00000000,b,m,
1526367113.5268,14.238800,39.96799200,b,m,
1526256954.2626,14.422000,12.57964065,b,l,
1526318864.4739,14.012000,38.93939480,s,m,
1526259427.1303,14.825400,6.74520000,b,m,
1526404416.933,13.358200,13.23746279,s,l,
1526311662.9236,14.260000,0.00005197,b,l,
1526309771.0551,14.300000,0.07734340,s,l,
1526335484.8963,13.879400,78.00000000,s,m,
1526404421.6485,13.447500,24.00000000,b,m,
1526338888.8977,13.740700,3.00000000,b,m,
1526256975.2254,14.422000,90.51340313,b,m,
1526306207.3296,14.232600,1080.70574665,b,m,
1526226009.9093,14.386200,3.42702703,b,l,
1526306135.1313,13.978200,15.38370727,s,l,
1526306136.6743,13.978200,170.65823242,s,l,
