time,price,volume,buy_or_sell,market_or_limit,misc
1526339740.557,726.02000,2.19652025,b,m,
1526224215.3619,714.90000,2.38970000,b,l,
1526229101.2602,729.00000,0.26894375,b,l,
1526405695.7997,715.80000,21.21971637,s,l,
1526277111.9381,697.46000,2.58000000,b,m,
1526268057.5238,709.40000,0.20747988,s,m,
1526325121.2484,734.00000,0.00000314,s,m,
1526202408.3702,678.80000,1.11683015,s,m,
1526255289.5047,729.98000,0.04700000,b,l,
1526333488.2653,738.66000,0.05000000,b,m,
1526333495.0329,738.00000,0.02500000,s,l,
1526202439.8463,678.32000,0.30080157,s,l,
1526333516.1849,738.00000,0.35000000,s,m,
1526267917.9746,710.32000,2.00000000,s,m,
1526397204.3332,717.44000,2.79848258,b,m,
1526277113.2868,698.15000,2.70927388,b,m,
1526250926.7087,732.55000,0.02600000,b,l,
1526371109.9461,735.97000,0.04140599,b,l,
1526325123.9689,734.53000,0.06422000,b,m,
1526315194.467,733.16000,0.02100000,b,l,
1526236396.4969,730.81000,4.02030494,s,m,
1526306132.5384,720.00000,3.25928679,b,m,
1526202475.5382,678.30000,0.39839840,b,l,
1526327918.0942,735.69000,5.00000000,b,m,
1526271383.4512,700.21000,5.00000000,s,l,
1526333557.9168,738.53000,0.19411804,b,l,
1526202486.6995,678.30000,4.30080003,b,l,
1526396857.8045,714.50000,0.15473019,b,m,
1526202493.86,678.24000,0.01442293,s,l,
1526394909.8467,712.00000,2.00000000,s,m,
1526364537.8521,735.30000,5.48805000,b,l,
1526229105.9208,729.21000,1.74922914,s,m,
1526264437.0858,726.58000,2.95072251,b,l,
1526207754.8942,691.06000,18.57290000,s,l,
1526386228.2893,734.29000,0.46300000,b,m,
1526274629.7738,688.10000,1.50000000,s,m,
1526395501.6183,713.23000,4.40000000,b,m,
1526394900.0645,715.82000,1.02430740,b,m,
1526224239.5542,714.90000,0.40198909,b,m,
1526289776.2922,706.41000,0.42299543,s,m,
1526246086.2418,740.45000,0.06610898,b,m,
1526333606.6175,738.01000,0.03500000,s,m,
1526284643.2117,700.51000,0.02600000,b,l,
1526307226.7031,731.07000,1.88000000,b,m,
1526333611.7164,738.36000,0.15191368,b,m,
1526394958.0958,712.03000,1.24076032,s,m,
1526377500.2818,731.00000,0.05508825,b,l,
1526197814.5361,683.87000,0.06110000,b,l,
1526306477.7307,727.69000,0.32466921,b,l,
1526307668.383,726.56000,0.60000000,s,l,
1526371933.819,725.93000,0.18992685,s,m,
1526311626.7559,723.00000,0.57718042,b,l,
1526202558.8894,677.22000,0.07383125,s,l,
1526311627.6312,723.00000,0.84290000,b,l,
1526209697.0833,692.98000,0.02500000,b,l,
1526206717.6656,693.61000,0.23358750,s,m,
1526268416.95,704.67000,0.23846816,s,l,
1526311629.6454,723.38000,1.03267378,s,l,
1526242201.6091,728.97000,0.02100000,b,l,
1526390264.7084,727.49000,0.03300000,b,l,
1526330075.4326,733.48000,0.02500000,b,l,
1526333657.8837,738.01000,0.42595271,s,m,
1526311631.7062,723.39000,0.03500000,b,m,
1526333663.567,738.00000,0.06771764,b,m,
1526311632.8433,723.52000,0.02400000,s,l,
1526202921.7077,681.10000,0.00006768,b,l,
1526311633.5978,723.86000,0.02400000,b,l,
1526224252.8928,714.11000,0.23059341,s,m,
1526202603.6528,678.33000,0.25491834,s,l,
1526281870.6812,704.00000,1.50000000,s,m,
1526202408.3432,678.86000,0.17258205,s,m,
1526333683.6106,737.93000,0.02194295,s,m,
1526305006.1826,690.34000,0.04000000,b,m,
1526267945.0488,711.49000,0.04700000,b,m,
1526333689.3164,737.93000,0.23124334,s,l,
1526311637.4947,723.99000,0.02400000,b,l,
1526202626.5768,678.21000,0.19645725,s,l,
1526207416.0154,693.50000,0.27050400,s,m,
1526311639.6677,723.99000,0.08123168,s,m,
1526242203.0425,729.00000,0.67900000,b,m,
1526333709.8606,737.95000,0.64372341,s,l,
1526396857.838,715.90000,4.95300000,b,m,
1526295055.5129,706.69000,0.00766901,b,m,
1526224259.6996,714.10000,1.09737620,s,m,
1526311641.2959,724.28000,0.02400000,b,l,
1526373139.4366,725.42000,0.69481416,s,m,
1526255297.2736,729.99000,0.09012806,b,l,
1526229110.0552,729.90000,0.21971000,b,l,
1526202654.8738,679.53000,6.97320226,b,l,
1526202660.1673,679.60000,10.00000000,b,l,
1526272305.9428,692.30000,2.98636336,b,l,
1526202663.8019,678.31000,5.00000000,s,l,
1526311644.1984,724.33000,2.73973850,b,l,
1526267954.29,710.43000,2.52068070,s,l,
1526233219.1595,722.00000,56.10631226,s,l,
1526361459.226,729.54000,0.06193432,b,m,
1526333749.3253,737.95000,0.38359425,s,m,
1526275676.7014,693.61000,0.23708643,s,m,
1526202689.8527,680.70000,0.00000462,b,m,
1526333762.726,738.00000,0.43228236,b,m,
1526333764.9803,737.97000,0.13800000,b,m,
1526405977.1478,716.99000,0.17808082,s,l,
1526289805.8896,706.70000,0.17328464,s,m,
1526267960.7388,710.33000,0.12658338,s,m,
1526272757.1834,692.77000,0.03920234,b,l,
1526337891.6568,720.64000,0.44164395,b,m,
1526286884.7171,703.25000,0.02300000,b,l,
1526353102.6939,723.68000,0.02000000,b,m,
1526333792.9882,738.95000,0.00012969,b,m,
1526224272.7197,714.10000,0.68059341,s,l,
1526268393.6076,706.20000,0.70000000,s,m,
1526214655.1143,699.26000,0.98500000,b,l,
1526202728.1144,680.53000,0.12918589,s,l,
1526265202.4103,723.40000,0.00015505,b,l,
1526333809.5665,738.94000,0.33385067,b,m,
1526333810.9384,737.96000,0.99780483,s,m,
1526202745.6356,680.52000,1.00000000,s,l,
1526314059.3434,729.06000,2.09206687,s,m,
1526394965.6737,712.60000,0.25923968,s,m,
1526202760.2382,680.52000,1.00000000,s,l,
1526408059.0763,712.00000,88.22322622,s,l,
1526333837.3678,737.97000,0.86159417,s,l,
1526202770.4862,680.70000,0.05547100,b,l,
1526267971.1444,710.32000,5.00000000,s,m,
1526333845.3792,737.96000,0.04301047,s,l,
1526224281.2168,714.00000,0.35800000,b,m,
1526333848.7645,737.94000,0.06538575,s,l,
1526333849.6948,737.91000,0.38378308,s,l,
1526333851.7261,737.96000,0.00098952,b,m,
1526333852.8031,737.93000,0.17283271,s,l,
1526188875.1297,671.73000,0.43876184,b,m,
1526399046.2798,718.14000,0.43704201,s,l,
1526407763.5607,711.12000,3.02400000,s,l,
1526279744.2311,704.03000,1.02982659,b,m,
1526369077.861,733.49000,0.17706212,b,m,
1526377203.0044,730.07000,5.00000000,s,l,
1526211657.2142,697.00000,0.04099618,s,l,
1526268396.6652,706.00000,11.73953403,s,l,
1526377205.3581,730.00000,1.21779063,b,l,
1526377206.6833,730.00000,1.35704443,b,l,
1526381874.7699,733.65000,3.85100000,s,l,
1526390689.0189,726.23000,0.57899270,s,m,
1526233336.6544,721.40000,0.40574214,b,l,
1526394968.9868,712.07000,1.00000000,s,m,
1526271857.7509,690.00000,4.00000000,s,m,
1526242210.3547,730.00000,0.76125164,b,l,
1526311675.3411,725.51000,3.28700000,s,l,
1526224295.073,714.87000,0.32320751,b,l,
1526333933.6779,737.92000,0.40000000,s,m,
1526337160.3082,723.00000,8.87300000,s,l,
1526294585.7688,706.37000,0.01866944,b,l,
1526289833.7483,706.17000,2.17825640,s,l,
1526311679.5895,725.06000,0.63284830,b,l,
1526393422.1036,728.20000,0.00000005,b,m,
1526224298.6479,714.90000,7.94360700,b,l,
1526246144.6967,739.18000,0.17240292,s,l,
1526307679.6267,726.70000,0.25000000,b,m,
1526311681.6075,725.06000,0.13732266,b,l,
1526246576.7588,736.00000,0.07741295,s,l,
1526313909.0779,731.95000,8.86300000,s,m,
1526333969.904,737.92000,0.12041794,s,m,
1526395606.3407,713.99000,0.10000000,b,l,
1526224302.3511,714.90000,25.86660137,b,l,
1526268399.2786,705.00000,1.00000000,s,m,
1526202904.5918,680.47000,0.02700000,b,l,
1526188038.3149,669.60000,0.00706776,s,m,
1526383283.065,733.00000,9.01438499,b,l,
1526377221.6042,729.99000,0.02750260,b,l,
1526232553.775,727.30000,1.60100000,s,m,
1526308498.4074,731.06000,0.10086147,b,m,
1526202916.5705,680.48000,0.02700000,b,l,
1526232905.2842,726.00000,6.00000000,s,l,
1526224305.2087,716.19000,6.42633980,b,l,
1526202921.7132,681.10000,53.72205544,b,l,
1526202929.0777,680.97000,0.41718923,b,l,
1526268400.0297,705.00000,0.15000000,s,m,
1526355380.7196,727.21000,0.02500000,b,m,
1526282961.1471,697.01000,0.05500000,b,m,
1526256713.8199,719.00000,1.33090000,s,l,
1526412089.0761,709.58000,0.30768679,b,m,
1526403701.577,723.61000,0.00000072,b,l,
1526267821.0234,714.39000,0.15000000,b,m,
1526224313.0351,716.99000,2.44289743,b,l,
1526202971.1266,680.50000,0.28897359,s,l,
1526241001.6154,729.00000,1.01166255,s,l,
1526301231.7718,704.89000,0.12310642,b,l,
1526256226.355,726.52000,0.79977736,b,m,
1526311697.8488,725.00000,10.00000000,s,l,
1526334066.2813,738.00000,0.89500000,b,l,
1526334067.0347,738.00000,0.98800000,b,m,
1526202997.7525,680.48000,0.02500000,b,l,
1526202998.347,681.26000,0.02100000,s,l,
1526203000.5508,681.26000,7.70000000,s,l,
1526396857.9482,718.94000,10.00000000,b,m,
1526239992.8874,730.97000,0.02500000,b,l,
1526203009.1564,681.26000,7.19500400,s,l,
1526203010.4125,681.26000,10.43000000,s,l,
1526203014.3751,681.26000,1.54999340,s,l,
1526203015.4817,681.26000,0.20029240,s,l,
1526399084.6294,719.20000,0.02700000,b,m,
1526394828.7916,718.00000,3.00000000,s,m,
1526269807.451,699.34000,1.28466898,s,l,
1526205147.3516,698.83000,0.02500000,b,m,
1526188817.8243,671.00000,0.91369567,s,m,
1526334115.8914,738.01000,0.02162705,s,l,
1526334119.8724,737.99000,0.27754276,b,m,
1526203051.6507,679.82000,0.02030876,s,l,
1526386246.4424,734.19000,0.03860031,b,l,
1526259675.95,729.00000,1.42352751,s,l,
1526377245.3393,730.00000,0.69720171,b,l,
1526399340.3994,718.89000,1.00000000,b,l,
1526334144.665,737.99000,0.02200000,b,l,
1526334150.5999,738.00000,0.47890000,b,l,
1526246177.2846,739.02000,0.28432482,s,l,
1526350114.5285,726.84000,0.00002320,s,m,
1526377250.4125,730.00000,0.12681195,b,l,
1526203086.6487,679.87000,0.14652393,b,l,
1526334160.6873,737.99000,0.02600000,b,m,
1526308113.5156,732.00000,4.38790850,b,l,
1526334171.1425,737.98000,0.02200000,b,m,
1526309022.3426,735.85000,0.33584851,b,m,
1526268027.9586,710.39000,2.70853807,s,m,
1526334180.323,737.44000,0.35927693,s,l,
1526285864.7449,700.44000,0.08100152,b,l,
1526320769.0128,732.66000,3.44249200,b,m,
1526317751.5645,729.96000,0.03458144,b,l,
1526202493.8514,678.24000,0.03562701,s,l,
1526381884.7828,731.92000,2.69374254,s,l,
1526289876.0522,706.23000,0.46300000,s,l,
1526335522.143,723.65000,8.70000000,s,l,
1526293724.4269,703.90000,0.02300000,b,l,
1526312687.0294,727.68000,8.76238044,b,l,
1526294594.1666,706.54000,0.15794729,b,m,
1526267764.9944,714.25000,0.06000000,b,m,
1526405980.5687,717.09000,5.20000000,b,l,
1526399488.4723,719.02000,0.02000000,b,m,
1526362970.3211,732.11000,1.36000000,b,l,
1526303324.3721,696.00000,2.05000000,b,l,
1526194211.4473,682.44000,0.34910354,s,m,
1526203171.9426,679.83000,0.04412608,b,l,
1526408875.5576,708.67000,0.59887630,s,l,
1526377265.6865,730.00000,0.06963354,b,l,
1526287852.7445,706.83000,0.02600000,b,l,
1526268039.8699,709.50000,5.00000000,s,m,
1526246195.9542,739.00000,1.00000000,s,l,
1526308615.4612,734.49000,0.25040101,b,m,
1526203194.9187,679.30000,0.19129233,s,l,
1526303325.9411,696.00000,20.20000000,b,l,
1526327836.5785,735.49000,0.02600000,b,m,
1526308620.2151,734.37000,0.22021122,b,l,
1526307068.0729,733.00000,0.04800000,b,m,
1526334281.5601,737.89000,0.89751442,b,m,
1526248443.443,729.04000,2.46928061,s,l,
1526202603.6719,677.64000,0.05212549,s,l,
1526394810.8351,719.29000,0.28000000,s,m,
1526381887.6798,731.92000,4.04000000,b,l,
1526272774.7598,693.10000,0.06504876,b,l,
1526233080.5079,722.00000,0.19591482,s,m,
1526334293.8988,737.88000,0.02600000,b,m,
1526334302.7618,737.88000,0.02200000,b,m,
1526246203.7056,739.26000,1.82833333,b,m,
1526324801.7424,737.71000,0.02300590,b,m,
1526321416.3172,733.41000,7.70000000,b,l,
1526311526.2174,721.14000,1.11100000,b,l,
1526311740.0158,725.94000,0.53968238,b,l,
1526316420.2196,728.26000,0.22126123,s,m,
1526226386.4945,722.37000,1.47064851,b,m,
1526334320.6429,737.87000,0.02200000,b,l,
1526359569.7404,728.85000,4.90100000,b,m,
1526268411.5814,705.00000,0.00612654,s,l,
1526271313.4108,701.47000,8.49440226,s,l,
1526396558.682,710.40000,0.17831670,b,m,
1526377282.1283,730.00000,3.57705068,b,l,
1526229131.9338,729.40000,0.01245798,s,m,
1526268057.5306,709.31000,0.52500000,s,m,
1526403712.8485,724.69000,0.02900000,b,l,
1526311749.1027,725.92000,1.57500000,b,l,
1526216038.3168,700.00000,16.45890846,b,l,
1526363209.3723,734.93000,13.50000000,b,l,
1526334385.0848,737.77000,0.30792666,b,l,
1526306229.9085,728.00000,0.10000000,b,m,
1526320611.2209,731.27000,0.50000000,s,m,
1526246217.5895,738.50000,1.40705428,s,l,
1526403713.3579,725.56000,0.02100000,b,l,
1526334394.5561,737.06000,0.30243608,s,l,
1526268413.8718,705.01000,1.00000000,b,l,
1526334398.6557,737.00000,9.05940000,b,l,
1526203328.2095,678.64000,8.49440226,s,m,
1526229170.2723,729.15000,2.68191182,s,m,
1526272331.4853,693.00000,0.46395216,s,l,
1526311641.3008,724.33000,1.49456000,b,l,
1526304725.8789,689.20000,1.76626744,b,m,
1526223709.7769,716.64000,0.70183423,s,m,
1526334409.3982,736.81000,0.04015980,s,l,
1526339641.6899,723.99000,0.02100000,b,l,
1526268067.708,709.30000,7.69930828,s,l,
1526304520.4446,690.52000,0.56000000,s,l,
1526256823.8101,717.48000,13.95600000,b,l,
1526334422.2755,736.99000,0.29856769,b,m,
1526394985.2751,713.53000,1.00000000,b,m,
1526268414.3505,705.01000,4.70000000,b,m,
1526246223.3828,738.51000,0.18311670,s,l,
1526390767.239,726.24000,10.14900000,s,l,
1526203362.4409,679.56000,0.02000000,b,m,
1526289915.3933,704.69000,1.00000000,s,m,
1526267703.4564,715.60000,0.03499538,s,m,
1526334444.8075,736.99000,0.23480278,b,m,
1526334446.6189,736.50000,0.97410831,s,l,
1526335047.2922,727.51000,5.00000000,s,l,
1526334450.6241,736.60000,0.72862000,b,l,
1526256419.1832,723.00000,0.08298755,s,m,
1526268039.8111,709.60000,3.19990208,s,m,
1526334462.2527,736.51000,10.14900000,s,l,
1526311765.6234,725.27000,1.84741046,b,l,
1526289920.2772,704.68000,0.14316043,b,m,
1526334472.8498,736.50000,2.00000000,s,m,
1526407833.0279,711.41000,3.94000000,b,l,
1526224386.9359,716.94000,0.75000000,b,m,
1526334480.3836,736.51000,0.02200000,b,l,
1526268416.2395,705.00000,0.18011970,s,l,
1526268079.1394,709.30000,1.50000000,s,m,
1526334496.1085,736.50000,37.02589169,s,l,
1526268080.5084,709.21000,7.89995066,s,l,
1526311772.3157,725.27000,0.14154372,b,l,
1526310836.7413,727.47000,0.22580390,b,l,
1526334514.1693,736.59000,0.17042906,b,m,
1526268084.6643,709.15000,0.50000000,s,l,
1526405982.9373,717.30000,19.00000000,b,l,
1526364437.8949,733.18000,0.50000000,b,l,
1526334535.7959,736.00000,0.50000000,s,m,
1526334536.1421,736.00000,0.95509662,s,m,
1526387104.2602,734.00000,17.02038000,b,l,
1526377314.287,730.00000,5.71426663,b,l,
1526334544.3569,736.47000,0.02100000,b,m,
1526334545.8701,736.00000,0.85000000,s,l,
1526334547.8721,736.00000,0.73000000,s,l,
1526334548.1326,736.00000,0.98000000,s,l,
1526334549.9357,736.00000,1.88857307,s,l,
1526334552.8488,736.00000,8.63498791,s,l,
1526334567.3582,735.14000,0.03510977,s,l,
1526203496.9371,679.30000,0.03250676,b,l,
1526203497.3009,679.55000,0.02838578,b,l,
1526203499.6583,679.58000,0.30354367,b,l,
1526203500.3101,679.85000,0.05600000,b,l,
1526203501.9345,679.93000,0.02700000,b,l,
1526203502.729,680.77000,0.34718569,b,l,
1526203503.7775,680.77000,2.20281431,b,l,
1526203506.6746,681.00000,0.02771502,b,l,
1526203507.2008,681.11000,0.00003560,b,l,
1526202558.8859,677.23000,11.96000000,s,l,
1526334582.6466,733.75000,0.66000000,s,m,
1526258211.1292,728.05000,0.13884000,b,m,
1526203527.6426,681.90000,1.23564120,s,l,
1526303336.5152,697.23000,0.00306649,s,m,
1526204925.1407,698.00000,0.00000047,b,m,
1526334607.4833,733.02000,1.00000000,s,m,
1526229607.0912,732.74000,0.01540715,s,m,
1526203538.7599,681.81000,1.42289920,s,m,
1526316430.4656,728.00000,2.00000000,s,m,
1526203547.9053,681.81000,1.50000000,s,m,
1526289946.1429,704.40000,0.05451338,b,m,
1526203553.4022,682.74000,2.12924159,b,l,
1526334629.4394,733.02000,0.22897441,s,m,
1526394992.4232,712.01000,5.88099838,s,l,
1526203565.7794,681.81000,0.20152393,s,l,
1526268105.1974,708.00000,2.82485000,s,l,
1526246261.9882,737.93000,0.02296723,s,m,
1526334657.5902,733.19000,0.02600000,b,l,
1526334660.3161,733.49000,0.40706000,b,l,
1526334661.1207,733.50000,0.59329590,b,l,
1526334663.1303,733.93000,0.45198608,b,m,
1526268108.8489,707.80000,0.40246695,s,m,
1526246263.6442,738.89000,0.49180595,b,m,
1526334671.3773,733.60000,1.50000000,s,l,
1526242751.2646,731.41000,0.02100000,b,m,
1526198590.9658,683.81000,0.02100000,b,l,
1526407579.0806,709.95000,10.00000000,s,m,
1526399183.5036,718.15000,0.32254385,s,l,
1526334688.7479,734.43000,0.03499259,b,m,
1526334693.5469,733.30000,1.00000000,s,m,
1526334694.4823,734.41000,0.05726369,b,m,
1526334695.5407,733.06000,0.14000000,s,m,
1526203625.1682,682.98000,0.02700000,b,l,
1526334698.1844,734.97000,0.57000000,b,m,
1526289959.0645,704.99000,0.32003297,b,m,
1526203629.3731,683.30000,7.70000000,b,l,
1526334703.5152,734.70000,1.50000000,b,m,
1526203633.6082,683.56000,0.02400000,b,l,
1526304727.7773,687.62000,1.00000000,s,l,
1526334709.7079,734.95000,0.02200000,b,m,
1526394793.3928,720.00000,0.10000000,s,m,
1526268116.444,708.08000,1.54989347,b,l,
1526391144.5922,727.53000,0.02100000,b,m,
1526312069.9061,725.98000,0.02400000,b,l,
1526203650.7294,685.23000,76.76481678,b,l,
1526203656.7345,685.22000,1.35240000,b,l,
1526203657.6161,685.22000,3.96190226,b,l,
1526233508.3811,725.12000,0.79483872,s,l,
1526203662.619,686.40000,2.37000000,b,m,
1526203663.8651,686.40000,268.04400000,b,l,
1526334736.4849,734.94000,0.17606600,b,l,
1526266753.6985,720.79000,0.09969078,b,l,
1526289966.1982,704.70000,0.04910000,b,l,
1526203671.7273,686.67000,0.04405559,b,l,
1526203676.8102,686.81000,0.70000000,b,l,
1526203680.6252,687.00000,0.40447307,b,l,
1526203683.5752,689.26000,9.91691690,b,m,
1526203685.689,688.96000,0.08993612,b,l,
1526203687.3321,689.26000,1.27400000,b,l,
1526203688.0358,689.26000,1.03433433,b,l,
1526268124.0084,707.60000,0.06000000,s,l,
1526203691.4786,688.96000,5.00000000,s,l,
1526399197.859,716.00000,1.78200000,s,m,
1526203696.5584,690.00000,7.98828829,b,l,
1526203697.8725,690.00000,5.07755596,b,l,
1526203698.7032,690.00000,0.10000000,b,l,
1526203702.9251,690.42000,2.03360500,b,l,
1526203703.7969,692.70000,2.95693106,b,m,
1526229145.7512,730.80000,1.89100000,b,m,
1526203707.0933,693.00000,1.00000000,b,m,
1526203715.1318,691.70000,1.50000000,b,l,
1526203719.0482,693.00000,11.22952457,b,m,
1526200773.8182,681.78000,0.05300000,b,l,
1526289975.016,704.99000,0.23657977,b,l,
1526203725.1089,692.53000,2.31795937,b,m,
1526334798.1802,734.64000,0.02600000,b,l,
1526207754.9227,690.50000,0.00005746,s,l,
1526203728.2699,692.96000,0.08820000,b,l,
1526203729.1451,693.00000,0.90549360,s,l,
1526203731.1072,692.53000,9.32500000,s,l,
1526203733.4847,692.53000,6.30919085,s,l,
1526338259.2316,722.87000,0.04952480,b,m,
1526224441.9287,716.75000,0.05143141,b,l,
1526220417.8952,703.97000,0.02600000,b,l,
1526268132.9748,707.56000,0.35000000,s,m,
1526203738.1414,692.54000,0.72783983,s,l,
1526230462.7528,731.00000,1.64700000,b,l,
1526224442.0678,716.97000,0.07194041,b,l,
1526205158.6225,697.67000,2.93680602,s,m,
1526203744.4167,693.40000,2.83088495,b,l,
1526334818.8093,733.50000,3.69463824,s,m,
1526203747.4119,692.24000,0.06000000,s,l,
1526203748.9184,692.24000,1.63259774,s,l,
1526203749.1,692.24000,1.44322520,s,l,
1526397255.1551,718.01000,0.01385458,b,m,
1526305887.8416,709.66000,3.94800000,b,m,
1526203757.0178,692.23000,1.67832000,s,l,
1526363212.7462,736.00000,9.65500000,s,l,
1526306347.8584,723.70000,1.50000000,s,m,
1526203763.8441,692.69000,0.15651854,s,l,
1526203765.2011,692.98000,0.04800000,b,l,
1526334838.472,734.64000,0.02600000,b,l,
1526203769.1358,693.41000,1.30276076,b,m,
1526200853.6288,682.54000,0.02500000,b,l,
1526244462.7719,738.60000,0.18700000,s,l,
1526334848.2739,733.51000,0.20000000,s,l,
1526289984.9794,705.37000,3.30558742,s,l,
1526202603.6684,677.65000,8.29407765,s,l,
1526289985.0137,705.35000,0.00344020,s,l,
1526268695.0882,703.60000,35.09605957,s,l,
1526203786.4661,693.50000,0.80000000,b,m,
1526289986.0887,705.00000,1.09899629,b,l,
1526203790.4048,693.49000,0.02800000,b,l,
1526334864.9949,733.40000,0.03000000,b,l,
1526203793.0649,693.50000,0.80000000,b,m,
1526203794.8246,694.24000,0.05501613,b,l,
1526321195.891,731.11000,0.20883284,s,m,
1526203797.1582,694.00000,12.00000000,s,l,
1526334870.1256,733.31000,0.07930615,s,m,
1526334871.7489,733.40000,0.02000000,b,l,
1526334873.3835,734.64000,0.03084129,s,l,
1526334877.502,733.30000,1.50000000,s,m,
1526203808.0424,694.98000,0.40000000,b,m,
1526321067.4065,731.63000,0.15152414,s,l,
1526337654.4848,722.08000,0.97100000,b,l,
1526203814.2421,694.90000,1.50000000,b,m,
1526203819.7915,694.00000,3.35461023,s,m,
1526282836.8991,696.77000,0.02300000,b,l,
1526203825.477,694.95000,1.90700000,b,m,
1526333683.6499,737.93000,0.00005690,s,m,
1526223828.9694,717.89000,0.02400000,b,m,
1526395001.8953,711.25000,4.81850037,s,m,
1526334904.7384,734.00000,0.11990000,b,l,
1526268430.0419,704.21000,1.73855970,s,l,
1526311839.3866,726.30000,1.50000000,s,l,
1526201509.9872,682.16000,5.00000000,b,m,
1526315657.5462,731.91000,0.21988276,s,m,
1526272795.7249,693.10000,1.00000000,b,m,
1526203854.5852,694.38000,0.02800000,b,m,
1526274177.1122,696.09000,3.11080110,b,m,
1526203857.7015,693.41000,1.77712110,s,l,
1526203859.6547,693.41000,0.80000000,s,m,
1526203860.4268,694.10000,0.20000000,b,m,
1526268431.0144,704.29000,0.02700000,b,l,
1526259702.7161,728.41000,5.00000000,s,l,
1526203874.5528,693.40000,1.00000000,s,l,
1526408708.9614,707.73000,2.55000000,s,l,
1526267721.7445,712.00000,2.35008264,s,m,
1526203882.2992,693.70000,21.00000000,b,l,
1526203885.9486,694.00000,7.81844000,s,l,
1526203887.2898,693.86000,1.50000000,b,m,
1526409125.1971,710.98000,0.21833573,s,l,
1526203892.7853,693.12000,0.40000000,s,m,
1526302879.6946,702.00000,5.23624860,b,l,
1526203895.3589,693.85000,0.80300000,b,m,
1526256475.6108,721.21000,18.13690000,s,m,
1526334979.7171,733.47000,0.38261137,s,m,
1526363213.0287,736.00000,9.65500000,s,l,
1526203910.7294,692.09000,0.04610538,s,m,
1526268161.2769,707.51000,0.11343574,s,m,
1526203913.4054,693.58000,1.88800470,b,l,
1526213528.0045,697.01000,0.48174648,s,l,
1526334987.8194,732.90000,0.50220111,s,m,
1526202626.5869,678.21000,0.11696393,s,l,
1526203918.6735,693.59000,0.02500000,b,l,
1526337305.7645,721.73000,0.51734744,b,l,
1526334998.4236,733.79000,2.99088284,b,m,
1526214840.0437,701.54000,1.00000000,b,l,
1526395017.6222,711.87000,0.11920000,s,m,
1526335010.7492,732.22000,1.80298183,s,l,
1526203939.6207,694.39000,0.02600000,b,l,
1526203941.9869,695.30000,14.00000000,s,l,
1526203942.6606,695.30000,8.84067568,s,l,
1526335015.4072,730.75000,2.86005399,s,m,
1526335017.0336,730.81000,0.30000000,b,m,
1526203946.9445,694.00000,0.59949990,s,l,
1526335020.5481,730.74000,0.08140000,b,l,
1526203949.6355,694.81000,0.82000000,b,m,
1526335026.5631,730.25000,1.00000000,s,l,
1526246323.2358,737.39000,0.02100000,b,m,
1526335028.9984,729.96000,5.37600000,s,l,
1526335029.003,729.88000,0.10000000,s,l,
1526335030.8211,728.26000,2.28970000,s,m,
1526335031.1996,728.85000,0.40000000,b,m,
1526203960.7081,694.69000,0.07000000,b,m,
1526335033.4926,728.27000,0.36904533,s,m,
1526290015.2037,706.86000,0.02854321,b,l,
1526335036.9333,728.85000,2.07000000,s,l,
1526306475.5009,727.10000,0.46200000,b,l,
1526308620.4411,739.00000,15.17993291,b,m,
1526272432.4091,689.00000,1.00000000,s,m,
1526336083.9556,726.02000,0.49843377,s,l,
1526335047.3209,726.90000,1.00000000,s,m,
1526335048.1306,727.00000,1.02186067,b,l,
1526268172.3779,707.51000,25.00000000,s,m,
1526312080.2407,726.00000,5.00000000,b,m,
1526335051.167,727.00000,20.00000000,b,l,
1526335052.1406,727.00000,0.39881631,b,l,
1526215586.9666,698.67000,0.14726203,b,m,
1526335058.8278,727.41000,2.00000000,s,m,
1526335059.111,727.11000,2.46256738,s,l,
1526230533.7296,731.00000,0.10000000,b,l,
1526387654.4493,732.99000,0.02715074,b,m,
1526204001.8604,694.67000,1.45152403,s,l,
1526204005.4502,695.77000,0.81844710,b,m,
1526204009.1441,695.35000,1.58279715,b,m,
1526335082.7396,729.19000,4.00000000,b,m,
1526360595.4977,726.36000,4.77628195,s,m,
1526377549.2164,731.00000,0.29491175,b,l,
1526204019.8529,695.34000,0.02200000,b,m,
1526204021.4739,695.93000,0.01603548,b,l,
1526335102.365,727.91000,0.23891307,s,l,
1526204034.5354,695.77000,0.48658699,s,l,
1526204035.7838,695.77000,7.91341301,s,l,
1526390099.9003,730.24000,2.58000000,s,l,
1526303353.7519,696.00000,1.07857858,s,m,
1526204041.4691,697.00000,10.00000000,b,m,
1526335114.0295,729.20000,1.25000000,b,m,
1526268437.4979,704.22000,5.00000000,s,l,
1526355566.4347,726.50000,15.24996100,s,l,
1526335126.2672,726.84000,0.68800000,s,m,
1526204055.7775,696.11000,0.02300000,b,l,
1526204056.2222,696.02000,0.02492514,s,l,
1526335129.8534,726.90000,1.50000000,s,l,
1526381915.5606,733.00000,1.00000000,b,l,
1526299908.6491,704.91000,0.18918919,b,l,
1526204062.3121,696.97000,0.03000000,b,m,
1526204063.0299,696.98000,0.20000000,b,m,
1526335137.4934,726.20000,0.00597607,s,m,
1526204066.8432,696.50000,0.10516403,s,l,
1526204069.86,696.97000,0.77836208,b,l,
1526335142.2036,726.90000,10.00000000,b,m,
1526204071.4046,697.10000,10.00000000,b,m,
1526335146.5617,726.21000,1.00000000,s,m,
1526255526.3828,730.32000,6.75431196,b,m,
1526355570.4259,726.50000,0.15501236,s,l,
1526204078.5917,696.89000,0.02300000,b,l,
1526233522.6368,724.69000,8.57021790,s,l,
1526204080.3403,696.10000,1.50000000,s,l,
1526204082.6946,696.60000,9.60000000,b,l,
1526202654.8776,679.53000,1.44322520,b,l,
1526204087.3575,696.00000,0.04309909,s,l,
1526381916.8328,732.24000,5.00000000,s,l,
1526335165.5111,726.93000,0.33261814,s,l,
1526338271.186,722.90000,0.11112652,b,m,
1526204095.0972,696.00000,2.95058477,s,l,
1526246347.588,735.43000,0.00000676,s,m,
1526335172.5574,728.17000,0.17816287,b,m,
1526204101.7619,695.61000,1.00000000,b,l,
1526370210.9808,735.46000,0.02500000,b,l,
1526204104.346,695.00000,0.09200000,s,l,
1526204105.7238,695.50000,0.05000000,b,l,
1526204106.2286,695.00000,0.09200000,s,l,
1526204108.2638,695.00000,0.31600000,s,l,
1526335181.5704,728.68000,0.25000000,b,m,
1526204110.2466,695.00000,15.00000000,s,l,
1526335194.7844,727.09000,2.41300000,s,m,
1526335195.5254,729.61000,0.02424000,b,m,
1526225153.9275,713.94000,7.70000000,s,m,
1526246352.5573,734.99000,0.68000000,s,m,
1526360095.4011,729.95000,0.06462210,b,l,
1526202663.8243,678.28000,6.00000000,s,l,
1526204144.4353,694.58000,0.02500000,b,l,
1526335218.9074,728.00000,0.14088101,b,l,
1526207095.9188,694.97000,0.05200000,b,l,
1526381918.4712,734.08000,1.88000000,b,l,
1526394793.3891,720.01000,1.05000000,s,m,
1526335224.115,728.00000,5.41697900,b,l,
1526246356.5133,735.40000,2.82550085,b,l,
1526335226.1902,728.00000,6.73100000,b,l,
1526335227.508,728.00000,5.31111899,b,l,
1526276555.2295,696.26000,0.04000000,b,l,
1526286884.7318,703.59000,0.02600000,b,l,
1526369077.8428,732.81000,0.02600000,b,m,
1526300901.3248,705.99000,0.02600000,b,m,
1526204167.8786,694.58000,0.14179216,b,l,
1526268204.0906,706.51000,0.41650000,s,l,
1526204171.6979,694.90000,0.22207770,s,l,
1526239174.5595,730.89000,0.20000000,b,m,
1526335246.4434,728.06000,0.08140000,s,m,
1526258812.4311,729.91000,0.09900000,s,l,
1526335259.095,729.39000,0.82472561,b,m,
1526304596.5995,687.51000,1.00000000,s,m,
1526204191.7804,695.49000,0.04500000,b,l,
1526204195.8102,695.48000,0.05000000,s,l,
1526204197.4323,695.02000,0.70000000,s,m,
1526204201.4477,695.01000,0.10865361,s,m,
1526204202.4989,695.00000,5.00000000,s,m,
1526204209.6528,695.98000,2.83088495,b,m,
1526268039.2555,709.70000,7.77418435,s,m,
1526208712.9917,690.03000,0.02200000,b,m,
1526246620.5063,736.00000,0.94726664,b,l,
1526256475.7597,719.91000,0.06000000,s,m,
1526204214.3234,695.80000,1.50000000,s,l,
1526311903.7799,725.48000,0.78900000,b,l,
1526335295.3056,729.29000,0.94668375,b,m,
1526204224.1185,696.75000,1.07647300,b,m,
1526204233.3923,695.95000,0.05000000,b,l,
1526396857.8318,715.28000,1.08658555,b,m,
1526338276.4023,723.00000,0.35858448,b,l,
1526290063.0314,707.07000,0.94610839,b,l,
1526268218.3541,706.51000,1.37571223,s,m,
1526204254.9861,693.93000,0.09129944,s,m,
1526335329.9881,728.02000,0.46354312,s,l,
1526307415.5558,732.09000,0.42106568,b,m,
1526306477.7485,727.69000,2.00000000,b,l,
1526381922.9619,734.69000,0.17039943,b,l,
1526204273.2967,695.51000,0.01500000,b,l,
1526335352.4238,727.57000,10.00000000,s,m,
1526213077.5128,695.96000,0.02600000,b,l,
1526264578.6481,725.03000,0.00314278,s,m,
1526202689.8555,680.70000,0.03499538,b,m,
1526335368.214,727.99000,0.77967639,b,m,
1526377182.9444,730.06000,5.00000000,s,m,
1526335372.6714,727.21000,3.00000000,s,m,
1526333762.7459,738.75000,0.13093801,b,m,
1526246623.2871,735.45000,0.37105724,s,l,
1526204304.1436,694.20000,1.50000000,s,l,
1526204305.2371,693.83000,0.84600000,s,l,
1526335379.3984,726.29000,1.36000000,s,m,
1526335382.3425,726.61000,7.70000000,s,l,
1526395017.7785,710.70000,1.80285258,s,m,
1526335385.5849,725.94000,0.00459974,s,m,
1526335386.0539,726.00000,0.14448014,b,m,
1526335388.4022,725.94000,0.32450000,s,m,
1526335389.0251,726.00000,3.18400000,b,l,
1526214823.0635,701.52000,0.02300000,b,l,
1526268229.6568,706.70000,1.04438889,s,l,
1526335392.1508,726.00000,0.20400000,b,l,
1526224539.4509,717.00000,0.25000000,s,m,
1526335397.1721,727.94000,0.56640683,b,m,
1526204332.1916,693.81000,0.69683931,s,m,
1526335411.6854,727.30000,1.50000000,b,m,
1526246388.1105,733.76000,4.00000000,s,l,
1526402478.1727,723.16000,0.02100000,b,m,
1526355615.6461,726.56000,0.98825124,b,l,
1526335422.2448,725.99000,0.75653608,s,m,
1526204351.2765,694.50000,0.05000000,b,l,
1526364540.7082,735.97000,0.01583592,b,m,
1526204355.4875,694.49000,8.44440226,b,m,
1526363216.3619,733.10000,0.00341465,s,m,
1526335431.8029,725.38000,1.00000000,s,m,
1526208713.0016,690.09000,0.04100000,b,m,
1526335436.9425,727.07000,0.20214718,b,m,
1526277672.738,697.90000,19.46514164,s,l,
1526204367.5506,693.20000,0.39625618,b,l,
1526204368.1,693.26000,0.00019000,s,l,
1526339800.0192,725.50000,1.47800000,s,l,
1526204371.4438,693.10000,0.01000000,s,l,
1526204373.029,693.19000,0.02781000,b,l,
1526268448.7016,704.22000,1.65334500,s,l,
1526335449.5902,725.02000,0.60191365,s,m,
1526204380.455,693.70000,0.10000000,s,l,
1526335454.6779,725.02000,0.04780000,s,l,
1526204384.599,693.75000,0.04300000,b,l,
1526335459.9073,725.02000,0.09590400,s,l,
1526335460.9095,725.00000,1.00000000,s,l,
1526204389.8238,694.02000,0.05000000,b,l,
1526335462.1903,724.00000,5.00000000,s,l,
1526330919.9429,739.83000,2.61559989,b,m,
1526335468.2474,724.10000,1.50000000,s,m,
1526335471.6685,724.00000,0.60000000,s,m,
1526335472.8689,724.68000,0.63765720,b,m,
1526403749.2103,725.60000,0.25159030,b,l,
1526204404.4228,694.97000,0.02200000,b,l,
1526335484.5381,724.00000,10.00000000,s,l,
1526335485.7246,724.00000,0.86089994,s,m,
1526335487.2385,724.00000,3.46664615,s,l,
1526306478.3126,728.00000,0.34766921,b,l,
1526335490.7211,723.50000,0.30335262,s,l,
1526272814.9468,693.06000,0.00000023,s,l,
1526335492.6805,723.38000,0.03000723,b,m,
1526268246.646,706.90000,1.50000000,b,l,
1526335494.2633,723.70000,15.20524066,b,m,
1526204426.581,695.28000,0.02200000,b,l,
1526246402.6061,733.75000,0.08861864,s,l,
1526335502.9021,722.13000,0.04000000,s,m,
1526307351.857,731.02000,0.15010098,s,m,
1526335505.1766,723.00000,0.68099710,b,m,
1526204435.2638,695.00000,2.01997800,s,l,
1526268249.0781,707.58000,0.27769455,b,m,
1526214840.2051,701.54000,1.49179840,b,l,
1526335514.2887,723.35000,1.28492061,b,l,
1526335515.6935,723.57000,1.07000000,b,l,
1526335516.1009,723.57000,1.94600000,b,l,
1526335517.1916,723.56000,0.64246031,b,m,
1526335518.4857,723.75000,0.99548362,b,l,
1526359725.8044,729.65000,0.02100000,b,m,
1526335521.5466,723.94000,0.74506141,b,l,
1526335522.9359,724.56000,0.26375763,b,l,
1526204454.0309,695.00000,0.09090900,s,l,
1526335527.4245,725.10000,0.48000000,b,l,
1526335529.5654,725.10000,0.87300000,b,l,
1526204461.6878,695.00000,6.00000000,s,m,
1526268253.2832,707.64000,5.22716021,b,l,
1526335536.4905,726.00000,1.83938492,b,m,
1526204466.6987,695.00000,0.19941776,s,l,
1526204467.2595,695.13000,0.05000000,b,l,
1526335542.9971,725.99000,0.08030754,b,l,
1526335543.0012,726.00000,0.15203267,b,l,
1526224564.0666,716.80000,0.02179609,b,l,
1526361471.8753,728.08000,4.00000000,s,l,
1526249143.2789,730.45000,5.36029293,s,m,
1526335553.0833,726.00000,0.26969246,b,m,
1526338284.0961,722.03000,5.00000000,s,l,
1526256783.1566,716.76000,3.00000000,s,m,
1526335563.5792,727.15000,1.43888995,b,m,
1526373651.3414,726.15000,0.10209959,b,m,
1526335578.9713,726.00000,4.75268128,b,l,
1526390659.1217,726.90000,2.34672079,s,l,
1526335583.6017,725.43000,0.08173106,s,l,
1526306056.2411,717.52000,6.00000000,s,l,
1526385941.2857,731.77000,0.10003757,b,m,
1526412482.9497,709.39000,0.04800000,b,l,
1526335594.4309,725.45000,0.07981895,s,m,
1526290109.3386,707.10000,0.02000000,s,l,
1526202728.1066,680.53000,0.10402172,s,l,
1526316463.9955,728.76000,0.12364643,b,l,
1526308648.4532,740.49000,20.00000000,b,m,
1526229241.9763,730.65000,0.02100000,b,m,
1526204544.8057,695.07000,0.35000000,b,l,
1526204546.9143,695.07000,0.05000000,s,l,
1526320828.2107,731.75000,0.22648729,s,m,
1526399340.4049,719.16000,0.02100000,b,l,
1526330704.2855,740.10000,5.00000000,s,m,
1526307735.5949,725.56000,1.16335681,s,m,
1526254539.6955,728.76000,0.01452632,b,l,
1526335641.1821,725.99000,0.05007208,b,m,
1526311962.5535,726.01000,0.03813814,b,l,
1526412484.4133,710.00000,0.00472192,b,l,
1526204582.0845,695.06000,0.05000000,b,l,
1526246428.4075,733.01000,0.10397847,s,m,
1526187765.3754,670.97000,0.02000000,b,l,
1526281549.6449,703.96000,0.13953997,b,m,
1526335671.9364,726.00000,0.80000000,b,m,
1526335674.6047,726.00000,0.54144093,b,l,
1526268414.3645,705.19000,0.42493701,b,m,
1526268277.1555,708.06000,0.00278746,s,m,
1526335681.5006,726.00000,0.86932622,b,l,
1526335682.2723,726.00000,0.16631164,b,l,
1526335686.8746,725.99000,2.16992078,s,l,
1526335687.9064,725.99000,1.28314253,s,l,
1526204616.8197,695.00000,0.05130000,s,l,
1526335689.5694,726.00000,2.31015317,b,l,
1526256419.1753,723.05000,27.23861219,s,m,
1526204619.9067,695.03000,0.05000000,b,l,
1526307737.881,726.66000,0.29914077,b,m,
1526390663.5973,727.95000,0.20810217,b,m,
1526335701.2713,725.99000,2.30101603,s,l,
1526268281.0323,708.24000,10.00000000,b,l,
1526407579.1133,708.63000,2.48217542,s,m,
1526187342.82,672.39000,1.29000000,s,l,
1526335711.6418,725.48000,0.10158949,s,l,
1526335712.2375,724.19000,1.00000000,s,m,
1526390029.6699,730.84000,0.07259774,b,l,
1526335717.6285,724.90000,1.50000000,b,l,
1526225741.4659,718.39000,0.74730363,b,m,
1526290130.0337,707.06000,0.01400000,b,l,
1526204656.7538,695.02000,0.05000000,b,l,
1526246440.517,734.05000,0.00000005,b,l,
1526335732.8532,725.09000,0.88000000,b,m,
1526234408.7604,720.00000,0.09494529,s,m,
1526394793.3453,720.92000,5.00000000,s,m,
1526335737.2735,724.00000,1.02106839,s,l,
1526295132.4979,705.12000,0.05561931,s,m,
1526243631.6218,734.25000,0.02600000,b,l,
1526335743.0813,725.07000,7.23430824,b,m,
1526335745.0282,724.00000,1.97893161,s,l,
1526335746.6965,723.94000,3.29731863,s,l,
1526244504.4733,735.30000,0.65763451,s,m,
1526303566.3207,694.00000,3.00000000,s,l,
1526335758.1038,725.63000,1.00000000,b,m,
1526204696.454,694.99000,0.11884572,b,l,
1526204699.9335,694.99000,0.06517518,s,l,
1526303375.7951,695.00000,1.38578539,b,l,
1526203939.639,694.95000,0.03291839,b,l,
1526335780.9272,723.39000,7.70000000,s,l,
1526335781.7188,723.00000,0.02400000,b,l,
1526335784.7843,723.00000,1.51990739,b,l,
1526335785.3503,723.00000,0.01070841,b,m,
1526335787.9465,723.00000,0.07991738,b,l,
1526335789.4593,723.00000,14.79000000,b,l,
1526338793.389,718.06000,0.10000000,s,m,
1526335792.2444,723.00000,20.00000000,b,l,
1526335793.8286,723.00000,0.06800000,b,l,
1526335794.0451,723.00000,0.48038038,b,l,
1526335798.7479,723.00000,2.00150000,b,l,
1526268297.2769,708.66000,17.96000000,b,l,
1526335800.4264,723.00000,0.02980557,b,m,
1526335801.0191,723.00000,0.66065086,b,m,
1526407554.6513,712.00000,0.10102000,s,l,
1526335805.3339,723.00000,10.00000000,b,m,
1526335807.8523,723.00000,10.00000000,b,m,
1526335808.3079,723.00000,0.18255000,b,l,
1526335811.2454,723.00000,0.23562740,b,m,
1526335819.9271,723.00000,0.13100000,b,l,
1526335822.3608,723.00000,0.06820107,b,m,
1526333837.3633,737.98000,4.13840583,s,l,
1526268302.8375,708.99000,0.37700000,b,m,
1526412490.2497,710.01000,5.00000000,s,m,
1526335833.983,723.00000,0.08831779,b,m,
1526335834.0089,723.00000,0.60213864,b,m,
1526335835.5565,723.00000,0.46020765,b,l,
1526335839.0564,723.00000,0.94217694,b,l,
1526259702.7254,728.02000,0.24062503,s,l,
1526204773.8794,695.00000,0.44273023,b,m,
1526268305.1764,708.52000,0.27322000,s,l,
1526299013.3966,712.29000,0.02700000,s,l,
1526246460.4126,734.15000,0.19688889,b,l,
1526202770.4917,681.69000,0.21500000,b,l,
1526249153.1537,730.93000,0.02500000,b,l,
1526224616.0572,718.80000,5.00000000,b,m,
1526311998.0414,725.78000,0.61158867,s,m,
1526335863.9877,725.00000,5.00000000,b,m,
1526247491.1311,732.00000,1.50000000,s,l,
1526316472.3247,728.20000,1.50000000,b,l,
1526329176.6246,733.58000,0.68801253,b,m,
1526277675.6153,697.52000,14.30700000,s,l,
1526204818.2513,695.00000,4.36385961,b,l,
1526204821.5011,695.00000,0.11200000,b,l,
1526366461.3044,736.72000,0.51645904,b,m,
1526204824.2157,695.00000,0.02600000,b,l,
1526335897.6607,725.83000,5.82800000,b,m,
1526204826.9799,695.13000,0.02200000,b,l,
1526204830.2549,696.00000,0.05700000,b,l,
1526204833.1617,696.46000,2.55000000,b,l,
1526333851.7478,738.93000,0.24774738,b,m,
1526204837.9698,695.70000,0.06162657,s,l,
1526200200.126,681.13000,0.02400000,b,l,
1526204840.3656,696.49000,4.91600000,b,l,
1526290162.2034,707.51000,0.06300000,b,l,
1526335923.4416,725.37000,5.10000000,b,l,
1526204852.6844,697.00000,0.05639269,b,m,
1526408610.2784,708.40000,17.90000000,s,l,
1526335927.9562,725.39000,0.09179870,b,l,
1526335928.8349,725.99000,1.32100000,b,l,
1526335930.1517,725.89000,0.50000000,s,m,
1526335932.6243,726.24000,0.42264622,b,l,
1526335934.3019,726.82000,0.61900000,b,l,
1526330739.8582,741.61000,0.36268191,b,m,
1526229416.8855,734.85000,0.11960000,s,l,
1526204868.0633,697.74000,0.40447307,b,m,
1526204869.0659,696.98000,0.80000000,b,m,
1526335942.561,727.00000,0.09200000,b,l,
1526335943.4678,727.00000,4.33060000,b,l,
1526335944.2754,727.00000,0.45000000,b,l,
1526335945.0285,727.00000,1.00687758,b,l,
1526335946.2007,727.00000,1.86638280,b,l,
1526335947.6459,727.00000,1.76600000,b,l,
1526335948.4321,727.33000,0.02400000,b,l,
1526335949.241,728.59000,0.02100000,b,l,
1526202997.7644,680.96000,0.02534751,b,l,
1526335952.7215,729.70000,5.84410880,b,l,
1526246479.7507,734.29000,0.43660623,b,m,
1526204892.5736,697.01000,0.90340000,s,l,
1526204893.7307,697.49000,0.02500000,b,l,
1526207362.751,693.70000,3.25000000,s,m,
1526268325.9297,708.98000,0.19900000,b,m,
1526335969.2634,730.00000,1.50000000,s,l,
1526335970.2374,729.83000,4.99440226,s,l,
1526335972.1985,729.82000,8.66300000,s,l,
1526335974.4386,728.90000,0.15500000,s,m,
1526335977.1725,729.83000,0.25185005,s,l,
1526231412.2228,738.55000,0.54227318,s,l,
1526335979.641,728.82000,1.00000000,b,l,
1526404895.4478,721.38000,5.00000000,b,m,
1526335984.6451,728.79000,0.10000000,b,l,
1526335985.9854,728.10000,1.30807014,s,l,
1526335989.0316,727.95000,0.18066671,s,l,
1526335990.7248,727.95000,0.32701981,s,l,
1526204919.8128,697.41000,0.50000000,s,m,
1526335993.7797,728.37000,0.24869735,b,l,
1526335994.3878,727.16000,1.07914431,s,l,
1526224639.2027,718.58000,0.08239693,b,m,
1526204925.1101,698.00000,10.00000000,b,m,
1526335998.9357,727.54000,2.13000000,b,l,
1526335999.3902,727.00000,0.68140431,s,l,
1526336000.5041,727.54000,5.57000000,b,l,
1526336002.4976,727.00000,0.33409163,s,l,
1526204931.7419,698.00000,0.92307600,b,l,
1526336006.3779,727.16000,1.00000000,s,l,
1526336007.2573,727.16000,0.67000000,s,l,
1526230289.5925,731.95000,0.00005770,b,m,
1526290519.7632,707.89000,0.04700000,b,l,
1526242280.9575,730.31000,0.03700000,b,m,
1526204952.5242,698.45000,0.01663323,b,m,
1526204953.0345,698.89000,0.95163323,b,m,
1526399407.98,718.04000,4.04111556,s,m,
1526204960.9181,698.20000,0.49586000,s,l,
1526204961.1077,698.20000,0.21170000,s,l,
1526204962.8305,698.20000,0.30690000,s,l,
1526336037.2054,726.79000,0.03409163,b,m,
1526204967.2548,698.88000,0.02500000,b,l,
1526336040.6498,726.79000,1.00000000,b,m,
1526326632.3716,735.97000,0.10145849,b,m,
1526204976.4066,699.00000,2.08132715,b,l,
1526246494.7302,734.80000,0.40741295,b,l,
1526316478.8949,728.43000,5.00000000,b,l,
1526291520.7512,703.00000,1.80472482,s,l,
1526204990.6923,698.99000,0.02600000,b,l,
1526324801.7615,738.50000,3.39303119,b,m,
1526204995.5164,699.00000,15.00000000,b,l,
1526220459.6197,703.99000,0.01783035,b,l,
1526204998.9648,699.00000,0.06879061,s,l,
1526193396.9105,687.00000,0.60086081,b,m,
1526205002.2376,699.00000,0.04440939,s,l,
1526268469.7726,705.65000,0.10189945,b,l,
1526309342.934,731.14000,1.01507392,s,l,
1526268344.2657,707.30000,1.50000000,s,l,
1526205010.3014,699.49000,0.02300000,b,l,
1526336083.9593,726.00000,0.06425462,s,l,
1526336085.4502,726.00000,0.04000000,s,l,
1526205014.727,699.60000,0.43500000,b,l,
1526336087.3484,726.00000,0.47673583,s,m,
1526336088.4587,726.02000,0.30000000,b,m,
1526281563.0254,704.08000,0.70886831,b,m,
1526336091.3641,725.11000,2.03056860,s,l,
1526337181.1645,720.00000,1.87926636,s,l,
1526205024.8662,699.68000,0.02600000,b,l,
1526267703.7117,714.50000,0.08086304,s,m,
1526336101.6749,725.65000,8.49440226,b,m,
1526205032.2971,699.40000,0.02640000,s,l,
1526336107.7861,724.99000,0.21849640,b,l,
1526224658.0679,718.57000,0.02800000,b,m,
1526336116.2432,724.99000,0.28785052,b,l,
1526336117.9071,725.65000,0.62800000,b,l,
1526268351.4427,707.80000,6.46121298,b,l,
1526205054.5331,699.61000,0.45633529,s,l,
1526229190.0588,729.23000,1.49006884,s,m,
1526189539.8141,674.51000,0.04500000,b,l,
1526246509.4058,735.00000,0.00095702,s,m,
1526316481.1413,728.76000,2.41898776,b,l,
1526258473.2572,729.00000,0.05000000,b,m,
1526205084.0662,699.10000,0.82000000,s,m,
1526220462.8938,703.95000,0.02300000,b,l,
1526312117.4676,724.99000,2.80070000,b,m,
1526303388.5426,695.00000,0.88160441,s,l,
1526395043.0309,711.00000,1.00000000,s,m,
1526307628.21,727.15000,0.18235607,s,m,
1526247460.6306,731.95000,0.02100000,b,l,
1526336178.0857,725.86000,0.02100000,b,m,
1526205108.5863,699.23000,4.87200000,s,l,
1526205110.0454,698.94000,4.30200000,s,l,
1526205111.7532,698.80000,2.26243530,s,l,
1526306263.9199,729.36000,2.29769105,b,m,
1526336186.2484,724.92000,13.76100000,s,l,
1526205122.265,698.80000,0.98200000,s,l,
1526252745.0601,737.77000,0.02600000,b,m,
1526205125.6697,698.02000,1.84080602,s,l,
1526205126.8583,698.00000,2.60080602,s,l,
1526336201.2125,722.95000,0.50000000,s,l,
1526268365.1551,706.65000,0.36279768,s,m,
1526198813.3591,685.23000,0.02400000,b,m,
1526336212.3468,724.24000,0.10827265,b,m,
1526244422.2097,738.62000,0.02200000,b,m,
1526205146.5542,698.43000,3.30200000,b,l,
1526205147.1327,698.49000,0.57600000,b,m,
1526214272.3172,694.37000,1.33598018,s,l,
1526303390.4531,694.31000,233.74700000,s,l,
1526336224.7781,724.24000,0.97900000,b,l,
1526336228.6619,724.24000,0.62800000,b,l,
1526205158.62,697.95000,0.88335591,s,m,
1526336232.9651,724.60000,5.00000000,b,l,
1526336233.0849,724.60000,0.28200000,b,m,
1526336234.0965,724.35000,2.58182370,s,m,
1526394900.2894,715.96000,3.53175010,b,l,
1526316484.9971,728.80000,1.90580000,b,l,
1526246525.367,735.72000,0.20313409,b,m,
1526336244.1826,724.80000,0.72541958,b,l,
1526336245.7717,724.99000,0.02800000,b,l,
1526336247.6209,724.99000,0.09000000,b,l,
1526336249.8641,724.97000,0.02557640,s,l,
1526336250.9914,724.99000,0.14081330,b,l,
1526336251.0002,724.99000,0.18918664,b,l,
1526268373.3292,706.52000,0.08838988,s,m,
1526205187.7812,697.67000,0.38019398,s,l,
1526336261.7588,726.01000,0.02500000,b,l,
1526308827.7728,737.90000,1.50000000,b,l,
1526296616.2165,710.50000,0.02300000,b,m,
1526316485.4438,728.80000,3.04885280,b,l,
1526390682.8458,727.93000,0.34573919,b,m,
1526272840.1176,694.65000,0.03600000,b,m,
1526273932.8178,700.68000,0.17361220,b,l,
1526223990.6032,717.84000,5.00000000,s,m,
1526205205.6672,697.07000,1.00000000,s,m,
1526205215.2093,696.80000,1.00000000,s,m,
1526268379.4477,706.51000,0.00008703,s,m,
1526241016.1943,729.26000,0.08295149,b,m,
1526316486.5708,728.78000,0.57810000,s,l,
1526336300.9728,726.24000,4.00000000,s,m,
1526205231.0435,697.98000,0.02600000,b,m,
1526336307.3923,726.24000,1.00000000,s,l,
1526200960.7501,682.59000,0.02200000,b,m,
1526205241.6803,698.00000,3.26440272,b,l,
1526294664.0232,706.00000,0.17673991,b,l,
1526277206.882,697.72000,0.02300000,b,m,
1526205245.9586,698.43000,0.04373591,b,l,
1526268385.2322,706.20000,0.08595793,s,m,
1526251491.8299,733.93000,0.11004703,b,l,
1526230464.484,731.00000,2.69200000,b,l,
1526362970.3612,733.00000,4.88331585,b,m,
1526205269.29,698.25000,0.02500000,b,l,
1526205270.956,698.28000,0.02300000,b,l,
1526224697.7097,718.57000,0.02400000,b,m,
1526336344.5475,725.02000,0.20026706,s,l,
1526218321.42,697.39000,0.02200000,b,m,
1526244605.7569,735.50000,0.12400000,s,l,
1526312080.2437,726.01000,0.02100000,b,m,
1526273739.2349,698.16000,0.04000000,b,l,
1526395058.7755,709.31000,2.34661468,s,m,
1526307759.1733,726.98000,1.23835002,b,m,
1526205287.6501,698.25000,0.13090619,b,l,
1526229242.0209,731.35000,0.17417113,b,m,
1526205291.6315,698.48000,0.05200000,b,l,
1526205294.3187,698.50000,0.03540000,b,l,
1526268393.6136,706.00000,1.18870538,s,m,
1526336376.8873,725.14000,14.01900000,s,l,
1526312084.845,724.94000,6.69364592,s,l,
1526336378.3665,725.12000,0.18126277,s,l,
1526336379.1108,724.94000,5.03909915,s,l,
1526222608.5776,712.42000,0.34276453,b,l,
1526189918.8168,676.13000,0.02394251,s,l,
1526225925.3105,718.07000,0.00500000,b,m,
1526268396.974,706.00000,12.84036412,s,l,
1526223166.4516,714.97000,5.00000000,b,m,
1526224706.0466,718.60000,0.04800000,b,m,
1526220470.644,706.50000,10.00000000,b,m,
1526336403.93,724.47000,0.02400000,b,m,
1526268399.2666,705.00000,1.00000000,s,m,
1526288250.986,711.65000,0.50000000,b,m,
1526205342.9998,698.50000,1.70138577,b,m,
1526205343.0041,699.00000,0.10000000,b,m,
1526268400.5696,705.00000,30.53000000,s,l,
1526281574.9453,704.07000,0.02200000,b,m,
1526268401.3653,705.00000,6.54089249,s,m,
1526336432.921,724.00000,0.05000000,s,m,
1526306059.3007,717.15000,5.56389620,b,l,
1526336440.1814,724.47000,0.02400000,b,l,
1526268404.9109,705.01000,2.28500000,s,l,
1526242210.3436,729.82000,0.02100000,b,l,
1526336447.0805,725.00000,9.99200641,b,l,
1526334574.2476,735.00000,0.52389424,s,l,
1526269570.4632,700.06000,1.12778372,s,l,
1526336452.8463,724.37000,3.50000000,s,l,
1526336456.5813,725.55000,1.25600000,b,l,
1526205388.5871,698.60000,0.82547370,s,l,
1526205390.658,699.60000,0.02300000,b,m,
1526395053.3129,710.28000,0.88117681,s,m,
1526409025.6032,710.80000,14.41561495,b,m,
1526205397.3531,698.18000,0.97162931,s,l,
1526205400.7267,698.18000,1.19797030,s,l,
1526276806.5634,698.60000,0.14000000,s,m,
1526205403.3936,698.05000,0.08595373,s,l,
1526205409.7295,698.00000,9.52470510,s,l,
1526336482.2887,725.01000,1.09000000,s,l,
1526268411.5837,705.00000,0.00001101,s,l,
1526337177.3237,720.20000,0.61584019,s,m,
1526205418.5503,697.98000,0.45500000,b,m,
1526203015.4856,681.26000,0.74110256,s,l,
1526268413.9852,705.00000,35.00000000,s,l,
1526268483.6529,706.00000,0.75648147,b,l,
1526268414.3702,705.24000,7.70000000,b,m,
1526409300.0692,710.64000,0.02700000,b,l,
1526336504.0305,725.06000,5.00000000,s,l,
1526377642.607,730.54000,0.23285057,b,l,
1526399488.527,719.09000,0.02000000,b,m,
1526336524.2999,725.77000,0.35000000,b,m,
1526336530.1215,725.09000,1.00000000,s,l,
1526336532.2786,725.04000,2.81430000,s,l,
1526336533.0697,725.04000,2.09070000,s,l,
1526336535.7552,725.00000,122.70390000,s,l,
1526336536.842,725.00000,2.06321034,s,l,
1526336537.0876,725.00000,2.30499270,s,l,
1526336538.8838,725.03000,1.00000000,b,l,
1526246575.8342,736.00000,0.10093827,s,l,
1526381962.89,735.50000,1.48778779,b,l,
1526336543.8373,725.00000,1.44100000,s,l,
1526195448.6725,678.52000,132.74200000,s,l,
1526205473.088,697.93000,1.46663363,b,l,
1526336550.8245,725.00000,0.49950000,s,l,
1526205480.7643,697.92000,0.02300000,b,l,
1526336553.0539,725.00000,1.76872950,s,l,
1526336554.7054,725.00000,9.00000000,s,l,
1526336556.0536,725.00000,1.00000000,s,m,
1526336557.3846,725.00000,10.30000000,s,l,
1526336560.7857,725.00000,3.00988710,s,l,
1526242298.1473,730.52000,0.27540170,b,m,
1526336562.3374,725.00000,3.00978720,s,l,
1526336564.0732,725.00000,3.00978720,s,l,
1526307766.8807,725.58000,0.22030640,s,m,
1526336571.9829,725.00000,3.00978720,s,l,
1526336572.3851,725.00000,1.00000000,s,m,
1526336573.1084,725.00000,2.81580000,s,l,
1526336574.8567,725.00000,3.00968730,s,l,
1526312117.47,725.37000,0.02500000,b,m,
1526336576.4779,725.00000,9.00000000,s,l,
1526336577.3632,725.00000,3.00968730,s,l,
1526336579.9398,724.00000,0.62000000,s,l,
1526205508.509,696.78000,2.48592466,s,l,
1526258952.9688,730.50000,0.04000000,s,l,
1526309104.4442,732.63000,0.99000000,b,l,
1526268486.309,706.57000,0.39987591,s,l,
1526205521.9827,696.79000,0.50000000,s,m,
1526268430.053,704.28000,0.05000000,b,m,
1526299038.7695,712.85000,0.05019496,s,l,
1526268431.0072,704.28000,0.00000016,b,l,
1526337181.2457,719.75000,1.05000000,s,m,
1526229134.1056,730.56000,0.01538000,b,l,
1526412516.0329,710.35000,1.50549317,s,l,
1526336615.1686,723.38000,0.53859989,b,m,
1526205547.1483,697.10000,5.00000000,s,l,
1526205548.209,697.59000,0.02500000,b,l,
1526205551.8105,697.93000,0.02500000,b,l,
1526336624.9834,723.36000,0.12844699,b,l,
1526290280.3306,706.24000,0.45073854,s,m,
1526336626.6695,723.79000,8.49440226,b,l,
1526336628.1863,723.81000,2.81620000,b,l,
1526336630.2887,724.61000,4.44393548,s,l,
1526336633.7251,725.33000,0.57142800,b,l,
1526336634.1893,725.10000,5.00000000,s,l,
1526377663.2373,730.55000,0.13000000,b,l,
1526225521.5686,717.06000,0.02400000,b,m,
1526268437.6651,704.98000,1.25000000,b,l,
1526303867.0542,697.10000,0.02794958,b,l,
1526399510.0536,718.01000,0.05044455,s,l,
1526399511.8966,718.00000,53.17236233,s,l,
1526336655.6903,725.70000,0.40000000,s,m,
1526333976.3798,737.94000,0.13800000,b,m,
1526202558.9094,677.21000,0.00476733,s,m,
1526268441.1573,704.22000,0.34336119,s,l,
1526386195.9577,734.05000,0.02500000,b,l,
1526330927.9097,739.55000,2.61559989,b,l,
1526205596.8566,698.20000,0.10000000,s,m,
1526290288.4474,707.17000,1.51575948,b,m,
1526336674.8654,725.25000,8.00000000,s,l,
1526395060.1171,710.00000,6.05946423,b,l,
1526205606.1108,698.05000,0.19661309,s,l,
1526399516.7149,718.00000,2.93000000,s,l,
1526207386.8386,695.48000,0.02200000,b,m,
1526355268.6848,725.81000,0.14794296,b,l,
1526336698.081,725.24000,0.00439297,s,m,
1526329593.0959,732.04000,0.69739130,s,l,
1526313739.0831,733.82000,0.17103382,s,l,
1526210737.5368,695.02000,0.02800000,b,l,
1526268448.5515,704.85000,0.34193337,b,l,
1526214655.5699,699.74000,7.75193798,b,l,
1526334514.158,736.50000,0.04100000,b,m,
1526225328.059,716.11000,0.00001116,s,m,
1526265202.4181,723.43000,0.02100000,b,l,
1526246668.1769,735.96000,0.02600000,b,l,
1526311045.2121,722.98000,0.06633017,s,m,
1526205657.0609,698.91000,1.34140000,b,m,
1526307105.4877,732.08000,0.08499858,s,l,
1526406790.9784,717.97000,1.41608591,b,l,
1526268453.3407,704.90000,1.71793746,b,l,
1526405971.5461,718.34000,5.08000000,s,l,
1526268456.6955,704.76000,1.49280570,s,l,
1526336754.2557,725.25000,1.44055800,s,l,
1526202921.7048,681.10000,0.02826815,b,l,
1526303408.9264,694.16000,0.77630121,s,m,
1526336766.6205,724.35000,0.14875110,s,l,
1526233219.3565,722.00000,2.76200000,s,l,
1526257745.3353,722.68000,0.02000000,b,l,
1526268459.4398,705.00000,5.75271185,b,l,
1526392715.0721,729.30000,17.46891512,b,l,
1526214655.1437,699.26000,1.24900000,b,l,
1526336778.1377,725.20000,0.45103450,b,m,
1526195448.6534,679.80000,12.60000000,s,l,
1526320024.1595,730.01000,0.82300000,b,l,
1526226180.7144,717.57000,1.17108481,s,m,
1526312153.1553,724.36000,5.97500000,s,l,
1526205721.6367,698.33000,0.27295368,s,l,
1526336795.0333,726.29000,0.16720000,b,l,
1526336796.6275,726.28000,1.27200000,b,l,
1526246618.6396,735.88000,0.00010488,b,m,
1526244431.5991,740.11000,6.32215468,b,m,
1526204976.4018,699.00000,0.07222000,b,l,
1526336800.3112,726.65000,2.58000000,b,l,
1526244511.3141,736.35000,0.02200000,b,m,
1526246620.5031,735.99000,0.06273336,b,l,
1526290316.5242,707.19000,0.02000000,b,l,
1526304741.1682,688.54000,0.99000000,s,l,
1526201739.6863,682.69000,0.02400000,b,l,
1526336815.666,726.85000,0.08211780,b,m,
1526268467.0912,705.49000,1.35250000,s,l,
1526408616.56,708.00000,2.95232932,b,l,
1526285952.2479,700.45000,14.97615593,b,l,
1526246623.2558,735.45000,0.30000000,s,l,
1526266941.5669,720.99000,0.15041999,b,l,
1526268469.7925,705.65000,0.00012213,b,l,
1526336837.8746,726.56000,5.00000000,s,l,
1526306487.0758,729.50000,2.57768456,b,l,
1526290316.5378,707.19000,0.02600000,b,l,
1526336842.7924,726.50000,1.94685120,s,l,
1526385666.442,731.81000,5.00000000,b,l,
1526399544.2976,716.00000,0.16061000,s,m,
1526336853.0729,726.03000,0.17442540,s,l,
1526268495.5493,707.18000,0.00600000,b,l,
1526336859.7627,726.03000,0.45423448,s,l,
1526336862.4598,724.43000,0.24339372,s,l,
1526336863.4047,724.48000,8.53000000,s,l,
1526355856.4374,725.62000,0.66326485,s,l,
1526336867.2903,724.43000,0.61584019,s,l,
1526214655.7572,700.30000,1.48639626,b,m,
1526299047.7269,712.88000,0.04800000,b,l,
1526205231.0494,698.00000,1.73559728,b,m,
1526205805.5796,698.40000,0.08791391,b,l,
1526205806.3091,698.57000,0.24300000,b,m,
1526394909.8742,712.00000,1.00000000,s,m,
1526336881.8658,722.57000,0.46002533,s,m,
1526194299.184,684.85000,0.09634616,b,l,
1526205815.2772,698.79000,4.95500000,b,l,
1526205824.9808,698.42000,0.08590819,s,l,
1526205826.8091,697.80000,0.82000000,b,m,
1526205827.4597,697.79000,0.31500000,s,l,
1526205830.9888,697.80000,22.23552844,b,l,
1526268481.4601,705.80000,2.00000000,s,m,
1526336904.6253,722.99000,0.51970442,b,m,
1526275936.0127,693.60000,0.00000082,s,l,
1526303413.3028,694.17000,0.00000360,b,l,
1526268483.6353,705.97000,2.95072251,b,l,
1526336922.1875,723.00000,2.87229408,b,l,
1526192581.0576,677.50000,0.00000462,b,l,
1526205854.6953,697.64000,3.63709499,s,l,
1526336927.8843,723.50000,0.21068366,b,m,
1526336932.4835,723.00000,6.77229000,s,m,
1526268486.7948,706.57000,0.45084870,s,l,
1526336935.2413,723.00000,0.50400000,s,l,
1526338330.3695,724.00000,1.58862562,b,l,
1526336939.4905,723.52000,0.23060810,b,m,
1526233147.7123,722.58000,0.03100000,b,m,
1526303414.8984,693.65000,0.50000000,s,m,
1526336945.5257,723.53000,0.91020197,b,l,
1526394046.6518,730.60000,16.65261963,b,m,
1526325237.2644,735.99000,0.02100000,b,m,
1526246177.2911,739.02000,1.50000000,s,l,
1526336963.839,723.34000,0.18061920,s,l,
1526264134.701,726.21000,0.35527695,s,m,
1526205898.323,697.25000,0.26944916,s,l,
1526336971.9325,723.76000,0.02400000,b,m,
1526386341.8122,732.93000,0.45311470,s,m,
1526268499.024,707.95000,0.69300000,b,m,
1526312673.9424,727.68000,1.00000000,b,l,
1526268495.5542,707.18000,0.34862598,b,l,
1526205917.6579,697.32000,0.71220000,s,m,
1526205924.1399,697.31000,1.20000000,s,m,
1526205926.2505,697.70000,0.80000000,s,m,
1526330275.3289,741.77000,1.39842675,b,m,
1526246652.2875,734.37000,0.00015742,s,m,
1526205931.8756,697.28000,0.59847500,s,m,
1526258952.9836,730.50000,1.28939782,s,l,
1526275108.0598,689.60000,15.00000000,s,m,
1526268499.0181,707.29000,0.02700000,b,m,
1526342697.7046,729.78000,0.02100000,b,l,
1526205947.6997,697.31000,8.19782445,s,l,
1526205949.2673,697.28000,2.87662500,s,l,
1526205956.7983,696.63000,0.06611386,s,l,
1526395017.7111,711.00000,0.12838061,s,m,
1526377729.1062,730.55000,0.02200000,b,l,
1526205970.4536,696.08000,3.96300000,s,l,
1526223563.531,720.90000,13.97500000,s,m,
1526333969.9078,737.36000,0.77958206,s,m,
1526395524.2463,713.44000,0.00409088,b,l,
1526370210.9658,735.34000,0.02600000,b,l,
1526233782.1678,722.61000,0.00001756,s,m,
1526337060.2205,723.69000,0.20497795,s,l,
1526337062.8893,723.38000,0.26427610,s,m,
1526205992.4251,694.40000,0.95000000,s,m,
1526337065.9595,723.49000,0.43965761,b,m,
1526369077.8521,733.03000,0.02500000,b,m,
1526205995.4576,694.41000,0.00076410,s,m,
1526207851.6773,688.40000,0.00000984,s,m,
1526268509.1822,707.94000,2.95072251,b,l,
1526337078.8073,723.49000,0.27001613,b,m,
1526206009.3604,694.36000,2.58000000,s,m,
1526305949.5219,716.98000,1.40000000,b,m,
1526337083.8205,723.00000,0.29170436,s,l,
1526290357.6394,707.92000,0.33200000,b,l,
1526234911.5691,724.99000,0.02400000,b,l,
1526268513.7548,707.41000,2.00000000,s,l,
1526246668.1678,735.92000,0.00012098,b,l,
1526364100.591,732.62000,2.99000000,s,l,
1526337100.6662,723.40000,0.20000000,b,m,
1526244606.1491,735.50000,0.12400000,s,l,
1526206030.7887,694.16000,0.04440939,s,m,
1526275332.8242,694.00000,30.00000000,b,m,
1526206039.4061,693.80000,0.16717953,s,m,
1526206043.2633,694.10000,1.19767577,s,l,
1526391144.6046,727.76000,0.02200000,b,m,
1526225508.688,714.34000,10.00000000,s,m,
1526206052.8431,695.40000,0.05000000,b,l,
1526291545.4192,703.28000,18.25700000,s,l,
1526308113.5077,731.68000,0.05403615,b,l,
1526267685.7882,716.00000,9.65500000,s,l,
1526373651.3493,726.49000,4.39156744,b,m,
1526337135.8328,723.00000,0.22790000,s,l,
1526337137.9429,723.00000,2.78358000,s,m,
1526268521.3098,707.42000,0.84896626,b,m,
1526215155.3538,703.38000,0.02300000,b,m,
1526337153.7433,723.00000,0.02200000,s,m,
1526337154.4159,723.00000,0.95084661,s,m,
1526337155.5111,723.00000,5.00000000,s,m,
1526337156.0578,723.00000,0.24115860,s,l,
1526337157.3764,723.00000,9.00000000,s,l,
1526337159.6749,723.00000,49.36160000,s,l,
1526337160.2424,723.00000,41.00000000,s,l,
1526337162.1305,723.00000,4.08407966,s,l,
1526337163.2596,723.00000,45.60000000,s,l,
1526337164.3994,723.00000,0.00246423,s,l,
1526337165.9392,723.00000,60.00000000,s,l,
1526337166.4039,723.00000,3.55800000,s,l,
1526337167.9923,723.00000,1.08769024,s,l,
1526337168.1691,723.00000,0.00000945,s,m,
1526337169.4295,723.00000,45.50000000,s,l,
1526337170.1268,723.00000,5.60257642,s,l,
1526337172.6118,722.20000,0.10000000,s,m,
1526206101.1241,693.55000,0.95100000,s,l,
1526337174.2512,721.19000,5.11846969,s,m,
1526337175.8277,721.04000,0.76779000,s,m,
1526337176.3612,721.04000,0.23220455,s,m,
1526337177.3132,720.20000,1.60000000,s,m,
1526337178.7166,720.20000,0.33300000,s,m,
1526300297.9585,703.15000,0.64772945,s,m,
1526337180.5686,721.00000,0.40263222,b,m,
1526337181.1541,720.08000,0.50513026,s,l,
1526395077.9107,709.94000,0.10000000,s,m,
1526399601.4862,715.32000,0.02000000,b,l,
1526206120.3577,693.55000,1.54900000,b,l,
1526342703.7146,731.81000,0.91805243,b,m,
1526206122.7191,693.55000,2.50000000,s,l,
1526337199.6606,720.97000,5.00000000,b,l,
1526337200.1788,721.02000,0.76451750,b,l,
1526337201.2605,720.98000,2.00000000,s,m,
1526337202.3412,720.98000,7.38500000,s,l,
1526382380.7989,734.24000,0.15154440,b,l,
1526220497.2311,705.31000,5.00000000,s,m,
1526312223.8455,725.23000,1.03600000,b,m,
1526274021.9753,700.49000,0.02600000,b,m,
1526202997.7776,681.09000,0.02100000,b,l,
1526279378.2701,703.57000,0.02000000,b,m,
1526268534.8836,705.97000,2.00000000,s,m,
1526193477.9102,687.57000,0.03800000,b,m,
1526206158.2552,693.40000,1.00000000,s,l,
1526268536.9062,706.13000,3.07590169,s,m,
1526337235.2964,722.00000,30.00000000,s,l,
1526206165.5509,694.57000,0.19033142,b,m,
1526206169.966,693.51000,1.00000000,s,l,
1526312153.1629,724.02000,0.21254507,s,l,
1526395079.5441,711.88000,0.02400000,b,l,
1526333976.347,737.51000,0.12639627,b,m,
1526325247.9531,736.00000,0.94800000,b,m,
1526281602.3656,703.57000,0.29638728,s,m,
1526268541.6214,705.97000,8.00000000,s,l,
1526222912.4918,716.48000,3.50000000,s,l,
1526409460.5527,708.70000,23.20000000,s,m,
1526337266.0691,721.00000,1.05964729,s,m,
1526279430.5953,704.84000,0.84090663,b,m,
1526337272.9397,721.00000,0.75234690,s,l,
1526224560.9885,717.04000,5.49440226,s,l,
1526337276.423,721.00000,0.49340610,s,l,
1526303362.222,694.90000,0.00000001,s,m,
1526268509.1593,707.93000,5.00000000,b,l,
1526262896.8221,730.93000,0.04300000,b,m,
1526203009.5501,681.26000,1.45604144,s,l,
1526337288.9752,721.01000,0.90479430,s,l,
1526337302.1973,721.74000,0.50199750,b,l,
1526337305.7757,721.74000,0.13865256,b,l,
1526337308.5618,721.89000,0.00004452,b,l,
1526206238.0965,695.30000,0.65500000,b,l,
1526337311.7053,721.12000,6.50000000,s,l,
1526337312.9274,721.36000,0.70000000,s,m,
1526203015.4897,681.26000,4.58090248,s,l,
1526214654.7747,699.04000,0.34290028,b,l,
1526268552.0914,705.49000,2.00000000,s,m,
1526220501.8905,705.32000,0.25000000,s,l,
1526232063.5959,734.49000,2.00000000,b,m,
1526229134.1272,730.76000,0.28754202,b,l,
1526223565.9517,721.13000,0.04900000,b,m,
1526337353.9137,721.88000,0.25264933,b,l,
1526364531.8295,734.55000,0.02600000,b,l,
1526337356.3076,721.88000,0.00486108,b,l,
1526337357.4596,721.96000,0.13837957,b,l,
1526337358.4749,721.96000,0.13837957,b,l,
1526337364.0223,721.88000,0.14025181,s,l,
1526337365.2092,721.88000,0.13998867,s,l,
1526193415.9111,687.56000,1.94057626,b,l,
1526337371.1691,721.86000,0.02012995,s,l,
1526337375.5824,721.86000,0.02004807,s,l,
1526214655.7759,700.60000,1.04071098,b,m,
1526337384.5337,722.56000,13.83900000,b,m,
1526273163.3487,694.00000,0.07641900,s,m,
1526268562.6046,705.93000,1.11394109,b,l,
1526337390.3462,722.14000,0.20237123,b,m,
1526337391.6183,721.05000,5.00000000,s,l,
1526243642.6688,735.00000,60.98031423,b,m,
1526372831.5958,726.01000,5.00000000,s,l,
1526290409.0435,705.60000,5.00000000,s,l,
1526337408.6508,721.06000,0.32327640,s,l,
1526215454.8064,698.00000,0.41724504,s,l,
1526290411.3814,707.70000,1.50000000,b,l,
1526206349.4927,694.46000,0.01325319,s,m,
1526223709.7707,716.73000,2.55000000,s,m,
1526395450.2813,713.29000,0.03700000,b,m,
1526307076.4691,733.58000,2.72208222,b,m,
1526366721.6603,734.00000,1.50000000,b,l,
1526399644.3172,714.06000,0.39500000,s,l,
1526337464.0733,721.08000,0.23590000,s,m,
1526206394.2046,695.57000,0.38558559,b,l,
1526307106.1925,731.77000,0.38900000,s,l,
1526268578.1095,706.24000,8.47140226,b,l,
1526386358.6019,732.95000,0.02000000,s,l,
1526286900.2099,704.95000,0.14800000,b,m,
1526364536.6705,734.78000,0.64200000,b,l,
1526337507.4778,722.00000,0.13869625,s,l,
1526275940.3614,694.73000,0.03900000,b,m,
1526386359.1968,733.00000,1.40000000,b,l,
1526206447.7768,695.00000,15.00000000,b,m,
1526268084.6613,709.15000,0.36279768,s,l,
1526337523.9411,722.00000,2.86130375,s,l,
1526224895.1898,717.46000,0.02400000,b,l,
1526268586.6304,706.50000,0.77312551,s,m,
1526364537.841,734.78000,0.67664000,b,l,
1526320458.7866,732.59000,0.04700000,b,l,
1526206465.1341,694.80000,0.38558559,b,l,
1526203051.6439,679.82000,0.12272858,s,l,
1526312278.4333,724.40000,1.25000000,s,l,
1526243643.604,734.98000,0.02200000,b,m,
1526337543.4458,722.18000,0.31815463,b,m,
1526220440.1723,703.98000,0.48600000,b,l,
1526287304.5553,704.50000,2.13070019,s,m,
1526200503.3118,679.64000,0.04300000,b,l,
1526206481.6339,695.00000,0.19500000,b,l,
1526206483.6634,694.80000,0.32787788,b,l,
1526399662.9408,715.87000,0.12377183,b,l,
1526206490.9865,695.00000,0.05500000,s,l,
1526272883.7422,694.36000,0.02200000,b,m,
1526337567.9603,721.15000,0.20374847,s,l,
1526206497.1204,694.82000,0.57790000,s,l,
1526220509.2628,705.93000,4.97990587,b,m,
1526206499.5786,694.82000,0.00010000,b,l,
1526224902.536,717.86000,6.49651904,b,m,
1526206504.3824,694.81000,0.22710725,b,l,
1526206506.0719,694.99000,0.32177063,s,l,
1526337581.2745,721.00000,1.75424418,s,l,
1526337587.5464,721.00000,0.02900000,s,l,
1526337593.8982,721.00000,0.03102335,s,m,
1526403863.3581,725.55000,0.02100000,b,m,
1526337600.0325,721.00000,7.69569625,s,l,
1526337601.5448,721.00000,2.08800000,s,l,
1526337602.1399,721.00000,4.70000000,s,l,
1526206531.7962,694.80000,1.50000000,b,m,
1526337605.0992,721.00000,0.17337031,s,l,
1526337606.2643,721.00000,0.53936010,s,l,
1526290444.3742,707.59000,0.02300000,b,l,
1526221821.4102,708.97000,0.02000000,b,l,
1526391144.611,727.79000,0.02200000,b,m,
1526337620.0374,721.02000,0.28410000,s,l,
1526337621.6113,721.02000,0.28441530,s,l,
1526231312.1545,740.00000,1.87000000,b,m,
1526364540.705,735.97000,0.44416408,b,m,
1526291974.2484,706.79000,0.09800000,b,l,
1526292812.0624,705.99000,5.00000000,b,m,
1526337635.0739,721.01000,0.02435160,s,l,
1526309111.481,732.62000,0.13092854,b,l,
1526206565.3214,694.06000,0.01069505,s,l,
1526337638.9562,721.01000,0.09000000,s,m,
1526232905.2882,726.00000,8.40000000,s,l,
1526337647.7618,721.55000,0.03900000,b,l,
1526337649.545,721.56000,0.03842837,b,l,
1526337650.4881,721.99000,0.02500000,b,l,
1526337654.492,722.29000,0.02500000,b,l,
1526229241.9969,730.79000,0.20835798,b,m,
1526337660.3995,722.39000,0.02500000,b,l,
1526337661.2711,722.92000,5.66811994,b,l,
1526334144.6689,738.00000,2.68080000,b,l,
1526337668.9723,722.91000,0.87600000,b,l,
1526216674.1699,702.88000,0.02300000,b,m,
1526337682.164,722.60000,0.13078449,s,l,
1526337686.744,722.20000,0.76369732,s,m,
1526229242.0171,730.99000,0.02200000,b,m,
1526337690.8596,722.98000,0.23700000,s,l,
1526337692.6576,722.98000,0.88000000,s,l,
1526337693.5822,722.98000,0.05300000,s,l,
1526337694.8706,721.80000,7.52000000,s,l,
1526337696.1793,721.52000,13.83000000,s,m,
1526206625.3633,695.30000,0.19738927,b,l,
1526364104.2075,733.62000,0.46000000,b,l,
1526337699.453,720.86000,0.33000000,s,l,
1526334150.1488,738.00000,0.16242333,b,l,
1526206631.887,694.07000,0.64047706,s,l,
1526192667.3932,679.29000,0.05383619,b,m,
1526307804.0824,723.79000,0.04000000,s,m,
1526281617.2511,704.08000,0.07966092,b,m,
1526275732.0366,695.10000,1.50000000,s,m,
1526337725.613,720.01000,1.00000000,s,l,
1526308558.391,733.98000,0.10000000,b,m,
1526383308.4653,732.87000,0.07847848,s,l,
1526206662.7748,694.12000,0.02043959,s,l,
1526290465.5537,707.58000,0.02300000,b,l,
1526246263.6353,738.75000,0.37536927,b,m,
1526256475.641,721.00000,0.51872399,s,m,
1526337748.693,721.16000,0.38516697,b,m,
1526203086.6381,679.85000,0.02800000,b,l,
1526206680.3554,694.95000,0.05100000,b,l,
1526264594.7398,725.00000,0.12500000,s,m,
1526337761.4273,721.12000,0.32425454,b,m,
1526393783.4405,728.49000,0.02500000,b,m,
1526337773.4339,721.09000,0.34144885,b,m,
1526206702.2388,694.09000,0.03540683,s,m,
1526381607.8323,738.00000,26.83000000,b,l,
1526337784.8123,721.06000,0.33369972,b,m,
1526267826.2599,713.50000,0.61009518,s,l,
1526337787.2867,720.11000,0.15258802,s,l,
1526206717.6882,692.70000,37.56403718,s,m,
1526214839.9652,701.54000,0.37000000,b,l,
1526337797.03,721.06000,0.37549257,b,m,
1526272305.94,692.14000,14.44600000,b,l,
1526224940.4133,717.40000,0.41600000,s,l,
1526233142.4033,722.20000,0.19080396,s,l,
1526337804.6047,721.07000,0.04784255,b,m,
1526276555.2362,697.17000,0.12866825,b,l,
1526224441.9374,716.93000,0.05322664,b,l,
1526337808.5328,721.05000,0.30027690,b,m,
1526306019.744,718.70000,0.71252123,b,m,
1526337814.5728,720.12000,0.06347164,s,l,
1526405131.0316,718.44000,0.18622534,s,m,
1526267721.7955,712.00000,0.00000335,s,m,
1526386369.1295,733.00000,2.00705744,b,m,
1526337820.665,721.03000,0.40859172,b,m,
1526334171.0412,737.97000,0.02600000,b,m,
1526337833.1955,720.98000,0.42511714,b,m,
1526306059.2713,716.43000,2.40106410,b,l,
1526227149.4699,726.00000,6.12922079,b,l,
1526246792.0319,735.00000,0.00159440,s,l,
1526224947.6219,717.47000,0.02400000,b,l,
1526360183.8713,729.96000,0.07002452,b,m,
1526242341.0407,730.50000,0.02100000,b,m,
1526390292.7123,727.50000,12.84500695,s,l,
1526205390.6847,699.67000,0.59343991,b,m,
1526371701.5106,726.59000,0.90439155,s,l,
1526201746.2488,683.00000,0.15784200,s,l,
1526206791.3953,693.75000,0.21605696,s,m,
1526256523.3416,722.25000,1.16249225,b,l,
1526337872.0668,720.01000,0.01136092,s,l,
1526290489.6209,707.69000,0.02000000,b,l,
1526206813.7131,694.77000,0.01000000,b,m,
1526244422.2357,739.80000,19.90000000,b,m,
1526287160.7809,706.01000,0.21739602,s,m,
1526258748.853,729.81000,0.09900000,s,l,
1526337891.6697,720.99000,0.05972317,b,m,
1526214655.2899,699.26000,1.23700000,b,l,
1526337900.6963,721.00000,4.91667343,b,l,
1526337903.8579,721.10000,0.02500000,b,l,
1526337908.5669,720.58000,0.32131977,s,m,
1526337909.2502,721.17000,0.02500000,b,l,
1526228022.7984,726.86000,0.44070670,b,m,
1526337912.8683,721.25000,0.00400000,b,l,
1526337915.4171,721.25000,0.02100000,b,l,
1526247547.9942,732.50000,19.00000000,b,l,
1526248797.1793,726.80000,2.99000000,s,m,
1526363213.2175,736.00000,3.47651051,s,l,
1526351724.9663,721.36000,0.83000000,s,m,
1526211258.2504,694.95000,0.02800000,b,l,
1526316969.4158,729.10000,0.00000035,s,l,
1526246915.2231,735.00000,0.00000335,s,m,
1526206865.7568,693.79000,0.19738927,s,l,
1526214840.0374,701.54000,2.53691148,b,l,
1526268654.0946,705.82000,1.14806096,s,l,
1526268657.5947,704.41000,7.70000000,s,l,
1526391144.6406,728.74000,5.16000000,b,m,
1526272312.4764,693.00000,1.90539000,s,l,
1526337984.5665,721.69000,0.02400000,b,l,
1526410820.4112,711.93000,0.48434875,s,l,
1526398149.4368,719.62000,0.47400000,b,m,
1526268663.2703,704.42000,0.00311253,s,m,
1526337998.3489,722.32000,0.02000000,b,l,
1526206928.4912,694.00000,0.19746609,b,l,
1526206930.3641,694.00000,1.16100000,b,l,
1526338004.6597,722.56000,0.00100000,b,l,
1526338006.2091,722.58000,0.00100000,b,l,
1526268665.4851,704.42000,0.02100000,s,m,
1526338011.1007,722.61000,0.02000000,b,l,
1526338017.3701,723.09000,0.02100000,b,l,
1526214839.7479,701.54000,0.37100000,b,l,
1526338020.7327,723.20000,0.02400000,b,l,
1526211795.8532,697.00000,0.61040302,s,m,
1526338023.194,723.20000,0.02000000,b,l,
1526338026.9738,723.39000,0.09917953,b,l,
1526338028.0314,723.68000,0.02000000,b,l,
1526210943.694,693.08000,2.62553455,s,m,
1526251076.097,734.90000,0.11553359,b,l,
1526338033.5175,723.76000,0.02000000,b,l,
1526290357.6303,707.86000,0.02038000,b,l,
1526310629.1055,726.73000,0.50000000,s,m,
1526303266.7543,700.00000,2.00000000,s,l,
1526338052.9806,723.25000,0.50000000,s,l,
1526290519.7824,707.93000,4.50862776,b,l,
1526268674.4085,704.43000,1.00000000,s,l,
1526338071.7141,723.31000,0.46100000,b,m,
1526268676.4716,704.43000,1.77210000,s,l,
1526338074.2864,723.30000,0.45789090,b,m,
1526338079.6628,723.99000,0.02500000,b,l,
1526338082.1046,724.05000,0.46100000,b,m,
1526412565.3539,708.64000,0.17844239,s,m,
1526226154.1263,720.00000,5.00000000,b,m,
1526268536.8459,706.05000,5.00000000,b,l,
1526338090.3396,724.00000,8.63016892,s,l,
1526338095.6791,723.99000,0.46100000,b,m,
1526338097.2145,722.39000,5.00000000,s,m,
1526207030.4075,693.95000,0.23470787,s,l,
1526405630.0472,715.96000,0.32963264,s,m,
1526272901.1764,694.88000,0.03600000,b,l,
1526232905.2199,726.00000,2.94648685,s,l,
1526207040.4595,694.94000,4.20719016,b,l,
1526226143.1054,718.28000,0.02400000,b,m,
1526228546.7295,735.67000,0.30080157,b,m,
1526362548.2809,730.32000,0.03600000,b,l,
1526307141.2423,727.19000,0.14454590,s,m,
1526272902.463,695.57000,2.00000000,b,l,
1526338137.8077,723.92000,0.11700000,b,m,
1526306288.6118,730.00000,3.00000000,b,l,
1526308648.4045,740.00000,0.12500000,b,m,
1526227944.1984,726.20000,19.40729730,s,m,
1526269834.6523,699.09000,3.00000000,s,m,
1526342871.3777,734.99000,0.10000000,b,m,
1526399762.866,715.42000,1.20169116,s,m,
1526207095.9337,695.47000,0.04800000,b,l,
1526322208.4039,731.00000,4.83500000,s,l,
1526222315.8359,708.27000,0.02300000,b,m,
1526256828.2263,717.66000,13.65478994,b,l,
1526268693.6756,703.99000,0.95400000,b,l,
1526407771.1758,710.56000,43.58300000,s,l,
1526331810.0696,738.14000,0.27512340,s,m,
1526268695.0963,703.50000,0.04000000,s,l,
1526229419.7119,735.22000,4.99101653,s,l,
1526382017.6565,734.13000,0.20113799,s,m,
1526364559.9526,736.19000,0.02200000,b,m,
1526338197.9055,723.10000,4.00000000,s,l,
1526338203.6313,723.89000,0.02100000,b,l,
1526314258.6645,730.36000,0.20000000,s,m,
1526338206.2017,723.10000,0.70000000,s,l,
1526338207.4746,723.10000,0.74000000,s,l,
1526207136.1153,695.54000,0.02800000,b,l,
1526338209.3133,723.10000,0.74000000,s,l,
1526405972.7757,717.60000,1.98000000,s,l,
1526338212.1172,723.30000,0.47659908,b,m,
1526224895.1927,717.46000,0.05200000,b,l,
1526338220.172,723.20000,0.10218430,s,l,
1526338223.0461,722.90000,0.19491991,b,m,
1526240243.067,730.98000,0.02600000,b,m,
1526208883.5408,691.30000,4.71567518,b,l,
1526207157.2463,695.55000,0.02500000,b,l,
1526307107.7404,730.79000,0.18266538,s,m,
1526338234.5835,722.79000,0.51371066,b,m,
1526290549.1578,707.93000,0.13400000,b,l,
1526394792.4907,722.00000,0.40191104,s,l,
1526338247.3542,722.78000,0.02500000,b,m,
1526312396.2903,724.93000,0.28980574,b,m,
1526207183.1905,695.57000,0.74499773,b,l,
1526207184.2448,695.58000,0.00000227,s,l,
1526277607.7984,698.80000,0.02500000,b,m,
1526338259.2342,722.88000,0.02100000,b,m,
1526396841.3846,713.28000,0.02400000,b,m,
1526338271.1666,722.78000,0.02100000,b,m,
1526225019.4385,717.00000,2.27300000,b,m,
1526338276.3844,722.89000,0.02100000,b,l,
1526268710.0458,703.00000,0.05240226,s,m,
1526401748.4567,727.54000,2.08317598,b,m,
1526338283.1445,723.00000,0.07012680,b,m,
1526338284.1042,722.02000,0.45566738,s,l,
1526331593.9353,737.00000,1.03527275,s,l,
1526207362.7353,693.76000,0.51122877,s,m,
1526338290.8999,722.00000,14.44433262,b,l,
1526312403.6271,723.93000,2.16345463,s,m,
1526338294.8295,723.00000,0.46910442,b,m,
1526386890.0947,733.90000,0.02500000,b,l,
1526338297.3496,723.29000,0.02400000,b,m,
1526338304.4304,723.04000,0.62041552,b,l,
1526338306.7671,723.94000,0.64512327,b,m,
1526268715.1826,703.06000,0.04000000,s,l,
1526229070.8872,729.10000,1.36239782,s,m,
1526338312.3385,723.99000,0.54800000,b,l,
1526336815.688,727.08000,0.04000000,b,m,
1526338318.7751,724.00000,0.68950276,b,m,
1526204830.2419,695.49000,0.05500000,b,l,
1526268718.4944,703.50000,5.00000000,b,m,
1526277273.3912,698.32000,0.02200000,b,l,
1526338330.3639,723.99000,0.06096205,b,l,
1526224899.411,717.45000,0.02400000,b,l,
1526338338.4123,723.99000,3.00000000,b,m,
1526338345.3532,723.99000,2.00000000,b,m,
1526409760.9492,708.78000,0.23456297,b,l,
1526380844.168,738.00000,2.30348400,b,l,
1526338358.7916,723.28000,1.85000000,b,m,
1526268724.5724,703.00000,0.07300000,s,m,
1526230555.8644,731.00000,1.29200000,b,l,
1526338366.2718,723.00000,0.67493012,b,m,
1526307826.8376,722.90000,0.50000000,s,m,
1526268726.0625,702.00000,0.00054915,s,m,
1526203819.802,694.00000,0.50419638,s,m,
1526338378.7871,722.89000,0.69048508,b,m,
1526222699.5616,713.16000,13.22173900,b,l,
1526338385.5347,721.18000,1.06022672,s,m,
1526360617.2163,726.34000,0.19550618,s,m,
1526338391.4114,722.87000,0.07130415,b,m,
1526338393.1041,722.87000,0.50000000,b,l,
1526225039.5401,716.01000,0.12276274,s,l,
1526344032.4815,734.40000,1.50000000,s,l,
1526338403.3068,722.30000,0.69112557,b,m,
1526207334.0537,695.35000,0.00000027,b,m,
1526338408.8675,721.04000,2.00000000,s,m,
1526302382.272,702.89000,0.04000000,b,l,
1526406702.7259,716.69000,1.00820759,s,m,
1526268733.8529,702.00000,10.00000000,s,m,
1526377960.7377,730.14000,0.04300000,b,m,
1526228269.5374,732.61000,2.00000000,b,m,
1526338426.7822,722.72000,0.69071437,b,m,
1526338432.7128,720.94000,1.53997467,s,m,
1526268736.1634,702.00000,12.00000000,s,l,
1526207362.754,693.70000,6.02672754,s,m,
1526232063.431,732.60000,1.20954311,s,m,
1526268738.8646,702.00000,2.00000000,s,l,
1526338446.1731,721.10000,0.07300000,s,m,
1526338447.5151,720.93000,0.07300000,s,m,
1526207378.3026,695.34000,0.35000000,b,m,
1526207386.8595,695.63000,3.76000000,b,m,
1526408213.7973,712.06000,4.85767335,b,l,
1526268741.1454,701.65000,0.50000000,s,l,
1526268743.5766,701.10000,27.41752689,s,l,
1526207408.3862,695.05000,0.55503729,s,l,
1526351475.4678,725.90000,0.47134894,s,l,
1526334281.5119,737.00000,0.50175914,s,l,
1526207416.029,693.50000,0.18686593,s,m,
1526268746.486,701.10000,2.10000000,s,l,
1526307415.5181,732.09000,1.91221954,b,m,
1526268748.1505,701.10000,0.50000000,s,m,
1526332757.4127,738.97000,0.03000000,b,l,
1526235489.1037,726.11000,0.00001777,s,m,
1526307831.324,723.99000,2.43379060,b,l,
1526284104.2351,698.96000,0.02300000,b,l,
1526338523.4143,720.95000,0.10036271,s,l,
1526359745.7856,730.00000,11.71070496,b,l,
1526377203.011,730.01000,10.14900000,s,l,
1526207457.761,695.30000,0.02200000,b,m,
1526214839.9541,701.54000,0.37000000,b,l,
1526326574.6139,735.94000,0.02100000,b,m,
1526397329.5056,718.31000,0.02700000,b,m,
1526207467.7486,694.78000,0.10000000,b,m,
1526399826.4895,715.43000,0.82557178,s,m,
1526394985.5349,712.02000,0.17060000,s,m,
1526292532.8094,705.16000,0.02000000,b,l,
1526306019.731,718.70000,0.76554236,b,m,
1526321416.3414,733.81000,0.97800000,b,m,
1526211828.5223,697.35000,0.02600000,b,m,
1526268756.3299,699.10000,57.73889040,s,m,
1526249760.5642,735.00000,0.00412800,s,l,
1526334293.9041,737.89000,1.37400000,b,m,
1526268759.4122,698.59000,0.12000000,s,m,
1526246914.8135,735.00000,0.07741295,s,m,
1526246915.1841,735.27000,0.42926627,b,m,
1526242513.9793,730.34000,0.02200000,b,l,
1526399488.545,719.29000,0.02700000,b,m,
1526373301.0738,726.60000,0.17832048,b,l,
1526230467.8178,731.00000,8.74000000,b,l,
1526207517.0532,695.06000,0.02800000,b,m,
1526338385.5419,721.05000,0.05800000,s,m,
1526338592.9159,720.94000,5.00000000,s,l,
1526252379.1371,736.00000,2.00000000,b,m,
1526303880.9639,695.86000,0.16752603,b,m,
1526207530.1222,695.04000,0.00870000,b,m,
1526395361.1054,709.20000,0.16909100,s,m,
1526207538.7141,693.92000,1.00000000,s,m,
1526268766.6431,699.50000,4.50000000,s,m,
1526203086.6461,679.86000,0.02700000,b,l,
1526383748.1711,733.17000,1.16208622,b,m,
1526226143.1017,718.27000,0.02400000,b,m,
1526338630.2892,721.97000,0.51046771,b,l,
1526407840.8953,712.53000,3.86863668,b,l,
1526311204.4504,721.51000,3.86218977,s,m,
1526316564.0393,726.75000,0.00053710,s,m,
1526207567.7433,693.95000,0.08942641,s,l,
1526225080.4827,716.00000,4.53000000,s,l,
1526338642.7908,722.00000,0.74000000,b,l,
1526203497.3111,679.55000,0.06400000,b,l,
1526317751.6899,730.00000,1.09000000,b,l,
1526338647.2003,721.64000,13.82400000,s,l,
1526338650.2417,721.73000,3.00000000,s,m,
1526306288.5857,729.49000,0.71088294,b,l,
1526233228.582,720.00000,0.10000000,s,m,
1526338655.6619,722.00000,0.68000000,b,l,
1526312464.6562,725.32000,0.03549998,b,l,
1526258359.1699,727.01000,5.00000000,s,m,
1526231312.2934,741.20000,10.00000000,b,m,
1526198723.342,684.94000,0.02400000,b,l,
1526224706.0437,718.60000,0.06500000,b,m,
1526207618.3894,693.71000,0.04903076,s,l,
1526207620.6535,693.69000,0.26057884,s,l,
1526207623.2114,693.69000,0.20557958,b,l,
1526271752.48,691.53000,72.36090420,s,m,
1526200773.8023,681.71000,0.02500000,b,l,
1526336178.0712,725.85000,0.02500000,b,m,
1526211438.9409,696.11000,0.07182773,s,m,
1526338716.0319,722.50000,0.19104322,b,m,
1526207653.3447,693.79000,1.00000000,b,m,
1526399857.6519,715.70000,1.50000000,b,l,
1526207656.2098,693.20000,0.22416627,s,l,
1526198725.7584,685.00000,0.02400000,s,l,
1526207660.4499,693.20000,0.00083373,b,l,
1526207663.1029,693.12000,0.47774553,s,l,
1526207669.7712,692.45000,0.10358092,s,m,
1526338743.7663,722.19000,0.17797089,b,m,
1526338744.0253,721.63000,0.69389539,s,l,
1526268788.3667,698.64000,0.09974067,s,l,
1526338748.43,721.45000,0.19374238,s,l,
1526338752.0559,720.56000,5.00000000,s,l,
1526338754.5117,720.00000,2.41043932,s,m,
1526338757.638,719.43000,1.75000000,s,m,
1526408223.2113,713.68000,1.42062926,b,l,
1526407756.9643,712.69000,1.37993512,b,m,
1526309288.2152,733.27000,1.69870563,b,m,
1526222645.1572,710.75000,0.32921567,s,m,
1526338391.4266,722.87000,0.00312598,b,m,
1526338776.7393,719.20000,5.00000000,s,m,
1526231312.191,740.00000,0.65644388,b,m,
1526338783.9668,719.00000,3.14500000,s,l,
1526207712.7717,692.68000,0.20973747,s,l,
1526338785.7257,719.00000,2.56942800,s,l,
1526338786.5621,719.00000,0.63469226,s,l,
1526338787.2858,719.00000,2.92133866,s,l,
1526338789.4451,719.00000,0.71335360,s,l,
1526207718.2255,692.31000,0.00015599,s,l,
1526338793.3776,718.50000,0.56877600,s,m,
1526289915.4001,704.45000,0.27770875,s,m,
1526268798.7394,698.00000,0.00214040,s,m,
1526294747.0468,706.72000,0.03097957,b,l,
1526207736.663,692.05000,0.03050998,s,l,
1526338809.2933,718.00000,0.03000000,s,m,
1526207738.0811,692.05000,0.03052877,s,l,
1526207742.4587,692.05000,0.30430384,s,l,
1526338816.6321,718.00000,2.64121000,s,m,
1526325299.0647,735.94000,0.13400000,b,m,
1526338819.5429,716.65000,0.00319105,s,m,
1526408225.8869,714.17000,0.10617742,b,l,
1526338823.2767,718.78000,1.33300000,b,l,
1526338824.9733,718.61000,0.00003476,b,l,
1526207753.1239,691.06000,2.03603336,s,m,
1526207754.8998,691.00000,5.00000000,s,l,
1526338827.1271,718.78000,2.32066180,b,l,
1526338828.4735,718.89000,0.98998000,b,m,
1526338830.8288,718.53000,8.09000000,s,l,
1526338832.4469,719.58000,11.95425531,b,l,
1526338833.4359,719.60000,10.85716236,b,l,
1526338834.6832,719.60000,0.88732567,b,l,
1526268803.5962,698.63000,2.95072251,b,l,
1526338837.1442,719.57000,0.76959163,b,l,
1526268804.2316,698.10000,0.12000000,s,m,
1526244343.7851,739.58000,11.74100000,b,m,
1526268805.3179,698.29000,1.19619100,b,l,
1526338850.1688,720.36000,0.27312103,b,l,
1526268806.755,698.99000,0.51780749,b,m,
1526228565.5178,736.92000,0.22651097,b,m,
1526313704.5332,734.00000,1.70299727,b,l,
1526207785.4233,691.93000,0.38708709,b,l,
1526268807.4985,700.00000,13.50000000,b,m,
1526246962.4109,735.00000,0.00000357,s,m,
1526220552.0017,707.00000,75.00000000,b,l,
1526338864.7729,718.93000,0.36644646,s,l,
1526207796.8091,690.94000,0.08575539,s,l,
1526207797.498,690.50000,20.89000000,s,l,
1526268562.6115,705.95000,0.02600000,b,l,
1526268809.913,699.97000,2.00000000,b,m,
1526207801.644,690.50000,26.81707689,s,l,
1526338880.771,718.55000,0.10692334,s,l,
1526225120.8172,715.31000,0.12000000,b,l,
1526268811.7513,699.96000,0.59809550,b,l,
1526373311.1227,726.61000,5.00000000,b,m,
1526338892.5207,719.34000,2.58000000,b,l,
1526338896.7833,719.48000,0.69654026,s,l,
1526338900.6374,719.60000,1.25647300,b,m,
1526338901.373,719.64000,0.37768199,b,m,
1526207831.6419,690.00000,20.64590246,s,l,
1526207832.4527,690.20000,0.32477942,b,l,
1526408228.1311,714.18000,1.02600000,b,l,
1526223148.8441,715.00000,13.80366666,s,l,
1526338915.8526,719.93000,0.02360000,b,m,
1526214655.4924,699.26000,1.24700000,b,l,
1526338919.1697,720.00000,0.18256347,b,m,
1526207851.6669,689.66000,0.32284004,s,m,
1526338926.8069,720.00000,2.00000000,b,l,
1526246973.5639,735.79000,7.49303114,b,m,
1526338929.3174,721.06000,0.24004958,b,m,
1526268819.4403,700.96000,1.78588885,s,m,
1526271585.233,696.59000,1.12957566,s,l,
1526338937.5341,721.56000,0.41600000,b,m,
1526338938.1178,721.56000,4.20072806,b,m,
1526373457.5904,722.99000,1.38434824,b,l,
1526338941.7275,720.00000,0.41451638,b,l,
1526338944.7943,721.75000,0.00000005,b,m,
1526207875.1003,687.93000,2.55000000,s,l,
1526207876.4298,687.00000,20.60197569,b,l,
1526246428.366,733.11000,0.04000000,s,m,
1526272326.7061,693.00000,0.02100000,s,l,
1526338959.596,721.59000,0.02963528,b,m,
1526207888.7439,689.69000,0.04309909,b,l,
1526304625.0913,687.00000,1.45560407,s,l,
1526207895.9244,690.17000,0.51164504,b,m,
1526207898.6707,689.20000,1.72791764,s,l,
1526205245.956,698.29000,0.04166295,b,l,
1526256746.5233,718.32000,0.00000316,b,l,
1526277113.2701,697.74000,0.02419225,b,m,
1526355856.4314,725.63000,0.50934155,s,l,
1526220556.9469,706.32000,0.25000000,s,l,
1526207912.3235,690.19000,0.50000000,b,m,
1526207913.8835,689.71000,8.14083465,s,m,
1526207919.2562,689.80000,1.50000000,b,l,
1526391430.733,729.70000,0.02500000,b,m,
1526408231.5861,715.00000,1.89476032,s,l,
1526308622.6241,736.52000,0.25000000,b,m,
1526268832.4897,702.26000,1.08500000,b,m,
1526211828.5249,697.37000,0.02200000,b,m,
1526402285.7452,723.15000,3.06567884,s,l,
1526238372.7106,732.99000,5.39495397,s,l,
1526207950.8316,690.19000,0.58824727,b,l,
1526207951.3904,690.75000,5.00000000,b,l,
1526207958.3043,689.90000,0.32112112,s,l,
1526339039.145,720.08000,7.70000000,s,l,
1526207971.973,691.94000,4.95130317,b,m,
1526320414.1454,733.00000,0.02100000,b,m,
1526311298.1245,720.00000,0.00082023,s,l,
1526256419.0426,724.01000,1.00000000,s,m,
1526256475.7239,719.91000,0.62920008,s,m,
1526279442.2349,704.87000,10.94600000,b,l,
1526339074.1856,720.59000,0.12446726,b,m,
1526339075.8701,720.60000,1.03169426,b,l,
1526208005.586,690.01000,0.19746609,s,l,
1526395140.5069,711.10000,0.00003353,s,m,
1526339079.0722,721.54000,0.27099901,b,l,
1526299955.2286,706.33000,0.06019282,b,l,
1526399505.2101,718.06000,0.39199320,s,l,
1526382047.6338,733.71000,0.06200000,s,m,
1526248443.4339,729.20000,9.42100000,s,l,
1526290694.3108,705.80000,0.31816387,b,m,
1526334385.1028,737.87000,0.02500000,b,l,
1526207467.7266,694.76000,0.02200000,b,m,
1526299122.7642,713.49000,0.02400000,b,l,
1526339124.4581,721.12000,1.00000000,s,m,
1526272935.2212,697.06000,0.00000662,s,l,
1526320945.6406,732.52000,0.00000001,s,m,
1526208065.5725,691.08000,0.19854785,b,l,
1526225163.3716,714.13000,0.04000000,s,l,
1526290700.1711,704.88000,1.88000000,s,l,
1526408236.3389,715.00000,0.02000000,s,l,
1526230124.094,732.45000,5.00000000,b,m,
1526231312.2059,740.00000,0.36455751,b,m,
1526290703.8281,704.87000,1.88060953,b,l,
1526379703.1351,727.42000,0.04124124,b,l,
1526277045.7199,699.30000,0.06384038,b,l,
1526356242.314,725.61000,0.15608819,s,l,
1526311740,725.20000,1.50000000,b,l,
1526208111.9027,690.05000,0.25164810,s,l,
1526228546.7377,735.67000,2.01837646,b,m,
1526339185.0629,721.04000,3.80835872,s,l,
1526320469.347,730.84000,0.82000000,s,m,
1526364592.3104,736.20000,1.33500000,b,m,
1526399935.865,715.72000,0.36428349,b,l,
1526208125.8593,689.30000,0.19854785,s,l,
1526203328.2185,678.31000,4.71000000,s,m,
1526215454.1878,698.34000,0.81413799,s,m,
1526193026.3782,678.96000,0.02700000,b,l,
1526272938.7115,697.83000,3.15035000,b,m,
1526409412.3513,709.86000,0.13051578,s,m,
1526399939.0802,716.41000,0.02700000,b,l,
1526408632.3226,708.00000,9.54000000,b,l,
1526399941.7002,716.86000,0.32267386,b,l,
1526232553.8024,727.30000,0.40008781,s,m,
1526208169.2195,689.82000,0.19004101,s,m,
1526203501.9271,679.90000,0.02400000,b,l,
1526315232.2479,733.45000,0.21697096,s,m,
1526290719.3202,705.97000,0.32428215,b,m,
1526399947.7892,716.57000,0.00200000,b,l,
1526339273.2128,720.85000,3.80835872,b,l,
1526339276.2082,720.90000,0.02500000,b,l,
1526339278.2122,720.95000,0.02500000,b,l,
1526238024.9224,732.44000,0.02600000,b,m,
1526339284.3606,721.43000,0.82800000,b,l,
1526399951.6644,717.01000,0.02000000,b,l,
1526208223.2959,689.69000,0.68158158,b,l,
1526307015.2251,730.00000,0.39835765,b,l,
1526208252.2254,689.44000,0.20000000,b,l,
1526334422.2642,736.97000,0.02600000,b,m,
1526373326.2034,726.81000,0.12825338,b,l,
1526399959.012,717.52000,0.70000000,b,l,
1526234926.9723,725.99000,8.90200000,b,l,
1526266753.6605,720.23000,0.02400000,b,l,
1526339351.7424,721.16000,0.82505962,b,l,
1526380692.544,733.23000,0.17771943,s,m,
1526268890.4625,701.20000,2.26110960,s,m,
1526227284.9098,726.76000,0.27430017,b,m,
1526246363.8657,734.80000,1.00000000,b,m,
1526288173.988,711.37000,2.99000000,b,m,
1526213930.4506,697.75000,0.02600000,b,m,
1526339376.8772,721.70000,0.09690722,b,m,
1526208306.8125,689.50000,0.15063245,b,m,
1526337660.3928,721.59000,0.43221411,b,l,
1526220221.6724,703.80000,1.06731442,b,m,
1526203502.7261,680.55000,0.32281431,b,l,
1526225206.3301,715.75000,0.04500000,b,l,
1526271313.4165,701.45000,1.61100000,s,l,
1526220570.7649,706.90000,1.50000000,b,m,
1526225207.3786,715.78000,0.02300000,b,l,
1526211841.1709,697.00000,0.04956988,s,l,
1526412609.9515,709.14000,0.02600000,b,m,
1526208336.9926,688.26000,0.07860159,s,m,
1526208337,687.64000,1.98900000,s,m,
1526233664.2179,723.88000,0.35256127,b,m,
1526206506.494,694.08000,0.03718055,s,l,
1526399516.988,718.00000,2.16044455,s,l,
1526214655.1538,699.26000,1.23700000,b,l,
1526339433.8093,721.71000,0.02700000,b,l,
1526291665.1966,705.98000,0.03000000,b,l,
1526339440.3851,721.76000,0.02000000,b,l,
1526268904.2745,701.20000,0.00000003,s,l,
1526339442.9621,721.93000,0.01918255,b,l,
1526214850.6205,701.54000,8.77447400,b,m,
1526385108.355,732.43000,0.02500000,b,l,
1526339448.6889,722.69000,0.02000000,b,m,
1526339451.5023,722.62000,0.02100000,b,m,
1526339461.2111,722.99000,0.02500000,b,m,
1526353896.7839,723.42000,0.04000000,b,m,
1526225217.0009,716.44000,0.09429020,b,l,
1526334444.7944,736.97000,0.02100000,b,m,
1526293411.7424,701.49000,2.28627857,b,m,
1526395153.5329,711.89000,0.02700000,b,m,
1526342779.8917,730.04000,0.11702320,s,l,
1526334446.6155,736.80000,0.49589169,s,l,
1526362625.9242,729.13000,0.02100000,b,l,
1526293115.916,699.64000,14.24600000,s,l,
1526277081.1628,696.02000,0.17900000,s,m,
1526338415.8363,722.77000,0.13257885,b,m,
1526339505.6314,722.94000,0.50000000,b,m,
1526227944.2375,724.41000,5.00000000,s,m,
1526350801.371,725.98000,0.02400000,b,l,
1526247073.0357,733.76000,0.14000000,s,l,
1526310717.3482,725.50000,1.44318965,b,l,
1526204868.042,696.98000,0.02500000,b,m,
1526392049.2229,726.81000,13.50000000,s,m,
1526208468.0279,688.30000,1.50000000,s,l,
1526208470.1745,688.30000,4.62300000,b,l,
1526317437.271,730.98000,0.02500000,b,l,
1526246762.3499,735.99000,0.23120028,b,l,
1526308423.1634,730.30000,1.50000000,b,m,
1526268924.3661,701.90000,0.00000003,b,l,
1526304625.1984,685.31000,0.50000000,s,m,
1526408875.5626,708.50000,4.27941043,s,l,
1526402524.0455,723.56000,0.02500000,b,m,
1526208504.8564,689.17000,0.02200000,b,m,
1526268039.2517,709.70000,7.37872533,s,m,
1526305948.7902,716.98000,10.75000000,b,m,
1526232891.8799,726.00000,1.64878393,s,l,
1526394046.6156,728.97000,0.02400000,b,m,
1526247083.4521,732.92000,8.40071960,s,m,
1526268929.2065,701.60000,0.99840256,s,m,
1526225239.8175,716.77000,0.04900000,b,m,
1526290409.0229,706.11000,5.00000000,s,l,
1526373335.0968,725.00000,2.20398352,s,l,
1526214840.0906,701.54000,0.02400000,b,l,
1526400005.3429,717.40000,0.23076071,s,l,
1526362371.2515,729.36000,0.01578502,b,l,
1526208552.4729,689.57000,0.02200000,b,l,
1526339627.9527,723.00000,6.89907090,b,l,
1526339628.278,723.00000,0.02000000,b,l,
1526339629.2144,723.00000,1.25000000,b,l,
1526307868.3424,725.56000,0.26159855,b,m,
1526306229.7271,727.50000,1.35976729,s,m,
1526208560.9216,689.58000,0.07463996,b,l,
1526307076.4731,733.65000,1.00000000,b,m,
1526208562.3292,689.60000,0.11277947,b,l,
1526373336.6148,725.29000,0.85830851,b,l,
1526339641.6939,724.00000,62.38117581,b,l,
1526339642.5171,724.00000,4.68497226,b,l,
1526356319.453,725.61000,0.03245554,s,m,
1526339645.5317,724.46000,0.04000000,b,l,
1526339646.9053,724.59000,0.91680417,b,l,
1526268939.5364,701.20000,2.91327888,s,l,
1526309965.7774,730.17000,8.49440226,b,m,
1526316598.3129,728.00000,1.08600223,s,l,
1526268941.2116,701.15000,0.18203880,s,l,
1526208596.9986,689.89000,8.06200000,b,l,
1526208598.6066,690.00000,0.06072308,s,l,
1526312633.7554,726.75000,0.02400000,b,l,
1526339676.109,724.82000,0.00382689,s,m,
1526244784.9642,736.00000,0.02100000,s,l,
1526311648.6576,725.28000,0.48500000,b,m,
1526268945.5853,701.12000,0.03103831,s,l,
1526208623.0543,690.00000,0.01653380,s,m,
1526393868.3252,727.28000,0.44282982,s,m,
1526339698.435,725.00000,0.12500000,b,l,
1526254539.6723,728.76000,1.61497645,b,l,
1526373893.334,727.81000,0.02400000,b,m,
1526339711.3959,725.27000,0.04000000,b,l,
1526312640.1006,727.68000,0.18721112,b,m,
1526400022.7473,718.29000,0.04500000,b,m,
1526241456.088,729.27000,3.36752025,b,m,
1526234977.853,728.80000,4.39052157,b,m,
1526400024.6135,717.42000,2.47200000,s,m,
1526208658.1358,690.02000,0.02004008,b,m,
1526238290.8929,732.70000,0.02500000,b,l,
1526339740.5751,726.23000,0.02155805,b,m,
1526299143.6368,712.63000,4.59591480,s,l,
1526309204.6782,735.84000,0.02200000,b,m,
1526305887.8292,708.25000,0.24400000,b,m,
1526268958.277,701.11000,0.15216295,s,l,
1526208694.3229,690.02000,0.01095992,b,m,
1526310716.3202,725.54000,5.98000000,s,l,
1526371783.8607,725.91000,5.00000000,s,l,
1526335379.4185,725.60000,1.34479148,s,m,
1526339778.7794,726.31000,0.03200804,b,m,
1526314059.3404,729.28000,0.04000000,s,m,
1526208712.9886,690.02000,0.02100000,b,m,
1526208713.026,690.55000,0.56700000,b,m,
1526287207.1292,706.98000,0.02388390,b,m,
1526312653.1858,727.63000,2.28947617,b,m,
1526390209.2798,727.36000,0.10000000,s,m,
1526339796.5755,725.59000,1.00000000,s,l,
1526405936.7657,719.92000,0.02700000,b,m,
1526339798.2343,725.50000,0.45700000,s,l,
1526339800.2809,725.11000,0.45636408,s,l,
1526330075.4204,733.42000,0.02600000,b,l,
1526339804.5314,724.75000,0.09171551,s,l,
1526342790.07,730.76000,0.05886086,b,l,
1526339808.6924,723.76000,0.02420090,s,l,
1526407763.5506,711.13000,0.47238532,s,l,
1526235425.2446,727.56000,6.32078957,b,m,
1526339825.9891,723.17000,0.03027645,s,m,
1526339826.0114,722.49000,0.31629015,s,m,
1526195448.6393,680.50000,1.50000000,s,l,
1526268595.7033,706.51000,5.00000000,s,l,
1526342792.8754,731.12000,19.36949369,b,m,
1526375302.9736,730.85000,0.02600000,b,l,
1526225285.1096,717.15000,0.97300000,b,m,
1526327584.8269,732.89000,3.12500000,b,m,
1526290822.4517,705.98000,0.33073622,b,m,
1526242298.1384,729.90000,1.50000000,b,m,
1526385941.2828,731.77000,0.02600000,b,m,
1526412482.9608,709.46000,0.05000000,b,l,
1526208811.4105,690.90000,0.07736197,b,l,
1526334514.1635,736.56000,0.02200000,b,m,
1526303512.1858,695.00000,3.94357546,s,m,
1526312669.8102,727.68000,0.16907366,b,l,
1526223582.9803,721.35000,0.02100000,b,m,
1526312671.1167,727.68000,4.36000000,b,l,
1526189539.811,674.50000,0.02700000,b,l,
1526208835.6153,690.99000,0.02800000,b,m,
1526214933.7135,702.60000,1.45312049,s,m,
1526312673.9534,727.68000,6.65263356,b,l,
1526229316.7056,731.09000,0.02200000,b,l,
1526329700.1768,732.00000,0.14270000,s,l,
1526312674.0243,727.68000,23.77692387,b,l,
1526208852.035,691.29000,0.02004008,b,m,
1526225328.0485,716.14000,2.55000000,s,m,
1526339927.7691,723.18000,0.29487140,b,l,
1526339929.0552,723.20000,1.52123134,b,l,
1526312677.4093,727.68000,10.74033869,b,l,
1526290063.0427,707.15000,0.00018869,b,l,
1526214655.7975,700.73000,5.05340000,b,m,
1526395169.9469,713.02000,14.01900000,b,m,
1526215455.424,697.68000,1.68209295,s,l,
1526208883.5319,691.27000,0.02800000,b,l,
1526287304.5481,704.50000,2.71238938,s,m,
1526208892.1941,691.30000,0.28432482,b,l,
1526312682.3866,727.68000,1.64740474,b,l,
1526208899.6192,691.80000,1.50000000,b,l,
1526208904.334,691.90000,1.50000000,b,l,
1526287934.1983,707.15000,0.18203880,b,l,
1526225303.6512,715.92000,0.74122484,s,m,
1526222515.3115,711.40000,3.26440272,b,m,
1526228820.7878,734.49000,0.02100000,b,l,
1526208918.0916,691.99000,0.04915105,b,l,
1526307880.0798,725.77000,0.02500000,s,m,
1526306562.5553,726.59000,0.64629783,s,l,
1526312687.402,727.68000,5.71510000,b,l,
1526208929.1032,692.00000,1.62142143,b,l,
1526338432.7213,720.94000,0.00000644,s,m,
1526340003.0286,722.87000,0.25000000,s,l,
1526208933.3441,692.00000,1.64100000,b,l,
1526271383.4446,700.70000,5.00000000,s,l,
1526208939.3085,692.00000,0.02000000,b,l,
1526338247.3738,722.83000,0.45057486,b,m,
1526342797.6872,731.99000,0.10000000,b,l,
1526334536.1376,736.03000,0.04490338,s,m,
1526290846.6759,705.98000,0.33723536,b,m,
1526312692.3025,727.68000,1.50956543,b,l,
1526320016.3807,730.01000,0.27700000,b,l,
1526335015.419,730.75000,1.53842432,s,m,
1526235664.5132,731.37000,0.04000000,b,m,
1526340044.3402,722.96000,0.19658093,b,l,
1526233228.6071,720.00000,0.20000000,s,m,
1526382276.8003,735.50000,0.02600000,b,l,
1526290852.837,705.97000,0.29666894,s,l,
1526250514.262,733.38000,0.60918813,s,m,
1526327458.7908,730.23000,0.00159690,b,m,
1526334544.6887,736.00000,0.76000000,s,l,
1526312699.4994,728.15000,0.04700000,b,l,
1526400081.2231,717.93000,0.02000000,b,m,
1526209001.2115,692.38000,0.02600000,b,m,
1526342799.45,731.19000,1.55320000,s,l,
1526334548.1233,736.00000,1.04000000,s,l,
1526340091.7295,722.98000,0.00517307,s,l,
1526290858.0945,705.29000,0.02600000,b,m,
1526312704.6414,728.93000,4.20569576,s,m,
1526209026.5144,693.25000,0.11261706,b,l,
1526277332.0794,697.81000,0.31334379,s,m,
1526395998.4731,711.12000,1.98524502,s,m,
1526397010.2831,715.99000,1.11358353,b,l,
1526232564.9868,728.43000,0.06441695,s,m,
1526209038.7708,692.10000,1.50000000,s,l,
1526340113.4648,722.98000,0.06625819,s,l,
1526261991.297,731.20000,5.00000000,s,l,
1526312708.4173,730.65000,0.04000000,b,m,
1526399084.6518,719.30000,0.09422011,b,m,
1526225328.0521,716.11000,0.13039546,s,m,
1526327458.7846,730.22000,5.54460892,b,m,
1526337661.2558,722.72000,1.48001411,b,l,
1526365070.6968,735.10000,15.93815021,s,l,
1526381489.3189,736.19000,5.00000000,b,m,
1526247175.4326,734.30000,1.50000000,b,l,
1526286160.7548,700.93000,0.02300000,b,l,
1526203507.2081,681.29000,0.04000000,b,l,
1526340147.202,723.02000,0.46920694,s,m,
1526363736.7469,733.18000,5.00000000,s,m,
1526228025.2012,727.03000,0.16732999,b,l,
1526282223.0547,700.32000,2.23809109,s,l,
1526269025.5077,701.01000,0.19629727,s,l,
1526340172.7741,723.02000,0.04417213,s,l,
1526220470.615,706.50000,1.18293824,b,m,
1526269027.4129,701.00000,0.50000000,s,l,
1526343171.9552,733.61000,8.49440226,s,l,
1526340188.3793,723.06000,0.03600000,b,l,
1526360261.3342,728.54000,0.43073568,s,l,
1526408715.2585,707.00000,9.23300000,b,l,
1526312640.0923,727.64000,0.16652383,b,m,
1526189541.7303,674.72000,0.02100000,b,l,
1526250453.75,734.99000,0.59300000,b,l,
1526385628.0964,730.94000,0.02600000,b,l,
1526203497.2984,679.55000,1.85180302,b,l,
1526225343.3774,717.15000,0.04735014,b,l,
1526232470.7227,730.32000,30.00000000,s,m,
1526203499.6625,679.84000,0.01945633,b,l,
1526334572.1088,735.13000,2.15616753,b,m,
1526312727.5377,729.27000,0.02662529,b,l,
1526203501.9313,679.92000,0.02700000,b,l,
1526256669.4756,717.33000,0.02100000,s,m,
1526203502.7215,680.14000,0.42370000,b,l,
1526247193.3036,733.01000,1.89934187,s,l,
1526290884.4276,705.00000,0.17000000,s,l,
1526386450.1987,732.95000,0.02600000,b,l,
1526340253.371,724.39000,0.02000000,b,l,
1526340255.7857,724.40000,0.02000000,b,l,
1526340256.3287,724.41000,0.01700000,b,l,
1526340257.0422,724.68000,3.08324464,b,l,
1526340259.6623,725.98000,0.54144093,b,m,
1526399544.3047,715.54000,0.11400000,s,m,
1526225351.2839,717.26000,0.00923754,b,l,
1526203506.3054,681.00000,3.01535392,b,l,
1526238057.0291,732.90000,0.02600000,b,l,
1526340273.5185,726.54000,1.33582220,b,l,
1526203507.194,681.00000,2.95693106,b,l,
1526215630.8704,699.04000,1.69600000,s,l,
1526203509.3954,681.96000,1.30700000,b,l,
1526340291.2802,725.98000,5.00000000,s,l,
1526340292.4992,725.65000,5.10000000,s,l,
1526334582.6563,733.50000,6.05195324,s,m,
1526340297.2551,725.58000,7.01500000,s,l,
1526299952.3635,706.19000,1.31100000,b,l,
1526198723.3473,684.96000,0.02200000,b,l,
1526341426.2392,727.25000,0.02400000,b,m,
1526290894.9396,704.03000,2.77370000,s,l,
1526302579.908,702.79000,1.64217949,b,l,
1526193396.9472,687.59000,0.00873000,b,m,
1526353102.7195,724.06000,0.02400000,b,m,
1526272975.6517,698.00000,14.92192992,b,m,
1526209260.6654,691.96000,0.02200000,b,l,
1526290898.4857,704.06000,0.01112161,b,m,
1526201541.1822,682.29000,0.02700000,b,m,
1526209265.9462,691.98000,0.02500000,b,l,
1526290899.5638,704.05000,0.85177400,b,l,
1526269055.7051,700.10000,4.58977472,s,m,
1526277341.2585,698.30000,0.09265621,b,l,
1526225371.7681,717.31000,0.02100000,b,l,
1526238061.2867,731.91000,0.71093637,s,m,
1526229332.3625,733.20000,0.02600000,b,m,
1526275108.057,689.90000,1.10000000,s,m,
1526317276.1588,732.00000,1.00000000,b,m,
1526261120.8054,730.00000,0.04000000,b,l,
1526278828.9934,700.00000,1.65000000,b,m,
1526363212.8821,736.00000,3.09347500,s,l,
1526267682.79,716.00000,9.65500000,s,l,
1526307894.9477,726.00000,1.38200000,b,l,
1526209340.4585,692.85000,0.02600000,b,l,
1526397065.7929,716.89000,0.02300000,b,m,
1526209345.6026,692.84000,0.05670563,b,l,
1526288180.178,711.40000,5.00000000,b,l,
1526209352.16,692.97000,0.02200000,b,l,
1526209353.1959,692.21000,0.25824627,s,l,
1526209355.4044,692.00000,16.80000000,b,l,
1526327611.3418,731.78000,4.01333199,s,l,
1526259327.052,731.25000,0.02100000,b,m,
1526209364.2483,691.99000,0.04500000,b,l,
1526279147.6127,701.85000,3.25000000,b,m,
1526307895.4373,726.00000,4.01337002,b,l,
1526246792.0238,735.00000,0.99809471,s,l,
1526214655.5214,699.26000,0.18404910,b,l,
1526298655.7093,711.02000,0.02600000,b,l,
1526203538.7542,681.82000,0.07710080,s,m,
1526340474.9205,725.62000,0.02442111,s,l,
1526400149.3406,717.91000,1.95200000,b,m,
1526340481.2361,725.20000,10.14900000,s,l,
1526334444.8017,736.98000,0.02600000,b,m,
1526340483.2946,725.00000,28.00000000,s,l,
1526291672.5335,706.39000,0.02600000,b,m,
1526232063.4339,732.60000,5.00000000,s,m,
1526209417.4928,691.97000,0.02800000,b,l,
1526309130.3962,735.00000,0.00079744,b,l,
1526381915.5372,733.00000,3.74225313,b,l,
1526412207.321,706.79000,0.00255757,s,m,
1526269750.2667,701.70000,0.56339377,b,l,
1526209434.5531,691.98000,0.02200000,b,l,
1526340514.8297,724.77000,0.37196269,b,m,
1526340515.7901,723.14000,0.01396940,s,m,
1526209445.6712,691.99000,0.02200000,b,l,
1526209446.5936,692.00000,0.57723323,b,l,
1526211615.9992,697.00000,0.14099618,s,l,
