time,bid,ask
1526202368,678.85000,679.68000
1526289750,706.65000,707.81000
1526202378,678.85000,679.67000
1526267917,710.31000,711.59000
1526267919,710.32000,711.59000
1526202384,678.86000,679.67000
1526202386,678.87000,679.68000
1526202387,678.86000,679.68000
1526267926,710.32000,711.50000
1526202391,678.86000,679.66000
1526202399,678.86000,679.69000
1526267936,710.34000,711.49000
1526267938,710.42000,711.49000
1526202404,678.86000,679.67000
1526267942,710.43000,711.49000
1526213297,696.91000,697.78000
1526202408,677.96000,679.67000
1526267945,710.43000,711.95000
1526202410,678.03000,679.67000
1526202411,678.10000,679.69000
1526202412,678.10000,679.68000
1526202413,678.11000,679.68000
1526267950,710.56000,711.39000
1526202415,678.12000,679.20000
1526202417,678.20000,679.20000
1526267954,710.33000,711.39000
1526202420,678.21000,679.20000
1526202421,678.30000,679.20000
1526267958,710.40000,711.39000
1526202423,678.31000,679.20000
1526267960,710.31000,711.39000
1526202427,678.31000,679.69000
1526202428,678.32000,679.68000
1526267914,710.32000,711.59000
1526267966,710.31000,711.30000
1526202431,678.32000,679.67000
1526267969,710.32000,711.30000
1526202434,678.32000,679.66000
1526267971,710.31000,712.08000
1526267972,710.32000,712.07000
1526267973,710.32000,711.40000
1526267974,710.32000,711.00000
1526202439,678.21000,678.30000
1526267978,710.40000,711.00000
1526311607,721.20000,722.08000
1526202446,678.22000,678.30000
1526267984,710.41000,711.00000
1526267990,710.41000,710.99000
1526267991,710.31000,710.99000
1526267992,710.31000,710.90000
1526202457,678.23000,678.30000
1526267998,710.32000,710.90000
1526267999,710.90000,711.00000
1526268005,710.90000,710.99000
1526268006,710.90000,710.98000
1526268008,710.90000,710.97000
1526202473,678.21000,678.30000
1526268010,710.39000,710.86000
1526202476,678.22000,678.30000
1526202477,678.23000,678.30000
1526268017,710.39000,710.97000
1526246078,740.00000,740.45000
1526202486,678.30000,679.66000
1526202487,678.23000,679.66000
1526202488,678.24000,679.66000
1526202489,678.24000,679.65000
1526202490,678.24000,679.60000
1526268027,710.30000,710.98000
1526268028,710.30000,710.96000
1526268030,710.30000,710.96000
1526202495,678.24000,679.60000
1526268032,710.10000,710.95000
1526202497,678.30000,679.60000
1526202498,678.31000,679.60000
1526268035,710.03000,710.60000
1526202500,678.32000,679.60000
1526202502,678.32000,679.59000
1526202503,678.33000,679.59000
1526268040,709.50000,709.71000
1526268041,709.50000,709.54000
1526268042,709.40000,709.53000
1526202509,678.40000,679.59000
1526268048,709.40000,709.52000
1526202515,678.34000,679.59000
1526289774,706.70000,707.82000
1526202518,678.34000,679.58000
1526202519,678.35000,679.58000
1526268057,709.31000,709.52000
1526268060,709.31000,709.50000
1526268062,709.31000,709.40000
1526268063,709.31000,709.49000
1526268064,709.31000,709.40000
1526268065,709.31000,709.40000
1526268067,709.30000,709.50000
1526268068,709.30000,709.39000
1526202533,678.36000,679.58000
1526268070,709.30000,709.31000
1526202538,678.36000,679.50000
1526268079,709.25000,709.30000
1526268080,709.21000,709.31000
1526268081,709.21000,709.30000
1526202546,678.37000,679.50000
1526268083,709.15000,709.20000
1526268084,708.78000,708.89000
1526268085,708.78000,709.20000
1526268086,708.78000,709.19000
1526202551,678.38000,679.57000
1526268091,708.78000,709.18000
1526268093,708.69000,709.18000
1526202558,677.21000,679.57000
1526268095,708.47000,708.48000
1526202560,677.22000,679.56000
1526202561,677.23000,679.56000
1526268098,708.00000,708.60000
1526202563,677.30000,679.56000
1526268100,708.00000,708.48000
1526202568,678.20000,678.90000
1526268105,707.91000,708.48000
1526268106,707.91000,708.10000
1526268107,707.91000,708.09000
1526202572,678.30000,678.55000
1526268111,707.60000,708.08000
1526242201,728.96000,728.99000
1526202578,678.31000,678.55000
1526202579,678.32000,678.55000
1526268116,707.60000,708.09000
1526268117,707.61000,708.07000
1526202582,678.32000,679.57000
1526202583,678.32000,679.56000
1526202588,678.32000,678.63000
1526202591,678.31000,678.63000
1526268128,707.61000,708.09000
1526202593,678.33000,678.63000
1526268130,707.56000,708.09000
1526268131,707.56000,707.60000
1526268132,707.51000,708.09000
1526268133,707.51000,707.60000
1526202598,678.33000,679.57000
1526268135,707.51000,708.08000
1526268136,707.51000,707.60000
1526202602,678.33000,679.56000
1526202603,676.91000,678.49000
1526202605,677.14000,678.49000
1526202606,678.20000,678.49000
1526233473,724.90000,726.41000
1526202611,678.20000,678.49000
1526267622,718.11000,718.90000
1526268150,707.51000,707.58000
1526202615,678.21000,678.49000
1526202618,678.21000,679.54000
1526202619,678.21000,679.53000
1526267946,710.44000,711.40000
1526202623,678.21000,679.50000
1526202627,678.21000,679.52000
1526202629,678.21000,679.51000
1526202630,678.21000,679.40000
1526202634,678.21000,679.39000
1526202638,678.22000,679.38000
1526267949,710.56000,711.40000
1526202641,678.22000,679.37000
1526257027,720.04000,721.10000
1526247982,729.20000,730.51000
1526202414,678.11000,679.20000
1526202646,678.22000,679.54000
1526246105,739.36000,739.86000
1526202648,678.22000,679.53000
1526268185,706.60000,707.00000
1526268186,706.52000,707.00000
1526202651,678.22000,679.40000
1526202652,678.23000,679.40000
1526202654,678.24000,679.58000
1526202656,678.26000,679.58000
1526202657,678.26000,679.60000
1526202659,678.30000,679.60000
1526202660,678.31000,679.80000
1526268197,706.52000,706.70000
1526268198,706.52000,706.68000
1526202663,678.30000,679.96000
1526202664,678.31000,679.95000
1526202665,678.32000,679.95000
1526268203,706.51000,706.99000
1526202668,678.40000,679.95000
1526202669,679.20000,679.95000
1526268208,706.71000,706.99000
1526202673,679.20000,680.08000
1526202674,678.73000,680.64000
1526268211,706.70000,706.99000
1526202676,679.20000,680.63000
1526202677,679.20000,680.62000
1526202678,679.20000,680.40000
1526202680,679.45000,680.40000
1526267956,710.57000,711.39000
1526202682,679.45000,680.62000
1526202683,679.80000,680.62000
1526202686,680.46000,680.62000
1526202688,680.46000,680.69000
1526202689,680.46000,680.70000
1526202692,680.50000,680.70000
1526251061,734.80000,734.87000
1526202697,680.46000,680.70000
1526202698,680.50000,680.70000
1526202699,680.51000,680.70000
1526268236,706.51000,706.60000
1526207289,694.96000,695.38000
1526268242,706.51000,706.96000
1526202707,680.52000,680.70000
1526268245,706.65000,706.96000
1526268246,706.52000,706.97000
1526268249,706.52000,706.96000
1526202714,680.53000,680.70000
1526268253,706.91000,708.06000
1526268254,706.91000,708.05000
1526268257,706.92000,708.05000
1526268258,707.00000,708.05000
1526268261,708.62000,708.69000
1526268262,708.06000,708.60000
1526268263,708.06000,708.40000
1526202728,680.52000,680.53000
1526267964,710.31000,711.30000
1526268268,708.06000,708.40000
1526268269,708.06000,708.59000
1526267965,710.41000,711.30000
1526268273,708.06000,708.58000
1526268274,708.06000,708.58000
1526202740,680.47000,680.53000
1526268277,708.06000,708.57000
1526268278,708.07000,708.24000
1526202743,680.52000,680.53000
1526268280,708.07000,708.24000
1526268281,708.07000,708.57000
1526246122,739.14000,739.84000
1526268286,708.07000,708.59000
1526268288,708.07000,708.99000
1526268290,708.08000,708.99000
1526268291,708.08000,709.00000
1526268293,708.08000,708.66000
1526268294,708.30000,708.66000
1526268296,708.51000,708.66000
1526202761,680.00000,680.53000
1526268298,708.51000,709.00000
1526268299,708.51000,708.99000
1526202765,680.10000,680.53000
1526268302,708.52000,709.00000
1526268305,708.52000,708.98000
1526202770,680.10000,681.70000
1526202771,680.00000,681.05000
1526202773,680.11000,680.52000
1526211656,697.00000,697.35000
1526246127,739.14000,739.82000
1526260663,728.51000,729.47000
1526268317,708.98000,709.02000
1526268318,708.98000,709.31000
1526268319,708.10000,708.46000
1526268320,708.10000,709.01000
1526268321,708.07000,708.98000
1526202787,680.00000,680.52000
1526202788,680.12000,680.52000
1526268325,708.07000,709.30000
1526268327,708.07000,708.97000
1526268330,708.07000,708.80000
1526268331,708.07000,708.50000
1526268332,707.55000,708.50000
1526246130,739.14000,739.81000
1526268334,707.55000,708.49000
1526268336,707.02000,708.49000
1526202802,680.00000,680.52000
1526202804,680.13000,680.52000
1526268341,707.30000,708.40000
1526261849,731.20000,731.92000
1526268343,707.30000,707.80000
1526268344,706.92000,707.80000
1526268348,706.92000,707.79000
1526268351,706.92000,707.80000
1526202817,680.14000,680.52000
1526235211,725.81000,726.89000
1526268356,706.65000,707.78000
1526213366,697.03000,697.18000
1526268362,707.15000,707.78000
1526268364,707.15000,707.77000
1526268365,706.51000,707.77000
1526202831,680.14000,680.51000
1526202832,680.15000,680.51000
1526268369,706.52000,707.76000
1526268371,706.52000,707.30000
1526202836,680.15000,680.50000
1526268373,706.51000,707.30000
1526246674,734.50000,735.90000
1526202847,680.00000,680.50000
1526202848,680.16000,680.50000
1526268385,706.20000,706.50000
1526316407,728.92000,728.99000
1526235217,725.81000,726.88000
1526268393,706.03000,706.19000
1526268394,706.00000,706.02000
1526268397,706.00000,706.01000
1526202862,680.17000,680.50000
1526268399,705.00000,706.01000
1526268400,705.00000,706.00000
1526268402,705.00000,705.99000
1526202867,680.17000,680.49000
1526268404,705.00000,705.99000
1526268405,705.00000,705.20000
1526202870,680.17000,680.48000
1526289833,706.17000,707.73000
1526268409,705.00000,705.01000
1526202874,680.33000,680.48000
1526202876,680.33000,680.47000
1526202877,680.34000,680.47000
1526268414,705.00000,705.29000
1526268415,705.00000,705.01000
1526268416,704.21000,705.00000
1526268417,704.21000,704.99000
1526268420,704.21000,704.98000
1526268421,704.21000,704.30000
1526202888,680.44000,680.47000
1526268427,704.21000,704.28000
1526268431,704.21000,704.27000
1526202897,680.45000,680.47000
1526268434,704.21000,704.88000
1526268435,704.21000,704.98000
1526268436,704.22000,704.98000
1526268437,704.21000,704.98000
1526268438,704.21000,704.87000
1526202904,680.47000,680.48000
1526246148,739.18000,739.78000
1526268443,704.22000,704.85000
1526268444,704.21000,704.85000
1526268445,704.22000,704.85000
1526246149,739.18000,739.78000
1526268448,704.22000,704.90000
1526202913,680.46000,680.48000
1526202916,680.48000,680.50000
1526268453,704.76000,704.89000
1526202921,680.48000,681.10000
1526202922,680.48000,681.08000
1526268459,705.48000,705.65000
1526268460,705.48000,705.66000
1526268462,705.48000,705.65000
1526268463,705.49000,705.66000
1526202928,680.49000,680.97000
1526268466,705.49000,705.64000
1526289843,706.21000,707.73000
1526268469,705.66000,705.99000
1526268470,705.68000,705.98000
1526268471,705.66000,705.98000
1526289844,706.21000,707.68000
1526202938,680.50000,680.97000
1526268476,705.66000,705.97000
1526268478,705.49000,705.97000
1526268479,705.80000,705.97000
1526202946,680.50000,680.96000
1526268483,706.57000,706.84000
1526268484,706.57000,706.85000
1526268486,706.57000,707.19000
1526268490,706.57000,707.18000
1526268491,706.70000,707.18000
1526268494,706.90000,707.18000
1526268495,707.19000,707.29000
1526268496,707.28000,707.29000
1526268499,707.28000,707.95000
1526268502,707.28000,707.94000
1526268503,707.41000,707.94000
1526268504,707.41000,707.93000
1526232272,733.57000,734.49000
1526202971,679.82000,680.50000
1526268509,707.95000,708.50000
1526202974,679.83000,680.50000
1526202976,679.83000,680.49000
1526268513,707.41000,707.95000
1526268514,707.25000,707.94000
1526202979,679.82000,680.49000
1526268516,707.25000,707.58000
1526268518,707.25000,707.42000
1526202983,679.83000,680.49000
1526202984,679.83000,680.48000
1526202985,679.83000,680.47000
1526268522,707.25000,707.41000
1526268523,706.94000,707.41000
1526268524,706.13000,707.41000
1526268525,706.13000,707.40000
1526268526,706.13000,707.25000
1526268527,706.13000,706.94000
1526268528,706.13000,707.30000
1526268529,706.13000,706.80000
1526268531,706.13000,706.79000
1526268532,706.13000,706.70000
1526202997,681.26000,681.40000
1526268534,705.97000,706.05000
1526203000,681.26000,681.39000
1526268537,706.13000,706.30000
1526203002,681.26000,681.38000
1526203003,681.26000,681.37000
1526203005,681.26000,681.30000
1526203006,681.26000,681.37000
1526203008,681.26000,681.37000
1526203009,681.26000,681.30000
1526203011,681.26000,681.29000
1526203013,681.26000,681.27000
1526203015,679.82000,679.94000
1526203017,679.82000,679.93000
1526268554,705.49000,705.93000
1526209577,692.44000,693.46000
1526268562,705.99000,706.26000
1526268563,705.49000,706.26000
1526268564,705.49000,706.25000
1526268565,705.50000,706.25000
1526268567,705.80000,706.25000
1526268569,705.81000,706.25000
1526268571,706.25000,706.26000
1526268572,705.81000,706.26000
1526268573,705.81000,706.24000
1526203039,679.82000,679.92000
1526268576,706.00000,706.24000
1526235248,725.47000,726.78000
1526268578,706.00000,706.90000
1526246171,739.00000,739.71000
1526268580,706.00000,707.20000
1526268581,705.81000,707.20000
1526268582,706.10000,707.29000
1526203048,679.82000,679.88000
1526203051,679.13000,679.55000
1526268588,706.50000,707.31000
1526268589,706.51000,707.31000
1526268590,707.32000,707.33000
1526268591,706.51000,707.33000
1526203057,678.50000,679.55000
1526203058,679.14000,679.91000
1526268595,706.50000,707.30000
1526268596,706.52000,707.30000
1526203061,678.44000,679.91000
1526268598,706.53000,707.30000
1526203064,678.45000,679.91000
1526203065,678.60000,679.91000
1526268602,706.66000,707.00000
1526203069,678.60000,679.58000
1526203070,678.45000,679.58000
1526203071,678.46000,679.58000
1526203072,678.60000,679.58000
1526268610,706.66000,706.98000
1526268611,706.70000,706.98000
1526203076,678.60000,679.90000
1526203077,679.00000,679.87000
1526268614,706.66000,706.98000
1526203080,679.00000,679.86000
1526268617,706.52000,706.66000
1526268619,706.51000,707.00000
1526203084,679.01000,679.85000
1526268621,706.51000,706.52000
1526203086,679.10000,679.87000
1526268623,706.10000,706.51000
1526268624,706.10000,707.00000
1526203090,679.02000,679.87000
1526203091,679.02000,679.90000
1526203092,679.02000,679.87000
1526203094,679.02000,679.86000
1526203095,679.10000,679.86000
1526268633,706.80000,706.99000
1526203099,679.02000,679.86000
1526203102,679.02000,679.85000
1526203103,679.10000,679.85000
1526268641,705.82000,706.00000
1526203108,679.02000,679.85000
1526203110,679.02000,679.84000
1526203111,679.10000,679.84000
1526235260,725.20000,726.80000
1526268650,705.90000,706.00000
1526203117,679.11000,679.84000
1526268654,705.25000,705.98000
1526235261,725.20000,726.79000
1526268656,704.84000,705.90000
1526268657,704.30000,705.72000
1526268658,704.30000,705.24000
1526268660,704.42000,705.24000
1526203125,679.11000,679.83000
1526268663,704.42000,705.23000
1526268665,703.86000,705.23000
1526268666,703.86000,705.22000
1526203131,679.20000,679.83000
1526268668,704.42000,705.10000
1526263261,729.94000,730.73000
1526268671,704.42000,705.09000
1526268672,704.43000,705.09000
1526268674,704.43000,704.81000
1526246187,739.00000,739.25000
1526268676,703.64000,704.25000
1526268679,703.64000,704.80000
1526268680,703.64000,704.24000
1526203145,679.12000,679.83000
1526246676,734.50000,735.89000
1526203148,678.81000,679.83000
1526268034,710.10000,710.60000
1526203151,679.30000,679.83000
1526203155,678.81000,679.83000
1526268693,703.60000,704.24000
1526268695,703.02000,703.99000
1526268696,703.03000,703.99000
1526268697,703.04000,703.99000
1526203162,678.90000,679.83000
1526268702,703.05000,703.99000
1526203167,678.82000,679.83000
1526268704,703.04000,703.97000
1526268705,703.06000,703.97000
1526203171,679.00000,679.83000
1526268038,710.03000,710.59000
1526268710,703.00000,703.97000
1526203176,678.82000,679.83000
1526268713,703.00000,703.96000
1526203178,678.82000,679.41000
1526203179,679.00000,679.41000
1526268717,703.00000,703.50000
1526203184,678.82000,679.41000
1526203185,679.30000,679.77000
1526268722,703.00000,703.49000
1526203187,679.30000,679.83000
1526203188,679.30000,679.79000
1526268725,703.00000,703.01000
1526203190,678.82000,679.79000
1526203191,678.83000,679.82000
1526203192,678.83000,679.83000
1526203193,679.30000,679.82000
1526268730,702.00000,702.49000
1526268731,702.00000,702.31000
1526235274,725.20000,726.10000
1526268734,702.00000,702.01000
1526203199,678.83000,679.82000
1526203201,678.83000,679.77000
1526268738,701.65000,702.00000
1526203203,678.90000,679.76000
1526203204,678.90000,679.77000
1526268741,701.39000,701.58000
1526268743,701.10000,701.57000
1526203208,678.83000,679.77000
1526268745,701.10000,701.57000
1526203210,678.90000,679.82000
1526203211,678.90000,679.59000
1526268749,701.10000,701.49000
1526203214,678.83000,679.59000
1526203215,678.83000,679.58000
1526203218,678.90000,679.58000
1526268755,701.10000,701.39000
1526203220,678.90000,679.59000
1526268757,700.01000,700.80000
1526203223,678.83000,679.59000
1526268760,698.63000,700.79000
1526203225,678.90000,679.59000
1526268762,699.50000,700.79000
1526268764,699.50000,700.78000
1526203229,678.90000,679.59000
1526268766,698.70000,700.78000
1526268767,700.02000,700.50000
1526268768,698.71000,699.70000
1526203234,678.83000,679.59000
1526203235,678.90000,679.59000
1526268773,698.64000,699.50000
1526268775,698.64000,699.49000
1526203240,678.83000,679.59000
1526203243,678.90000,679.59000
1526268781,698.64000,699.48000
1526268782,698.64000,699.09000
1526203247,678.90000,679.58000
1526268784,698.64000,699.08000
1526268786,698.64000,699.04000
1526268051,709.40000,709.50000
1526203252,678.90000,679.58000
1526203253,678.90000,679.59000
1526268791,698.64000,699.03000
1526203256,678.83000,679.59000
1526203257,678.90000,679.59000
1526268794,698.64000,699.00000
1526268795,698.00000,698.30000
1526268798,698.00000,698.64000
1526203263,678.91000,679.59000
1526268800,698.34000,698.64000
1526203265,678.91000,679.58000
1526268802,698.10000,698.29000
1526203267,678.91000,679.59000
1526268804,698.20000,698.29000
1526268805,698.29000,698.64000
1526268806,698.50000,698.99000
1526268807,698.50000,699.99000
1526268808,698.68000,699.98000
1526268809,699.01000,699.97000
1526268810,699.50000,699.97000
1526268811,700.82000,701.00000
1526268813,700.22000,700.99000
1526268814,700.22000,700.82000
1526264047,726.48000,727.30000
1526203280,678.91000,679.58000
1526203282,678.91000,679.59000
1526203283,679.00000,679.57000
1526203287,678.91000,679.59000
1526268831,701.01000,701.10000
1526268832,701.01000,702.57000
1526268835,701.01000,702.00000
1526268837,701.02000,702.00000
1526268839,701.09000,702.56000
1526268840,701.10000,702.20000
1526268842,701.10000,702.19000
1526203309,678.91000,679.58000
1526268848,701.41000,702.19000
1526268849,701.52000,702.56000
1526268850,701.52000,702.54000
1526268852,701.52000,702.55000
1526203317,679.40000,679.59000
1526303155,701.44000,701.92000
1526268858,701.50000,702.55000
1526268859,701.58000,702.55000
1526268861,701.58000,702.59000
1526268862,701.58000,702.58000
1526203328,679.40000,679.58000
1526203329,678.57000,679.59000
1526203330,678.58000,679.58000
1526203331,678.58000,679.57000
1526203332,679.10000,679.57000
1526203335,679.10000,679.56000
1526203337,678.59000,679.56000
1526203341,678.90000,679.56000
1526268878,701.60000,702.54000
1526268880,701.69000,702.54000
1526289912,705.11000,705.47000
1526203346,678.60000,679.56000
1526203347,678.80000,679.56000
1526268884,701.69000,702.50000
1526268885,701.69000,702.49000
1526254097,733.83000,734.34000
1526203352,678.80000,679.56000
1526268889,701.60000,702.49000
1526268890,701.20000,702.49000
1526246223,738.51000,739.00000
1526203357,678.90000,679.56000
1526268894,701.20000,701.90000
1526203361,678.81000,679.56000
1526203363,678.90000,679.56000
1526203364,678.91000,679.56000
1526222587,712.05000,712.46000
1526203369,678.91000,679.55000
1526268906,701.21000,701.90000
1526203371,678.92000,679.55000
1526268908,701.30000,701.90000
1526268909,701.60000,701.90000
1526203380,678.92000,679.54000
1526203383,678.92000,679.54000
1526246228,738.50000,738.80000
1526203390,678.92000,679.55000
1526268931,701.60000,701.80000
1526268933,701.21000,701.80000
1526268936,701.21000,701.80000
1526268939,701.20000,701.80000
1526268940,701.15000,701.80000
1526268941,701.12000,701.29000
1526268943,701.12000,701.20000
1526268945,701.11000,701.20000
1526268949,701.11000,701.29000
1526268950,701.11000,701.34000
1526268951,701.11000,701.20000
1526203418,678.93000,679.55000
1526202543,678.36000,679.57000
1526268960,700.89000,701.20000
1526202544,678.37000,679.57000
1526203433,678.94000,679.55000
1526268971,700.90000,701.20000
1526268082,709.21000,709.31000
1526246237,738.51000,738.79000
1526268978,700.91000,701.20000
1526202547,678.38000,679.50000
1526203447,679.20000,679.55000
1526268985,700.91000,701.20000
1526268988,700.91000,701.20000
1526268991,700.92000,701.20000
1526203462,679.20000,679.58000
1526203463,679.20000,679.55000
1526203464,679.20000,679.58000
1526203465,679.20000,679.55000
1526203467,679.20000,679.58000
1526269005,700.93000,701.11000
1526269006,700.93000,701.10000
1526269008,701.00000,701.10000
1526203474,679.20000,679.39000
1526269011,701.00000,701.10000
1526269012,701.01000,701.10000
1526203479,679.21000,679.39000
1526269016,701.01000,701.09000
1526213476,697.01000,697.09000
1526269018,701.01000,701.10000
1526269019,701.01000,701.11000
1526203484,679.21000,679.55000
1526269021,701.01000,701.08000
1526269022,701.01000,701.10000
1526253225,735.90000,736.40000
1526269024,701.01000,701.09000
1526269025,701.00000,701.09000
1526203490,679.21000,679.30000
1526203494,679.22000,679.30000
1526269031,700.91000,700.97000
1526203496,679.31000,679.55000
1526203497,679.22000,679.58000
1526203499,679.55000,679.84000
1526203500,679.87000,679.90000
1526203501,679.87000,680.14000
1526203502,680.39000,680.77000
1526203503,680.77000,681.00000
1526292942,700.23000,701.49000
1526203506,680.78000,681.00000
1526203507,681.00000,681.96000
1526203508,681.39000,681.96000
1526203509,681.77000,681.96000
1526203510,681.00000,682.33000
1526203513,681.80000,682.33000
1526203515,681.80000,682.45000
1526246250,737.91000,738.50000
1526203518,681.81000,682.45000
1526269055,700.04000,700.89000
1526268096,708.47000,708.80000
1526203522,681.82000,682.45000
1526269060,700.01000,700.89000
1526203526,681.82000,683.00000
1526203527,681.90000,683.00000
1526203530,681.90000,682.74000
1526226957,727.28000,727.38000
1526203533,681.83000,682.74000
1526203534,681.82000,682.74000
1526269071,700.01000,700.70000
1526269072,700.01000,700.69000
1526203538,681.81000,682.74000
1526268099,708.00000,708.70000
1526203541,681.81000,682.73000
1526269078,700.01000,700.30000
1526203543,681.81000,682.72000
1526202564,678.20000,679.56000
1526246255,737.91000,738.74000
1526203550,681.81000,682.71000
1526203552,681.82000,682.71000
1526203553,681.82000,682.74000
1526203556,681.82000,682.81000
1526203557,681.81000,682.73000
1526269096,700.02000,700.28000
1526269097,700.31000,700.68000
1526269098,700.02000,700.68000
1526203565,681.81000,683.00000
1526269102,700.10000,700.78000
1526203567,681.82000,682.81000
1526235336,723.90000,724.00000
1526269106,700.11000,700.96000
1526269110,700.11000,700.50000
1526203577,681.82000,682.99000
1526269114,700.03000,700.96000
1526269117,700.02000,700.96000
1526269118,700.30000,700.96000
1526269119,700.40000,700.96000
1526203587,681.83000,682.99000
1526269124,700.42000,700.96000
1526269125,700.42000,701.11000
1526269128,700.43000,701.11000
1526268108,707.60000,708.09000
1526203594,681.83000,682.98000
1526289954,703.98000,704.60000
1526203598,681.83000,682.97000
1526269135,700.42000,701.11000
1526269136,700.42000,701.93000
1526203601,681.83000,682.96000
1526269138,700.42000,701.10000
1526269139,700.41000,701.10000
1526235342,723.81000,724.00000
1526269142,700.02000,700.22000
1526213497,697.01000,697.07000
1526269146,700.03000,700.22000
1526269147,700.03000,700.21000
1526203613,681.84000,682.96000
1526269151,700.03000,700.20000
1526203623,681.85000,682.96000
1526269160,700.03000,700.22000
1526203625,681.86000,683.30000
1526203626,682.30000,683.30000
1526269164,700.01000,700.20000
1526269165,700.04000,700.20000
1526203630,682.31000,683.56000
1526203632,683.30000,683.56000
1526203633,684.19000,684.51000
1526203634,683.39000,684.51000
1526203635,683.56000,684.51000
1526203636,683.94000,684.51000
1526203638,684.19000,684.52000
1526203639,683.94000,684.52000
1526203640,684.29000,684.52000
1526269177,700.01000,700.20000
1526203642,684.29000,684.85000
1526269179,700.00000,700.19000
1526269180,699.57000,700.19000
1526203647,684.40000,684.85000
1526269184,699.50000,700.01000
1526269185,699.50000,699.55000
1526203650,684.41000,685.23000
1526203651,684.41000,685.23000
1526269188,699.50000,699.90000
1526203653,684.42000,685.22000
1526203654,684.70000,685.22000
1526203655,684.42000,685.22000
1526203656,684.70000,685.22000
1526203657,685.22000,686.23000
1526269194,698.01000,698.80000
1526203659,684.70000,686.40000
1526203660,685.40000,686.40000
1526203661,686.23000,686.40000
1526203662,685.41000,686.40000
1526203663,686.52000,686.67000
1526203664,685.90000,686.67000
1526269201,697.77000,698.10000
1526269202,697.61000,698.00000
1526203668,685.91000,686.67000
1526269205,697.61000,698.00000
1526269206,697.61000,697.99000
1526203671,685.91000,686.77000
1526203672,685.92000,686.77000
1526203673,686.20000,686.81000
1526269211,697.61000,697.85000
1526203676,686.20000,687.00000
1526269214,697.61000,697.84000
1526203680,686.21000,687.29000
1526203681,687.06000,687.29000
1526203682,686.80000,687.29000
1526203683,688.40000,689.26000
1526203684,688.40000,689.26000
1526203685,689.09000,689.26000
1526269222,697.00000,697.38000
1526203688,688.96000,689.50000
1526268124,707.60000,708.09000
1526269226,697.00000,697.20000
1526203691,688.41000,689.50000
1526203692,689.56000,689.70000
1526203693,689.60000,689.70000
1526269230,697.00000,697.18000
1526203695,689.61000,690.00000
1526203696,689.70000,690.00000
1526269233,697.00000,697.17000
1526203698,690.21000,690.42000
1526289971,704.40000,704.90000
1526203702,690.30000,690.42000
1526203703,690.42000,692.70000
1526203704,690.42000,691.99000
1526203705,690.42000,693.00000
1526203706,691.10000,693.00000
1526203707,691.10000,691.98000
1526269244,696.16000,696.39000
1526203709,691.10000,693.00000
1526203710,691.10000,691.70000
1526203711,691.11000,691.70000
1526203712,691.25000,691.70000
1526269249,695.48000,696.20000
1526203714,691.20000,691.70000
1526203715,691.73000,692.99000
1526203717,691.73000,692.98000
1526203718,691.74000,692.98000
1526203719,691.74000,692.97000
1526203720,691.74000,692.53000
1526203723,691.85000,692.53000
1526203726,691.75000,692.53000
1526269263,695.49000,695.80000
1526203728,693.00000,693.40000
1526203729,691.96000,693.40000
1526203730,692.53000,693.40000
1526203731,692.53000,693.00000
1526203732,692.53000,692.97000
1526203733,692.54000,692.97000
1526269272,695.50000,695.99000
1526269273,695.50000,696.00000
1526269274,695.51000,696.05000
1526203739,692.55000,692.97000
1526203740,691.96000,692.97000
1526203743,692.23000,692.96000
1526203744,692.23000,693.41000
1526203745,692.51000,693.40000
1526203746,692.51000,692.96000
1526269283,696.04000,697.17000
1526203748,692.24000,693.00000
1526203749,692.52000,692.95000
1526203750,692.52000,693.00000
1526203751,692.23000,692.24000
1526235367,723.63000,724.00000
1526203756,692.23000,693.41000
1526203757,692.23000,692.99000
1526203758,692.69000,692.98000
1526269295,696.20000,697.16000
1526269297,695.01000,696.82000
1526269298,695.56000,696.82000
1526203763,692.69000,692.97000
1526269300,695.56000,696.30000
1526203765,692.69000,693.41000
1526269303,695.56000,696.17000
1526269304,695.56000,696.10000
1526203769,692.69000,693.50000
1526268138,707.51000,708.07000
1526269312,695.57000,696.10000
1526269313,695.56000,696.09000
1526269315,695.57000,696.09000
1526203781,693.48000,693.50000
1526269319,695.57000,696.00000
1526235372,724.00000,725.19000
1526203787,692.69000,693.50000
1526203788,692.81000,693.50000
1526203789,692.81000,693.49000
1526203790,692.82000,693.50000
1526269327,695.57000,695.99000
1526269328,695.56000,695.99000
1526269329,695.58000,696.16000
1526203794,694.00000,694.73000
1526269332,695.58000,696.15000
1526203797,694.00000,694.72000
1526203798,694.01000,694.72000
1526203799,694.01000,694.30000
1526269338,695.58000,696.13000
1526203803,694.02000,694.30000
1526269340,696.00000,696.15000
1526203805,694.20000,694.98000
1526203806,694.63000,694.98000
1526269344,696.01000,696.34000
1526203810,694.41000,694.98000
1526269347,696.34000,697.09000
1526203812,694.41000,694.97000
1526203813,694.41000,694.90000
1526203814,694.41000,694.97000
1526203815,694.41000,694.98000
1526269353,696.40000,697.09000
1526203818,694.41000,694.97000
1526269355,696.60000,697.09000
1526203820,694.41000,694.98000
1526203821,692.82000,694.96000
1526203822,692.82000,694.40000
1526269359,696.61000,697.75000
1526203824,692.83000,694.95000
1526203825,693.40000,694.95000
1526203826,693.40000,694.40000
1526203828,693.40000,694.39000
1526269365,696.63000,699.38000
1526269366,696.80000,698.52000
1526203831,693.01000,694.38000
1526269368,696.90000,698.52000
1526203833,693.40000,694.38000
1526269370,696.91000,699.68000
1526269372,696.90000,699.65000
1526289994,705.71000,706.92000
1526269374,696.92000,699.65000
1526203839,693.40000,694.36000
1526203840,693.40000,694.30000
1526203843,693.40000,694.35000
1526269381,696.92000,697.27000
1526203847,693.40000,694.34000
1526203849,693.41000,694.34000
1526203850,693.41000,694.37000
1526269387,697.30000,698.30000
1526269388,697.30000,699.64000
1526269389,698.53000,699.63000
1526269390,698.53000,699.56000
1526269391,698.53000,699.40000
1526203856,693.41000,694.39000
1526263545,726.01000,726.48000
1526203858,693.41000,694.10000
1526269395,697.10000,699.39000
1526269396,697.10000,698.62000
1526269398,697.10000,698.46000
1526269399,697.01000,698.46000
1526269401,697.01000,698.45000
1526203866,693.41000,694.09000
1526268154,707.51000,707.57000
1526203870,693.40000,694.09000
1526269407,697.01000,698.44000
1526203873,693.40000,694.08000
1526203874,693.12000,694.08000
1526269411,697.01000,698.44000
1526203876,693.12000,694.07000
1526269413,697.01000,698.40000
1526269414,697.02000,698.04000
1526203879,693.12000,693.70000
1526269417,697.03000,698.04000
1526203882,694.00000,694.07000
1526269421,697.00000,698.04000
1526269422,696.40000,698.04000
1526269424,696.90000,698.04000
1526269425,696.90000,698.01000
1526203892,693.12000,693.85000
1526269429,696.90000,698.00000
1526269430,696.91000,698.00000
1526269431,696.91000,697.99000
1526203896,693.12000,693.60000
1526269434,697.00000,697.99000
1526268159,707.51000,707.56000
1526203900,693.12000,693.59000
1526269438,697.00000,697.98000
1526203904,693.12000,693.58000
1526269441,696.91000,697.97000
1526269443,697.00000,697.97000
1526203910,692.09000,693.58000
1526203912,692.09000,693.57000
1526203913,692.06000,693.58000
1526203914,692.60000,693.58000
1526269451,697.00000,697.96000
1526269453,697.00000,697.95000
1526203918,694.00000,694.05000
1526203920,694.00000,694.04000
1526269457,696.92000,697.95000
1526269459,697.00000,697.95000
1526203924,694.00000,694.05000
1526203926,694.00000,694.06000
1526269465,696.92000,697.94000
1526297850,713.09000,713.99000
1526246319,737.25000,737.40000
1526269469,697.00000,697.93000
1526269470,696.39000,696.40000
1526269472,696.40000,697.93000
1526269474,696.02000,697.93000
1526269475,696.41000,697.93000
1526203940,695.30000,695.65000
1526269477,696.56000,697.90000
1526203942,694.00000,695.30000
1526269479,696.41000,697.89000
1526203944,694.00000,695.29000
1526269482,696.42000,697.89000
1526269483,696.42000,697.88000
1526203948,694.01000,694.82000
1526203949,694.01000,694.81000
1526269487,696.42000,697.87000
1526203957,694.01000,694.69000
1526269494,696.43000,697.87000
1526269495,696.43000,697.86000
1526203960,694.01000,694.69000
1526269497,696.80000,697.86000
1526269498,696.88000,697.86000
1526203963,694.01000,694.68000
1526269500,696.88000,697.87000
1526203967,694.01000,694.09000
1526269504,697.40000,697.87000
1526269509,697.41000,697.87000
1526269514,697.80000,697.87000
1526269515,697.41000,697.87000
1526203980,694.01000,694.67000
1526203981,694.02000,694.67000
1526203983,694.02000,694.66000
1526269520,698.00000,698.59000
1526269521,698.04000,698.59000
1526203987,694.67000,694.68000
1526269524,698.05000,698.59000
1526269525,698.06000,698.59000
1526269527,698.30000,698.59000
1526266253,717.88000,717.99000
1526269529,698.91000,699.67000
1526269532,699.12000,699.67000
1526269533,699.23000,699.67000
1526269534,699.53000,699.67000
1526269539,699.60000,699.67000
1526269540,699.80000,699.84000
1526204005,694.67000,695.77000
1526204006,694.67000,695.35000
1526204007,694.67000,694.87000
1526269544,699.54000,699.84000
1526204009,694.67000,695.35000
1526204010,694.67000,695.34000
1526269547,700.10000,700.43000
1526269549,700.31000,700.43000
1526269550,700.31000,700.47000
1526269551,700.40000,700.47000
1526269552,700.31000,700.47000
1526204019,694.67000,695.94000
1526204021,694.67000,695.93000
1526269558,700.72000,700.79000
1526204023,694.68000,695.93000
1526269560,700.31000,700.79000
1526269561,700.50000,700.79000
1526269564,700.50000,700.78000
1526204029,695.00000,695.93000
1526204030,695.00000,695.92000
1526269567,700.06000,700.78000
1526204033,695.77000,695.92000
1526269570,699.53000,700.50000
1526204035,695.40000,695.77000
1526269572,699.13000,700.10000
1526204038,695.40000,695.93000
1526204040,695.77000,695.93000
1526204041,695.41000,697.00000
1526269578,699.14000,699.30000
1526204043,696.00000,696.11000
1526269583,699.14000,699.29000
1526204048,696.01000,696.11000
1526269585,698.00000,698.85000
1526204050,696.00000,696.11000
1526204052,696.02000,696.11000
1526204055,696.11000,696.98000
1526204056,696.03000,696.98000
1526204059,696.03000,696.98000
1526204060,696.50000,696.98000
1526204061,696.50000,696.97000
1526204062,696.50000,696.98000
1526246341,736.34000,736.40000
1526204064,696.50000,696.90000
1526204066,696.03000,696.90000
1526204067,696.03000,696.89000
1526204069,696.03000,697.50000
1526204070,696.03000,697.10000
1526204072,696.03000,696.90000
1526268188,706.63000,707.00000
1526204074,696.10000,696.90000
1526269611,698.66000,698.89000
1526269613,698.80000,698.89000
1526204078,696.10000,696.90000
1526204079,696.10000,696.60000
1526204080,696.03000,696.50000
1526269617,698.89000,699.28000
1526204082,696.03000,696.49000
1526269619,698.90000,699.28000
1526269620,699.10000,699.28000
1526204085,696.00000,696.49000
1526269623,699.11000,699.28000
1526204091,696.00000,696.40000
1526204093,696.00000,696.30000
1526204095,695.03000,696.30000
1526204096,695.00000,695.97000
1526204097,695.00000,695.62000
1526204098,695.00000,695.03000
1526204099,695.00000,695.62000
1526204100,695.00000,695.50000
1526269637,699.51000,700.01000
1526204102,695.00000,695.60000
1526204103,695.00000,695.50000
1526269640,699.52000,700.01000
1526269641,699.60000,700.01000
1526204107,695.00000,695.04000
1526269644,700.01000,700.36000
1526204110,694.38000,695.00000
1526246349,735.43000,735.46000
1526204113,694.38000,694.60000
1526204114,693.51000,694.60000
1526204116,693.51000,694.59000
1526204120,693.51000,694.58000
1526204121,693.09000,694.58000
1526204122,693.10000,694.58000
1526246351,734.99000,735.43000
1526204124,693.52000,694.58000
1526204126,693.50000,694.58000
1526204127,693.53000,694.58000
1526246352,734.99000,735.41000
1526269670,700.02000,700.86000
1526213585,695.80000,696.75000
1526204137,693.54000,694.58000
1526204138,693.80000,694.58000
1526268199,706.51000,706.99000
1526246354,734.31000,735.40000
1526204143,693.90000,694.58000
1526268200,706.51000,706.52000
1526269683,700.10000,700.86000
1526204149,694.30000,694.58000
1526269689,700.50000,700.86000
1526204156,694.40000,694.58000
1526269695,700.50000,700.85000
1526269696,700.81000,700.85000
1526204162,694.40000,694.58000
1526269701,700.81000,700.86000
1526269702,701.40000,701.43000
1526204167,694.90000,695.49000
1526269704,702.05000,702.21000
1526268204,706.70000,706.99000
1526204170,694.90000,695.10000
1526246359,733.75000,735.39000
1526269708,702.06000,702.20000
1526204173,694.90000,695.49000
1526269712,702.06000,702.19000
1526204178,695.00000,695.49000
1526204180,695.01000,695.48000
1526204181,695.01000,695.49000
1526204182,695.02000,695.49000
1526204183,695.01000,695.48000
1526204184,695.01000,695.49000
1526269721,702.06000,702.17000
1526204186,695.02000,695.49000
1526204187,695.48000,695.49000
1526204191,696.00000,696.40000
1526204193,695.48000,696.00000
1526204195,695.02000,696.00000
1526204196,695.02000,695.99000
1526269733,702.18000,702.19000
1526269734,702.18000,702.40000
1526269735,701.41000,702.40000
1526204201,695.00000,695.99000
1526204202,695.00000,695.98000
1526269739,701.41000,702.39000
1526269740,701.41000,701.80000
1526204205,695.03000,695.98000
1526204207,695.20000,695.98000
1526269744,701.38000,701.70000
1526204209,695.03000,696.38000
1526269746,701.38000,701.67000
1526204211,695.80000,695.97000
1526196055,683.87000,684.09000
1526204214,695.60000,695.97000
1526204215,695.80000,695.96000
1526235444,726.10000,727.00000
1526246367,733.75000,734.70000
1526269756,701.38000,701.80000
1526204221,695.80000,695.95000
1526204222,695.03000,695.95000
1526204223,695.03000,695.96000
1526204224,695.13000,695.95000
1526204226,695.14000,695.95000
1526269763,701.38000,701.81000
1526269764,701.38000,701.79000
1526269768,701.38000,701.77000
1526204233,695.20000,695.95000
1526204234,695.20000,696.44000
1526204235,695.20000,696.43000
1526204236,695.20000,695.94000
1526204237,695.21000,695.94000
1526204238,695.21000,695.93000
1526269775,701.38000,701.78000
1526268216,706.51000,706.70000
1526204244,695.05000,695.93000
1526204245,695.05000,695.77000
1526269785,701.38000,701.70000
1526269787,701.38000,701.69000
1526204252,695.05000,695.90000
1526204253,695.05000,695.55000
1526204254,693.82000,695.55000
1526204256,693.83000,695.54000
1526269793,701.38000,701.44000
1526269795,701.38000,701.41000
1526204261,693.82000,695.53000
1526204262,694.40000,695.53000
1526269799,701.38000,701.40000
1526204265,694.40000,695.52000
1526269803,699.61000,700.94000
1526204269,693.84000,695.51000
1526269806,699.61000,700.93000
1526269807,699.02000,699.31000
1526269808,698.67000,699.31000
1526204273,694.30000,695.50000
1526269811,699.09000,699.31000
1526268222,706.70000,706.96000
1526204278,693.85000,695.49000
1526204279,693.85000,695.49000
1526204280,693.86000,695.49000
1526204281,694.20000,695.49000
1526204282,694.20000,695.48000
1526269819,699.09000,699.31000
1526269820,699.09000,699.30000
1526204287,693.85000,695.48000
1526204288,693.85000,695.46000
1526204289,694.20000,695.46000
1526213611,695.82000,696.76000
1526204292,694.20000,695.45000
1526269830,699.09000,699.30000
1526204295,694.20000,695.44000
1526204296,693.85000,695.43000
1526204298,693.85000,695.42000
1526204299,694.20000,695.42000
1526269836,698.43000,699.30000
1526235458,726.10000,727.74000
1526204302,694.20000,695.41000
1526269839,698.50000,700.40000
1526204304,693.85000,695.30000
1526204305,693.80000,695.30000
1526204307,693.81000,695.30000
1526204308,693.86000,694.99000
1526204309,693.90000,694.99000
1526204310,693.90000,694.98000
1526269848,698.68000,700.38000
1526269850,698.69000,700.38000
1526269851,698.69000,700.20000
1526204318,693.81000,694.78000
1526269856,698.80000,700.20000
1526204322,693.81000,694.77000
1526269860,698.80000,700.20000
1526269863,698.69000,700.20000
1526204328,693.81000,694.62000
1526269867,698.69000,700.19000
1526204332,692.50000,694.61000
1526204333,693.82000,694.61000
1526269871,698.44000,700.18000
1526269872,698.44000,700.10000
1526204339,693.82000,694.60000
1526269876,698.16000,699.90000
1526269878,698.45000,699.90000
1526269880,698.44000,699.90000
1526269881,698.50000,699.90000
1526269883,698.50000,700.13000
1526204348,693.82000,694.50000
1526268234,706.51000,706.96000
1526269886,698.51000,699.80000
1526204351,692.51000,694.50000
1526269888,698.46000,699.79000
1526204353,692.51000,694.49000
1526204354,693.20000,694.49000
1526204355,693.40000,694.50000
1526204357,693.20000,694.43000
1526204358,693.20000,694.42000
1526204359,693.20000,694.00000
1526204361,692.58000,693.20000
1526269898,698.45000,699.77000
1526204363,693.00000,693.20000
1526204364,693.10000,693.20000
1526204367,693.26000,694.41000
1526204368,693.10000,693.19000
1526269907,699.10000,699.76000
1526204373,693.10000,694.41000
1526204376,693.10000,694.40000
1526204377,693.70000,694.40000
1526204378,693.70000,693.75000
1526269915,699.40000,699.76000
1526204383,693.70000,693.75000
1526204385,693.70000,694.39000
1526269922,699.41000,699.76000
1526204388,693.90000,694.39000
1526269925,699.50000,699.76000
1526269929,699.50000,700.06000
1526204395,693.70000,694.02000
1526204396,693.70000,694.39000
1526204397,693.90000,694.01000
1526269934,699.60000,700.06000
1526269939,699.60000,700.05000
1526204404,695.00000,695.15000
1526269941,699.51000,700.05000
1526290089,706.14000,707.00000
1526269944,699.50000,700.04000
1526204411,695.00000,695.14000
1526269950,699.42000,700.03000
1526269951,699.50000,700.03000
1526204418,695.00000,695.30000
1526290091,706.18000,707.63000
1526204420,695.00000,695.30000
1526269957,699.50000,700.02000
1526269958,699.42000,700.02000
1526204423,695.00000,695.29000
1526204424,695.00000,695.28000
1526204426,695.00000,695.29000
1526204428,695.00000,695.18000
1526269965,699.60000,700.01000
1526204430,695.00000,695.17000
1526269968,699.42000,700.14000
1526269969,699.42000,700.13000
1526269970,699.60000,700.13000
1526204437,695.00000,695.16000
1526269975,699.61000,700.12000
1526290095,706.19000,707.00000
1526204444,695.00000,695.15000
1526204447,695.00000,695.14000
1526269987,699.42000,700.12000
1526204452,695.00000,695.13000
1526269992,699.62000,700.11000
1526269994,699.62000,700.10000
1526269999,699.62000,700.09000
1526270002,699.42000,700.09000
1526270004,699.63000,700.09000
1526270005,699.63000,700.08000
1526213641,695.70000,696.68000
1526204472,695.00000,695.12000
1526290100,706.19000,707.58000
1526204481,695.00000,695.13000
1526270018,699.64000,700.08000
1526270022,699.64000,700.07000
1526270023,699.64000,700.06000
1526270024,699.65000,700.07000
1526270025,699.64000,700.07000
1526294639,705.72000,706.53000
1526270028,699.42000,700.07000
1526270033,699.43000,700.07000
1526204499,695.00000,695.10000
1526270039,699.42000,700.07000
1526270040,699.42000,700.06000
1526270041,699.42000,700.07000
1526270044,699.42000,700.05000
1526204512,695.00000,695.09000
1526204515,695.01000,695.09000
1526204517,695.00000,695.09000
1526270054,699.42000,700.03000
1526270057,699.42000,700.02000
1526204523,695.00000,695.07000
1526260715,728.52000,729.94000
1526270064,698.65000,700.02000
1526270066,698.60000,700.02000
1526270067,698.60000,700.01000
1526270069,698.70000,700.01000
1526268265,708.06000,708.39000
1526270072,698.70000,700.02000
1526270076,698.60000,700.02000
1526270077,698.70000,700.02000
1526204542,695.00000,695.06000
1526270080,698.70000,700.00000
1526204545,695.07000,695.08000
1526204546,695.00000,695.07000
1526204548,693.80000,695.07000
1526270085,698.60000,700.01000
1526204550,693.80000,694.99000
1526204551,694.00000,695.07000
1526270093,698.60000,700.02000
1526204558,693.80000,695.07000
1526204560,694.00000,695.07000
1526270099,698.70000,700.00000
1526270101,698.61000,700.00000
1526270102,698.70000,700.00000
1526204567,693.81000,695.07000
1526204569,694.00000,695.07000
1526270108,698.70000,699.99000
1526204573,694.00000,695.06000
1526270110,698.70000,699.99000
1526270111,698.60000,699.99000
1526204576,693.81000,695.06000
1526270113,698.60000,699.66000
1526270114,698.10000,698.57000
1526270115,698.10000,699.66000
1526204580,694.00000,695.06000
1526270117,698.10000,699.65000
1526270118,697.93000,699.65000
1526270121,697.94000,699.20000
1526204586,693.81000,695.06000
1526204587,693.81000,695.07000
1526204588,694.10000,695.05000
1526270125,697.46000,697.92000
1526270126,697.46000,699.19000
1526270127,697.46000,697.93000
1526270128,697.46000,699.19000
1526270130,697.45000,699.19000
1526270131,697.45000,698.80000
1526204596,695.00000,695.05000
1526246430,733.36000,734.09000
1526204601,695.00000,695.07000
1526270138,696.84000,698.70000
1526204603,695.00000,695.04000
1526270140,697.44000,698.70000
1526270141,696.95000,698.50000
1526270142,696.94000,698.50000
1526270143,696.94000,697.90000
1526270145,697.32000,697.90000
1526270146,697.32000,697.89000
1526270149,696.86000,697.89000
1526270150,696.82000,697.89000
1526270151,696.75000,697.88000
1526204616,693.83000,695.00000
1526204618,693.83000,695.03000
1526268279,708.06000,708.24000
1526204620,694.10000,695.03000
1526270158,696.40000,697.87000
1526270159,696.41000,697.43000
1526270161,696.40000,697.43000
1526270163,696.40000,697.42000
1526270164,696.40000,696.50000
1526270165,695.78000,696.50000
1526270166,695.79000,696.50000
1526270167,696.28000,696.50000
1526270169,696.29000,696.50000
1526270170,696.28000,696.49000
1526270171,695.79000,696.06000
1526204636,694.11000,695.03000
1526270173,695.80000,696.49000
1526270175,695.79000,696.49000
1526235515,726.80000,727.00000
1526270180,695.79000,696.48000
1526204647,694.11000,695.02000
1526270186,695.80000,696.48000
1526270188,695.80000,696.40000
1526198625,683.79000,685.30000
1526299073,712.35000,713.60000
1526270193,695.14000,696.39000
1526270195,695.15000,696.39000
1526270198,695.16000,696.39000
1526270200,695.40000,696.39000
1526270201,695.60000,696.39000
1526270203,695.73000,696.39000
1526270204,695.73000,696.38000
1526204673,694.57000,695.01000
1526204677,694.57000,695.00000
1526270215,696.39000,696.94000
1526270216,696.21000,696.94000
1526270217,696.60000,696.94000
1526270218,696.38000,696.94000
1526270219,696.22000,696.94000
1526204684,694.11000,695.00000
1526204686,694.89000,695.00000
1526257368,720.20000,720.78000
1526270226,696.51000,697.42000
1526270228,696.52000,697.42000
1526204693,694.89000,694.99000
1526204695,694.11000,694.99000
1526204696,694.99000,695.01000
1526204697,695.00000,695.01000
1526204700,694.11000,694.99000
1526270237,697.00000,697.42000
1526204703,694.11000,695.01000
1526290140,707.01000,707.06000
1526270257,697.00000,697.97000
1526270258,697.00000,697.97000
1526270259,697.01000,697.97000
1526270260,697.00000,697.96000
1526204727,694.11000,695.00000
1526204729,694.11000,694.99000
1526270269,696.70000,697.95000
1526270270,696.70000,697.30000
1526246453,734.00000,734.20000
1526204738,694.11000,694.98000
1526270276,696.19000,696.49000
1526270277,696.19000,697.30000
1526270278,696.19000,697.10000
1526270280,696.19000,697.09000
1526270282,696.19000,696.86000
1526270283,696.19000,696.30000
1526270284,695.60000,696.30000
1526268301,708.51000,708.99000
1526204752,694.11000,694.97000
1526270290,695.16000,696.30000
1526270292,694.93000,696.30000
1526270293,694.94000,696.30000
1526270295,694.94000,696.30000
1526270302,694.95000,696.30000
1526204767,694.11000,694.96000
1526270306,694.96000,696.30000
1526270308,694.96000,696.75000
1526204773,694.11000,695.00000
1526270310,694.95000,696.30000
1526270312,694.96000,696.30000
1526270314,694.98000,696.30000
1526270316,694.99000,696.74000
1526268306,709.03000,709.31000
1526270320,695.00000,696.30000
1526290152,707.02000,707.10000
1526270322,695.01000,696.30000
1526204789,694.96000,695.02000
1526270326,695.02000,696.40000
1526270327,695.02000,696.39000
1526270330,694.98000,696.39000
1526270332,694.95000,696.39000
1526290154,707.02000,707.09000
1526270334,694.99000,696.39000
1526204799,694.96000,695.01000
1526270339,694.99000,696.30000
1526270342,694.99000,696.29000
1526204807,694.96000,695.00000
1526204814,694.96000,694.99000
1526270351,694.99000,696.20000
1526270352,695.00000,696.20000
1526235544,727.50000,727.99000
1526204818,694.96000,695.00000
1526204819,694.96000,695.00000
1526270358,695.01000,696.19000
1526204827,695.10000,695.47000
1526270364,695.02000,696.19000
1526204830,695.10000,696.48000
1526204831,695.10000,696.46000
1526204832,695.11000,696.46000
1526204833,695.11000,696.49000
1526235547,727.51000,727.99000
1526204836,695.70000,696.45000
1526270373,695.06000,696.19000
1526204838,695.70000,696.49000
1526204840,695.70000,697.00000
1526204842,695.70000,696.96000
1526270379,695.07000,696.19000
1526204845,695.70000,696.95000
1526204847,695.71000,696.95000
1526270385,695.07000,696.18000
1526204852,695.90000,697.00000
1526204853,696.00000,697.00000
1526246473,734.24000,734.29000
1526204856,696.01000,697.00000
1526204858,696.01000,696.99000
1526204859,696.02000,696.99000
1526204860,696.02000,697.00000
1526204861,696.20000,697.00000
1526204862,696.20000,696.99000
1526204865,696.20000,696.98000
1526204866,696.21000,696.98000
1526204868,696.21000,696.98000
1526204870,696.21000,697.73000
1526204871,696.30000,697.73000
1526204872,696.98000,697.73000
1526204873,697.00000,697.50000
1526270411,695.07000,696.09000
1526204876,697.01000,697.50000
1526204879,697.01000,697.49000
1526204881,697.10000,697.49000
1526268323,708.07000,708.45000
1526270420,695.09000,696.07000
1526204888,697.01000,697.10000
1526204891,697.01000,697.49000
1526204892,697.20000,697.49000
1526204893,697.20000,697.96000
1526270430,695.11000,696.07000
1526204895,697.20000,697.95000
1526270432,695.60000,696.19000
1526204898,697.01000,697.95000
1526204899,697.10000,697.95000
1526204900,697.40000,697.95000
1526204903,697.40000,697.94000
1526270440,696.11000,696.19000
1526204907,697.41000,697.94000
1526270444,696.19000,697.00000
1526270448,696.50000,697.00000
1526270449,697.00000,697.69000
1526204914,697.41000,697.93000
1526270451,697.00000,697.70000
1526270452,697.31000,697.71000
1526270453,697.69000,698.22000
1526270454,697.31000,698.22000
1526270457,698.10000,698.22000
1526270459,697.80000,698.22000
1526204924,697.41000,698.00000
1526270461,698.10000,698.22000
1526204926,697.42000,698.00000
1526270463,697.81000,698.20000
1526204931,698.00000,698.46000
1526270469,697.81000,698.22000
1526270472,697.90000,698.22000
1526270476,698.04000,698.22000
1526204943,698.10000,698.46000
1526270482,698.20000,698.22000
1526204948,698.10000,698.45000
1526204949,698.01000,698.45000
1526204951,698.10000,698.44000
1526204952,698.10000,698.45000
1526204953,698.10000,698.89000
1526270491,698.09000,699.39000
1526270492,698.60000,699.39000
1526204958,698.01000,698.88000
1526204959,698.20000,698.88000
1526270497,698.60000,699.57000
1526204964,698.40000,698.88000
1526204965,698.50000,698.88000
1526204967,698.51000,699.00000
1526204968,698.80000,699.00000
1526204971,698.81000,699.00000
1526301106,704.00000,704.93000
1526261091,729.99000,730.00000
1526204978,698.90000,699.00000
1526270515,699.00000,699.57000
1526270516,699.20000,699.57000
1526196933,683.51000,684.51000
1526290185,707.00000,707.45000
1526204984,698.81000,699.00000
1526268340,707.30000,708.49000
1526204986,698.91000,699.00000
1526204989,698.91000,698.99000
1526204990,698.92000,699.00000
1526235573,727.91000,728.00000
1526204995,699.00000,699.50000
1526204998,698.81000,698.92000
1526204999,698.90000,698.92000
1526205000,698.90000,699.50000
1526205001,699.00000,699.50000
1526205004,699.01000,699.50000
1526205006,699.01000,699.49000
1526205007,699.02000,699.49000
1526205010,699.02000,699.50000
1526205011,699.03000,699.50000
1526290190,707.00000,707.44000
1526205014,699.03000,699.60000
1526205017,699.03000,699.59000
1526270554,699.40000,699.50000
1526290191,707.00000,707.30000
1526205021,699.31000,699.59000
1526205023,699.31000,699.58000
1526205024,699.31000,699.68000
1526205030,699.40000,699.68000
1526270567,699.40000,699.57000
1526270570,699.41000,699.56000
1526270572,699.41000,699.57000
1526205037,699.41000,699.68000
1526270574,699.50000,699.56000
1526270575,699.50000,699.57000
1526205041,699.03000,699.68000
1526205043,699.61000,699.68000
1526205045,699.61000,699.67000
1526213737,695.82000,696.65000
1526270585,699.10000,699.36000
1526270586,698.61000,699.56000
1526270587,698.61000,699.56000
1526270588,699.29000,699.56000
1526205054,699.03000,699.61000
1526290197,707.01000,707.45000
1526205056,699.03000,699.67000
1526205058,699.50000,699.67000
1526270596,698.70000,699.56000
1526270597,699.05000,699.55000
1526205063,699.50000,699.66000
1526270600,699.05000,699.54000
1526205065,699.03000,699.66000
1526270603,698.71000,699.54000
1526270605,698.72000,699.53000
1526205072,699.50000,699.65000
1526270610,698.72000,699.56000
1526248831,728.30000,728.56000
1526205078,698.90000,699.65000
1526205081,699.10000,699.65000
1526205083,699.10000,699.64000
1526270622,698.71000,699.55000
1526270623,698.65000,699.55000
1526270624,699.00000,699.55000
1526205090,699.11000,699.64000
1526205092,699.23000,699.64000
1526270629,699.00000,699.56000
1526205095,699.23000,699.62000
1526270633,699.01000,699.55000
1526205100,699.23000,699.61000
1526205104,699.23000,699.50000
1526205106,699.23000,699.33000
1526270643,699.01000,699.57000
1526270644,699.01000,699.55000
1526205109,698.94000,699.33000
1526205110,698.80000,698.94000
1526205111,698.80000,699.32000
1526205112,698.80000,698.93000
1526270649,699.02000,699.55000
1526205116,698.80000,698.86000
1526205122,698.80000,698.85000
1526252363,734.64000,734.66000
1526205125,698.02000,698.85000
1526205126,698.00000,698.85000
1526205127,698.00000,698.59000
1526270664,699.03000,699.54000
1526205133,698.00000,698.58000
1526205136,698.00000,698.57000
1526205142,698.00000,698.56000
1526205143,698.00000,698.50000
1526205144,698.00000,698.56000
1526270681,699.02000,699.57000
1526205146,698.00000,698.43000
1526205147,698.00000,698.85000
1526270685,699.20000,699.57000
1526205151,698.00000,698.60000
1526205156,698.00000,698.43000
1526260785,729.00000,729.77000
1526205158,697.67000,698.43000
1526198680,684.49000,684.94000
1526270696,699.02000,699.57000
1526205161,697.67000,698.42000
1526270703,699.56000,699.57000
1526199476,685.01000,685.30000
1526205172,697.67000,698.41000
1526205173,697.67000,698.40000
1526268372,706.52000,707.76000
1526205178,697.67000,698.24000
1526205182,697.67000,698.23000
1526205183,697.67000,698.20000
1526205186,697.67000,698.03000
1526205187,697.07000,697.67000
1526205188,697.45000,697.67000
1526205189,697.45000,698.03000
1526205191,697.07000,698.03000
1526205196,697.07000,698.23000
1526205200,697.07000,698.10000
1526246531,735.30000,735.53000
1526205204,697.07000,698.09000
1526205205,697.07000,698.00000
1526205207,696.79000,697.99000
1526213764,695.86000,696.70000
1526270746,699.57000,699.85000
1526270749,699.80000,699.85000
1526205214,696.79000,697.98000
1526205215,696.80000,697.98000
1526270752,699.81000,699.85000
1526205218,696.81000,697.98000
1526205224,696.81000,697.97000
1526205227,697.10000,697.97000
1526270766,699.82000,699.85000
1526205231,697.10000,698.00000
1526205232,697.11000,698.00000
1526205236,697.20000,698.00000
1526205237,697.21000,697.99000
1526270774,699.81000,699.85000
1526205239,697.22000,697.99000
1526270776,699.88000,700.00000
1526205241,698.00000,698.09000
1526270778,700.02000,700.08000
1526205246,698.00000,698.28000
1526270783,700.03000,700.08000
1526205249,698.00000,698.27000
1526205255,698.01000,698.27000
1526205256,698.01000,698.26000
1526270795,700.04000,700.08000
1526270796,700.05000,700.08000
1526270797,700.11000,700.13000
1526205263,698.02000,698.25000
1526270802,700.20000,700.38000
1526205269,698.25000,698.26000
1526205270,698.01000,698.50000
1526290233,707.00000,707.10000
1526205273,698.10000,698.50000
1526205278,698.10000,698.49000
1526270815,700.24000,700.38000
1526205280,698.02000,698.49000
1526205281,698.02000,698.48000
1526205282,698.20000,698.25000
1526270821,700.22000,700.38000
1526205286,698.21000,698.24000
1526205287,698.38000,698.48000
1526270824,700.22000,700.38000
1526270827,700.30000,700.38000
1526270828,700.30000,700.38000
1526205293,698.27000,698.47000
1526205294,698.27000,698.50000
1526270831,700.24000,700.38000
1526270832,700.40000,700.41000
1526205298,698.28000,698.50000
1526270835,700.30000,700.41000
1526270836,700.23000,700.41000
1526205302,698.28000,698.49000
1526270839,700.40000,702.69000
1526270840,700.40000,702.68000
1526246548,735.30000,736.10000
1526205306,698.28000,698.48000
1526270843,700.80000,702.13000
1526205308,698.28000,698.47000
1526205309,698.30000,698.47000
1526270846,700.80000,702.12000
1526270847,700.80000,702.00000
1526205312,698.30000,698.46000
1526205313,698.31000,698.46000
1526270850,700.71000,702.12000
1526270851,700.71000,702.65000
1526270852,700.80000,702.11000
1526270856,700.81000,702.11000
1526242326,729.11000,729.89000
1526270859,700.82000,702.11000
1526270860,700.82000,702.09000
1526270861,700.90000,702.09000
1526205326,698.40000,698.46000
1526202861,679.82000,680.50000
1526270867,700.90000,701.00000
1526205332,698.32000,698.46000
1526270870,700.91000,700.99000
1526205338,698.32000,698.45000
1526282043,702.16000,702.48000
1526270876,700.92000,700.98000
1526205343,698.32000,699.68000
1526205347,698.60000,699.68000
1526205348,698.60000,699.67000
1526270885,700.92000,700.97000
1526270888,700.93000,700.97000
1526205353,698.32000,699.67000
1526205354,698.34000,699.67000
1526205356,698.60000,699.66000
1526270893,700.93000,700.96000
1526205362,698.34000,699.66000
1526268403,705.01000,705.99000
1526205364,698.34000,699.65000
1526205365,698.70000,699.65000
1526205366,698.70000,699.64000
1526270903,700.94000,702.08000
1526205369,698.70000,699.63000
1526205371,698.34000,699.63000
1526205373,698.35000,699.63000
1526205375,698.60000,699.63000
1526270913,700.94000,702.10000
1526270914,700.94000,702.07000
1526290251,707.01000,707.09000
1526205381,698.34000,699.62000
1526205382,698.34000,699.61000
1526270919,700.95000,702.06000
1526205384,698.60000,699.61000
1526205389,698.60000,699.60000
1526270926,700.95000,702.07000
1526205391,698.34000,699.60000
1526205393,698.34000,699.10000
1526267493,719.52000,720.71000
1526205397,698.18000,699.10000
1526205399,698.18000,699.10000
1526205400,698.05000,699.09000
1526205401,698.05000,699.08000
1526205402,698.05000,698.17000
1526205403,698.00000,698.17000
1526205404,698.05000,698.17000
1526270942,700.96000,702.09000
1526270943,700.96000,702.06000
1526205409,698.00000,698.16000
1526205411,697.92000,697.99000
1526205413,696.80000,698.16000
1526205414,696.80000,697.98000
1526205417,696.80000,697.97000
1526205418,696.80000,697.98000
1526270955,701.10000,702.06000
1526205420,696.78000,697.98000
1526270957,701.20000,702.06000
1526205422,696.78000,697.90000
1526270960,701.20000,702.00000
1526205425,696.78000,697.98000
1526205427,696.90000,697.98000
1526205429,696.90000,697.97000
1526270967,701.30000,702.05000
1526205432,696.78000,697.97000
1526270970,701.60000,702.05000
1526270973,701.60000,702.04000
1526205438,696.78000,697.96000
1526205439,696.78000,697.95000
1526270980,701.60000,702.05000
1526270981,701.63000,702.05000
1526205446,696.78000,697.90000
1526270984,701.63000,702.00000
1526270986,701.90000,702.00000
1526205453,696.78000,697.89000
1526270993,702.14000,702.60000
1526270994,702.15000,702.60000
1526271001,702.15000,702.67000
1526205470,696.79000,697.89000
1526271007,702.14000,702.67000
1526205472,697.89000,697.93000
1526271010,703.00000,703.19000
1526205475,697.89000,697.92000
1526271013,702.16000,702.94000
1526205478,696.80000,697.92000
1526271015,702.17000,703.25000
1526271016,702.17000,702.93000
1526205481,696.80000,697.93000
1526205484,696.78000,697.93000
1526205486,696.81000,697.93000
1526205487,697.46000,697.93000
1526271024,702.18000,702.93000
1526205489,697.46000,697.62000
1526271028,702.18000,703.40000
1526271030,702.18000,703.20000
1526205495,697.46000,697.61000
1526248845,728.55000,729.60000
1526271034,702.19000,703.19000
1526205502,696.78000,697.60000
1526271040,702.20000,703.19000
1526271041,702.20000,703.45000
1526271043,702.20000,703.56000
1526271047,702.20000,703.20000
1526205513,696.78000,697.59000
1526271052,702.21000,703.20000
1526271053,702.21000,703.55000
1526205518,696.79000,697.59000
1526235661,730.13000,731.17000
1526205521,696.79000,697.58000
1526205524,696.79000,697.57000
1526257575,720.20000,721.32000
1526271062,703.00000,703.58000
1526271064,703.00000,703.50000
1526271066,703.01000,703.50000
1526205533,696.80000,697.55000
1526271070,703.01000,703.57000
1526271076,703.01000,703.58000
1526268433,704.21000,704.94000
1526205546,697.10000,697.54000
1526205548,697.66000,697.86000
1526205551,698.01000,698.15000
1526205552,698.01000,698.16000
1526271090,702.35000,703.56000
1526271091,702.35000,702.99000
1526205556,698.01000,699.08000
1526271094,702.35000,703.20000
1526205559,698.02000,699.08000
1526271099,702.36000,703.20000
1526271100,702.36000,703.19000
1526271101,702.36000,703.19000
1526301205,704.09000,704.90000
1526205568,698.03000,699.08000
1526271107,702.36000,703.20000
1526246593,735.45000,735.94000
1526290284,706.25000,707.17000
1526271114,702.36000,703.25000
1526271115,702.36000,703.20000
1526246594,735.45000,735.92000
1526205582,698.04000,699.08000
1526271119,702.36000,703.25000
1526268440,704.22000,704.86000
1526271123,702.36000,703.20000
1526271126,702.36000,703.14000
1526205591,698.20000,699.08000
1526271128,702.37000,703.14000
1526305587,694.02000,694.64000
1526271133,702.37000,703.50000
1526271134,702.37000,703.15000
1526205600,698.30000,699.08000
1526205605,698.05000,699.08000
1526271142,702.36000,703.15000
1526271143,702.38000,703.49000
1526205608,698.30000,699.08000
1526271145,702.38000,703.57000
1526271146,702.38000,703.56000
1526271147,702.38000,703.20000
1526271149,702.38000,703.12000
1526205614,698.06000,699.08000
1526205615,698.31000,699.08000
1526205617,698.21000,699.08000
1526271154,702.38000,703.58000
1526205619,698.20000,699.08000
1526205621,698.21000,699.08000
1526271158,702.36000,703.57000
1526271159,702.39000,703.20000
1526251057,734.80000,734.88000
1526205626,698.30000,698.95000
1526205628,698.30000,698.94000
1526205630,698.30000,698.93000
1526271167,702.39000,703.54000
1526205632,698.31000,698.93000
1526205633,698.07000,698.93000
1526205634,698.32000,698.93000
1526271171,702.39000,703.50000
1526271172,702.40000,703.50000
1526205637,698.07000,698.93000
1526205639,698.07000,698.92000
1526271178,702.40000,703.53000
1526205643,698.07000,698.91000
1526271180,702.40000,703.40000
1526205646,698.21000,698.91000
1526271184,703.00000,703.40000
1526271186,703.00000,703.52000
1526205652,698.30000,698.91000
1526205653,698.30000,698.90000
1526246668,734.50000,735.90000
1526268452,704.76000,704.90000
1526205658,698.07000,698.90000
1526205659,698.30000,698.90000
1526271196,703.30000,703.51000
1526271198,703.31000,703.51000
1526235685,730.15000,731.11000
1526205665,698.05000,698.90000
1526271202,703.32000,703.51000
1526205667,698.05000,698.90000
1526205668,698.30000,698.90000
1526205674,698.07000,698.90000
1526205676,698.05000,698.89000
1526205677,698.30000,698.89000
1526271215,703.32000,703.58000
1526205683,698.06000,698.89000
1526271220,703.33000,703.58000
1526205687,698.31000,698.88000
1526205690,698.31000,698.87000
1526268458,704.80000,705.00000
1526205694,698.31000,698.86000
1526205695,698.50000,698.86000
1526271232,703.34000,703.58000
1526271233,703.34000,703.56000
1526202923,680.49000,680.98000
1526205701,698.31000,698.90000
1526271239,703.34000,703.58000
1526205704,698.50000,698.90000
1526205709,698.31000,698.90000
1526205710,698.31000,698.89000
1526271247,703.34000,703.56000
1526205712,698.31000,698.88000
1526205713,698.32000,698.88000
1526205716,698.33000,698.88000
1526271256,703.34000,703.58000
1526205721,697.70000,698.31000
1526205722,697.70000,698.80000
1526246618,735.45000,735.97000
1526205726,698.34000,698.80000
1526205728,698.34000,698.79000
1526268464,705.49000,705.65000
1526205731,697.68000,698.55000
1526205733,697.69000,698.55000
1526271270,703.34000,703.57000
1526246620,735.45000,736.00000
1526205739,697.69000,698.50000
1526271279,703.00000,703.57000
1526271280,703.00000,703.57000
1526205745,697.69000,698.77000
1526271282,703.00000,703.57000
1526271283,703.01000,703.57000
1526205748,697.69000,698.50000
1526271285,703.00000,703.56000
1526271287,703.01000,703.56000
1526271288,703.00000,703.56000
1526205753,697.69000,698.77000
1526205754,697.70000,698.77000
1526271291,702.36000,703.00000
1526271292,703.01000,703.55000
1526205758,697.70000,698.60000
1526205760,697.71000,698.60000
1526271298,702.37000,703.49000
1526205763,697.72000,698.79000
1526205764,697.72000,698.40000
1526205765,697.73000,698.40000
1526205769,697.74000,698.40000
1526271307,702.11000,702.29000
1526271308,702.38000,702.83000
1526271309,701.47000,702.83000
1526205775,697.75000,698.40000
1526271312,701.47000,701.81000
1526271313,700.10000,701.81000
1526205778,697.77000,698.40000
1526271316,701.01000,701.60000
1526271318,701.01000,701.59000
1526205783,697.78000,698.40000
1526271323,700.12000,701.30000
1526271325,700.12000,701.00000
1526271326,700.12000,701.29000
1526271328,700.12000,701.28000
1526271329,700.13000,701.20000
1526205795,697.79000,698.40000
1526271333,700.13000,701.19000
1526205798,697.80000,698.40000
1526271335,700.14000,701.19000
1526205801,697.81000,698.40000
1526205802,697.82000,698.40000
1526271339,700.14000,701.16000
1526205804,697.82000,698.40000
1526205805,698.40000,698.57000
1526271342,700.20000,701.12000
1526235709,730.15000,731.00000
1526271345,700.21000,701.12000
1526271346,700.30000,701.12000
1526271347,700.31000,701.12000
1526205814,698.42000,698.79000
1526213865,696.78000,697.32000
1526271352,700.70000,701.12000
1526271354,700.71000,701.12000
1526205819,698.42000,698.88000
1526271356,700.71000,701.09000
1526205822,698.43000,698.88000
1526271360,700.91000,701.09000
1526271364,701.01000,701.09000
1526271365,701.00000,701.09000
1526205831,697.79000,698.88000
1526205832,697.80000,698.88000
1526271369,701.01000,701.08000
1526205834,697.90000,698.88000
1526271372,701.19000,701.39000
1526205838,697.91000,698.88000
1526271380,701.03000,701.39000
1526271381,701.21000,701.39000
1526271382,701.03000,701.39000
1526271383,699.72000,700.00000
1526271384,699.73000,700.00000
1526271385,700.00000,701.39000
1526271386,701.04000,701.39000
1526271387,701.05000,701.39000
1526205854,697.60000,698.88000
1526205855,697.90000,698.88000
1526205856,697.91000,698.87000
1526271393,700.27000,701.39000
1526271395,700.28000,701.39000
1526271397,700.80000,701.39000
1526271403,700.46000,701.39000
1526271406,700.80000,701.39000
1526205871,697.91000,698.80000
1526271409,700.80000,701.34000
1526205874,697.80000,698.80000
1526271411,700.04000,701.14000
1526205876,697.80000,698.86000
1526271413,700.04000,700.77000
1526205878,697.80000,698.70000
1526205879,697.80000,698.69000
1526271416,699.37000,700.76000
1526271417,699.37000,700.40000
1526205885,697.80000,698.50000
1526271422,699.08000,700.35000
1526271423,698.68000,700.35000
1526271424,699.10000,700.35000
1526271425,699.11000,700.35000
1526271426,699.11000,700.33000
1526205891,697.80000,698.67000
1526271429,699.10000,699.60000
1526205894,697.80000,698.60000
1526271431,699.13000,699.60000
1526205897,697.80000,698.59000
1526205898,697.24000,698.59000
1526205901,697.25000,698.59000
1526205902,697.25000,698.50000
1526271439,698.48000,699.57000
1526271440,698.48000,698.80000
1526205907,697.26000,698.50000
1526205908,697.26000,698.59000
1526205909,697.29000,698.49000
1526205910,697.30000,698.49000
1526271447,698.49000,698.80000
1526205915,697.31000,698.49000
1526205916,697.32000,698.49000
1526271453,697.61000,698.78000
1526271454,697.62000,698.78000
1526205919,697.40000,698.49000
1526202960,680.50000,680.97000
1526205922,697.41000,698.59000
1526205923,697.41000,698.50000
1526205924,697.41000,698.50000
1526205925,697.70000,698.50000
1526205926,697.29000,698.50000
1526271463,697.80000,698.78000
1526205930,697.30000,698.50000
1526271467,697.81000,698.78000
1526271468,698.16000,698.78000
1526205933,697.31000,698.50000
1526205934,697.31000,698.49000
1526271471,698.16000,699.47000
1526271472,698.16000,699.46000
1526205937,697.31000,698.48000
1526205938,697.32000,698.48000
1526271475,698.18000,698.78000
1526292505,704.14000,705.09000
1526205942,697.33000,698.40000
1526271481,698.30000,698.74000
1526205947,697.28000,697.29000
1526205948,697.28000,697.29000
1526205949,696.62000,697.23000
1526205950,696.62000,697.29000
1526205951,696.55000,697.22000
1526205952,696.55000,696.76000
1526205953,696.63000,696.80000
1526271490,698.22000,698.72000
1526205956,696.08000,696.55000
1526205957,696.08000,696.80000
1526205958,696.08000,696.80000
1526303417,693.64000,694.17000
1526271499,697.31000,698.69000
1526271500,698.22000,698.69000
1526271501,698.30000,698.69000
1526205968,696.08000,696.79000
1526205970,694.96000,696.79000
1526205971,694.96000,696.79000
1526205972,694.96000,696.70000
1526271510,698.30000,699.44000
1526271512,698.30000,699.43000
1526271513,698.30000,699.41000
1526205978,694.96000,696.30000
1526271515,698.30000,699.39000
1526271516,698.40000,699.39000
1526318709,729.87000,730.01000
1526271518,698.40000,699.38000
1526205983,695.00000,696.29000
1526205988,694.96000,696.29000
1526271526,698.41000,699.36000
1526205992,695.00000,696.30000
1526205993,695.01000,696.65000
1526205995,694.41000,696.29000
1526205997,694.42000,696.29000
1526205998,694.42000,696.00000
1526271535,698.42000,699.26000
1526206000,694.42000,695.99000
1526206002,694.80000,695.99000
1526290355,707.20000,707.83000
1526206004,694.80000,696.00000
1526206007,694.81000,696.00000
1526206008,694.81000,695.80000
1526206009,694.30000,695.80000
1526206011,694.31000,695.80000
1526206012,694.80000,695.80000
1526206013,694.80000,696.00000
1526206014,694.80000,695.79000
1526224821,717.43000,717.47000
1526206018,694.41000,695.79000
1526206019,694.33000,695.79000
1526206020,694.42000,695.79000
1526290358,707.20000,707.82000
1526206022,694.70000,695.79000
1526271560,698.22000,698.85000
1526271561,697.94000,698.22000
1526271562,697.49000,697.93000
1526206028,694.42000,695.79000
1526271565,697.39000,697.46000
1526206030,694.16000,695.70000
1526206031,694.17000,695.70000
1526206032,694.43000,695.70000
1526206033,694.17000,695.70000
1526271570,697.26000,698.59000
1526206035,694.17000,695.79000
1526206036,694.17000,695.78000
1526246670,734.37000,735.90000
1526271574,697.26000,698.19000
1526206039,694.30000,695.78000
1526271576,697.08000,697.95000
1526271577,696.60000,697.95000
1526206043,694.10000,695.78000
1526206044,694.10000,695.77000
1526271581,696.61000,697.60000
1526206046,694.11000,695.76000
1526206047,694.10000,695.76000
1526206048,694.11000,695.76000
1526271585,696.31000,697.49000
1526271586,696.31000,697.49000
1526206052,694.11000,695.40000
1526271589,696.19000,696.31000
1526271590,696.19000,696.31000
1526206055,693.71000,695.38000
1526206056,693.82000,695.38000
1526271593,696.20000,696.31000
1526206058,694.20000,695.37000
1526271595,695.21000,695.62000
1526271596,695.21000,695.91000
1526206061,694.20000,695.36000
1526271599,695.21000,695.90000
1526206064,693.72000,695.36000
1526206065,693.73000,695.36000
1526206067,693.90000,695.36000
1526271604,695.20000,695.47000
1526206072,693.90000,694.70000
1526271609,695.20000,695.43000
1526271610,694.01000,695.40000
1526206075,693.71000,694.70000
1526271612,694.00000,695.39000
1526271613,694.01000,695.39000
1526206078,693.71000,694.69000
1526206079,693.71000,694.60000
1526271616,694.31000,695.42000
1526271617,694.30000,695.42000
1526206082,693.55000,694.60000
1526206085,693.55000,694.69000
1526206087,693.55000,694.60000
1526271625,694.71000,695.37000
1526271626,694.80000,695.37000
1526271627,695.38000,695.39000
1526206094,693.55000,694.59000
1526196504,682.53000,683.49000
1526206101,693.30000,693.55000
1526206103,692.96000,693.55000
1526271640,694.82000,695.37000
1526206105,693.30000,693.55000
1526271642,694.82000,695.37000
1526206108,692.97000,693.55000
1526206109,693.30000,693.55000
1526206110,693.31000,693.55000
1526271650,694.88000,695.32000
1526206115,693.40000,693.55000
1526271654,694.88000,695.31000
1526271655,694.89000,695.32000
1526206120,693.55000,694.57000
1526271661,694.90000,695.31000
1526271662,694.89000,695.35000
1526206127,693.55000,694.00000
1526271664,694.90000,695.34000
1526271665,694.90000,695.35000
1526271668,694.90000,695.33000
1526271671,694.90000,695.35000
1526271674,694.90000,695.32000
1526226009,717.45000,718.22000
1526271676,694.90000,695.86000
1526271677,694.71000,694.81000
1526206142,693.37000,694.00000
1526268533,706.13000,706.67000
1526206144,693.37000,693.42000
1526206145,693.38000,693.42000
1526271683,694.61000,694.81000
1526271684,693.32000,694.81000
1526206151,693.39000,693.42000
1526271688,694.70000,694.80000
1526206153,693.39000,694.00000
1526206154,693.40000,694.00000
1526206158,693.41000,694.00000
1526268536,706.13000,706.36000
1526206162,693.50000,694.00000
1526206165,693.50000,695.35000
1526206166,693.50000,694.57000
1526206167,693.51000,695.34000
1526206170,693.51000,694.60000
1526271707,694.60000,695.28000
1526206174,693.51000,694.59000
1526271711,694.70000,695.28000
1526206178,693.51000,695.33000
1526268539,706.13000,706.29000
1526271716,694.35000,694.69000
1526271717,694.35000,695.34000
1526206182,693.52000,694.58000
1526271719,694.35000,694.63000
1526235772,730.00000,730.71000
1526271722,694.35000,695.24000
1526206188,693.52000,695.32000
1526271725,693.93000,695.10000
1526206190,693.52000,694.70000
1526206191,693.53000,694.70000
1526271729,693.93000,695.06000
1526206194,693.54000,694.70000
1526206195,693.54000,695.32000
1526206197,693.54000,695.31000
1526271734,694.01000,695.05000
1526271735,693.94000,695.04000
1526271738,694.00000,695.02000
1526206205,693.55000,694.80000
1526271742,693.94000,693.98000
1526271743,693.95000,694.90000
1526271744,693.50000,694.90000
1526271745,693.50000,694.87000
1526206210,693.60000,695.34000
1526206211,694.00000,695.34000
1526271749,693.31000,694.55000
1526206214,694.00000,694.90000
1526268545,705.49000,705.95000
1526271752,691.91000,694.55000
1526271753,691.91000,694.54000
1526271754,691.91000,693.33000
1526206219,694.30000,694.90000
1526206220,694.30000,695.34000
1526271757,692.90000,694.50000
1526271758,692.90000,694.10000
1526271759,692.90000,694.07000
1526271760,692.41000,694.07000
1526206225,694.31000,695.30000
1526271762,693.00000,694.00000
1526268547,705.49000,705.93000
1526271764,691.91000,694.00000
1526206230,694.31000,695.34000
1526271767,692.50000,693.99000
1526206232,694.31000,695.29000
1526271769,692.50000,693.97000
1526271770,692.00000,693.96000
1526271772,692.10000,693.93000
1526271773,692.60000,693.40000
1526268549,705.49000,705.94000
1526271776,692.40000,693.92000
1526271777,692.20000,693.91000
1526206242,694.02000,695.34000
1526206243,694.01000,695.34000
1526271780,692.51000,693.37000
1526271782,693.32000,693.37000
1526271783,692.51000,693.37000
1526271785,692.51000,693.37000
1526271787,691.60000,693.36000
1526271788,691.72000,692.81000
1526271789,692.30000,692.78000
1526271790,692.30000,692.76000
1526246688,734.51000,735.90000
1526271792,692.31000,692.76000
1526271793,692.10000,692.76000
1526206258,694.33000,695.34000
1526271795,692.20000,692.76000
1526271800,692.20000,692.74000
1526271801,692.21000,692.74000
1526206266,694.32000,695.34000
1526271803,691.03000,692.19000
1526271804,691.04000,692.74000
1526271805,691.50000,692.73000
1526206270,694.33000,696.47000
1526206271,694.33000,696.46000
1526206272,694.34000,696.46000
1526206274,694.35000,695.70000
1526271812,692.19000,692.68000
1526246710,734.61000,735.98000
1526206278,694.36000,695.70000
1526206280,694.36000,696.46000
1526271817,692.20000,692.60000
1526206282,694.36000,695.70000
1526206283,694.37000,695.70000
1526271820,691.75000,692.59000
1526271821,692.20000,692.59000
1526271822,691.20000,692.58000
1526271823,691.31000,692.58000
1526206288,694.38000,695.70000
1526206289,694.38000,696.45000
1526206291,694.39000,695.70000
1526271828,691.31000,692.52000
1526271829,691.31000,692.51000
1526271830,691.31000,692.50000
1526206295,694.40000,695.70000
1526271832,691.31000,692.49000
1526271833,691.20000,692.49000
1526206298,694.41000,695.70000
1526271836,691.07000,692.49000
1526206301,694.42000,695.60000
1526271839,691.07000,692.40000
1526271840,691.20000,692.40000
1526271842,691.07000,692.20000
1526206307,694.42000,696.46000
1526206308,694.43000,696.46000
1526271845,691.00000,692.17000
1526206311,694.44000,696.46000
1526271848,691.00000,692.16000
1526206313,694.44000,695.90000
1526206314,694.45000,695.90000
1526271852,691.00000,692.15000
1526271853,690.40000,692.15000
1526206319,694.46000,695.89000
1526206320,694.46000,695.80000
1526271857,689.10000,692.00000
1526271858,689.70000,692.00000
1526271859,690.51000,691.99000
1526206324,694.46000,695.87000
1526271861,690.51000,691.80000
1526271862,689.80000,689.83000
1526271863,689.81000,691.30000
1526206328,694.46000,695.70000
1526206329,694.47000,695.70000
1526271866,689.83000,691.30000
1526271868,689.82000,691.29000
1526206333,694.50000,695.70000
1526206334,694.50000,695.88000
1526271871,689.90000,691.28000
1526271873,689.12000,689.15000
1526206338,694.50000,695.70000
1526206339,694.47000,695.70000
1526206340,694.46000,695.70000
1526271877,689.30000,690.20000
1526206343,694.46000,695.70000
1526271880,689.20000,690.16000
1526271882,689.00000,690.16000
1526206347,694.46000,695.60000
1526271884,689.36000,690.12000
1526271885,689.36000,690.10000
1526206350,694.46000,695.59000
1526253238,735.91000,736.40000
1526271889,689.10000,690.10000
1526206355,694.47000,695.59000
1526271894,689.00000,689.39000
1526271897,689.00000,689.34000
1526271899,689.00000,689.33000
1526271900,688.45000,689.33000
1526271903,688.22000,688.68000
1526271904,688.00000,688.80000
1526271905,688.60000,688.80000
1526271908,688.68000,688.80000
1526271909,688.68000,689.10000
1526271911,688.68000,688.80000
1526206376,694.47000,695.58000
1526271914,688.83000,689.10000
1526271916,688.83000,689.05000
1526206384,694.46000,695.58000
1526206387,694.46000,695.57000
1526235806,729.02000,729.79000
1526271927,688.00000,689.05000
1526271928,688.10000,689.04000
1526271929,688.10000,689.02000
1526271930,688.11000,689.02000
1526271932,688.12000,688.97000
1526271933,688.11000,688.97000
1526271934,688.11000,688.93000
1526271935,688.11000,689.04000
1526206403,694.47000,695.57000
1526206408,694.47000,695.50000
1526271947,688.00000,689.00000
1526206412,694.47000,695.57000
1526271951,688.01000,688.95000
1526206416,694.47000,695.50000
1526271953,688.00000,688.90000
1526271956,688.01000,688.90000
1526206422,694.47000,695.57000
1526206424,694.48000,695.57000
1526206425,694.48000,695.50000
1526206428,694.49000,695.50000
1526271966,688.01000,688.63000
1526271967,688.00000,688.60000
1526206434,694.49000,695.50000
1526290427,706.33000,707.69000
1526206436,694.50000,695.50000
1526206440,694.50000,695.57000
1526290428,706.33000,707.60000
1526271978,688.66000,688.69000
1526206443,694.50000,695.50000
1526206444,694.51000,695.50000
1526271981,688.66000,688.70000
1526271982,689.03000,689.04000
1526206447,694.51000,695.00000
1526206448,694.52000,694.80000
1526268584,706.50000,707.29000
1526271987,689.03000,689.62000
1526271989,689.38000,689.62000
1526206455,694.53000,694.80000
1526271992,689.04000,689.98000
1526271996,689.04000,689.93000
1526206461,694.54000,694.80000
1526271999,689.20000,690.30000
1526272000,689.20000,689.98000
1526237966,731.58000,732.41000
1526268587,706.50000,707.32000
1526272004,689.30000,689.97000
1526272005,689.31000,690.29000
1526206470,694.55000,694.80000
1526272007,689.31000,690.37000
1526272008,689.40000,690.37000
1526301356,705.34000,705.57000
1526272011,689.50000,690.35000
1526272012,689.50000,690.33000
1526272014,689.51000,690.33000
1526206479,694.56000,695.00000
1526206480,694.57000,695.00000
1526206481,694.57000,694.80000
1526272018,689.60000,690.30000
1526224899,716.90000,717.50000
1526206485,694.58000,694.80000
1526272022,690.00000,691.15000
1526206487,694.80000,695.00000
1526206489,695.00000,695.50000
1526206491,694.81000,695.50000
1526272028,690.01000,690.82000
1526206493,694.81000,695.49000
1526206494,694.82000,694.99000
1526272032,690.01000,690.80000
1526206497,694.81000,694.82000
1526206499,694.81000,694.99000
1526272036,690.01000,690.70000
1526206501,694.48000,694.81000
1526272038,690.00000,690.70000
1526272039,690.00000,690.69000
1526206504,694.99000,695.49000
1526272041,690.00000,690.68000
1526206506,694.02000,695.50000
1526206507,694.02000,695.49000
1526206508,694.03000,695.48000
1526268594,706.51000,707.30000
1526206510,694.16000,694.80000
1526206511,694.17000,694.80000
1526290440,707.50000,707.58000
1526206515,694.01000,694.80000
1526272052,690.01000,690.76000
1526206517,694.01000,695.48000
1526206518,694.17000,695.48000
1526206520,694.17000,694.80000
1526272057,690.10000,691.19000
1526272058,690.10000,690.70000
1526206524,694.18000,694.80000
1526206525,694.18000,694.79000
1526272062,691.16000,691.23000
1526272064,691.17000,691.23000
1526206529,694.19000,694.79000
1526272066,691.17000,691.28000
1526206531,694.19000,695.49000
1526272069,691.16000,691.28000
1526206534,694.19000,695.48000
1526272071,691.16000,691.27000
1526272072,691.16000,691.67000
1526290444,707.50000,707.59000
1526206538,694.01000,695.47000
1526272075,691.17000,691.66000
1526206540,694.01000,695.46000
1526206541,694.20000,695.40000
1526206543,694.02000,695.40000
1526206544,694.21000,695.40000
1526268600,706.66000,707.30000
1526206546,694.02000,695.40000
1526206548,694.06000,695.40000
1526206551,694.06000,695.46000
1526206552,694.06000,695.40000
1526272089,691.18000,691.60000
1526272090,691.18000,691.90000
1526206555,694.16000,695.40000
1526272093,691.18000,691.70000
1526272098,691.18000,691.96000
1526272101,691.18000,691.90000
1526272102,691.17000,691.90000
1526272103,691.19000,691.90000
1526206568,694.01000,695.39000
1526200871,683.00000,683.07000
1526206570,694.01000,695.30000
1526206571,694.06000,695.30000
1526272108,691.19000,692.00000
1526272111,691.19000,691.90000
1526206576,694.06000,695.39000
1526272114,691.30000,691.90000
1526272118,691.90000,691.98000
1526206583,694.01000,695.38000
1526272121,691.31000,691.98000
1526272122,691.40000,691.98000
1526268607,706.66000,706.99000
1526272127,691.41000,691.98000
1526294709,706.32000,706.74000
1526272130,691.90000,691.98000
1526206597,694.01000,695.37000
1526206598,694.02000,695.37000
1526272135,691.90000,691.98000
1526272136,691.08000,691.90000
1526272137,691.08000,691.98000
1526272138,691.08000,691.98000
1526272139,691.20000,691.98000
1526272143,691.08000,691.98000
1526206608,694.05000,695.37000
1526272146,690.34000,691.90000
1526272147,690.35000,691.90000
1526272148,690.35000,691.89000
1526272150,690.50000,691.89000
1526272152,690.51000,691.89000
1526206617,694.05000,695.35000
1526272155,690.60000,691.70000
1526272156,690.61000,691.70000
1526272158,690.70000,691.70000
1526206623,694.06000,695.30000
1526206625,694.07000,695.30000
1526272162,690.70000,691.98000
1526206628,694.07000,695.29000
1526206629,694.08000,695.29000
1526206631,693.21000,695.29000
1526206632,693.21000,695.28000
1526206633,694.09000,695.28000
1526206634,694.09000,695.27000
1526272172,690.80000,691.98000
1526272173,690.80000,691.99000
1526206639,694.09000,695.10000
1526268616,706.66000,706.70000
1526272179,690.81000,691.99000
1526272180,691.99000,692.00000
1526206646,694.09000,695.08000
1526272183,691.99000,692.26000
1526206648,694.09000,695.00000
1526272187,691.99000,693.00000
1526206652,694.09000,694.99000
1526235850,729.01000,729.19000
1526272190,691.99000,692.70000
1526206657,694.12000,694.99000
1526272194,691.99000,692.69000
1526203083,678.97000,679.86000
1526272196,691.99000,692.70000
1526272197,691.99000,693.00000
1526206662,694.09000,694.98000
1526290465,706.54000,707.59000
1526272201,692.00000,693.00000
1526206668,694.09000,694.97000
1526272205,692.00000,693.97000
1526272206,692.10000,693.96000
1526272207,692.20000,693.96000
1526272208,693.19000,693.96000
1526272209,692.20000,693.96000
1526272210,692.50000,693.96000
1526206676,694.09000,694.95000
1526268622,706.51000,707.00000
1526272215,692.25000,693.50000
1526272216,692.26000,693.50000
1526272217,692.26000,693.96000
1526206682,694.09000,694.93000
1526272219,692.27000,693.96000
1526272220,692.30000,693.96000
1526272221,692.30000,693.95000
1526272225,692.31000,693.95000
1526272226,692.31000,693.94000
1526272227,692.30000,693.94000
1526272229,692.30000,693.40000
1526272232,692.27000,693.40000
1526272235,692.27000,693.30000
1526206702,693.71000,694.92000
1526205240,697.30000,697.99000
1526272240,692.27000,693.06000
1526206705,693.71000,694.91000
1526206707,693.73000,694.91000
1526272245,692.27000,693.00000
1526235860,729.00000,729.18000
1526272250,692.27000,692.99000
1526206716,693.73000,694.90000
1526206717,692.70000,694.90000
1526206718,693.74000,694.90000
1526206720,693.63000,694.90000
1526272257,692.27000,692.60000
1526206722,693.75000,694.89000
1526272260,692.27000,692.50000
1526268630,706.50000,706.99000
1526206729,693.75000,694.89000
1526272268,690.85000,692.49000
1526206733,693.75000,694.88000
1526206735,693.74000,694.87000
1526206736,693.75000,694.87000
1526206737,693.75000,694.86000
1526214019,697.07000,697.55000
1526272276,691.10000,692.48000
1526272280,691.00000,692.48000
1526214020,697.06000,697.55000
1526206746,693.75000,694.85000
1526272283,691.20000,692.48000
1526272286,691.11000,692.00000
1526272287,691.11000,691.70000
1526272288,691.11000,691.70000
1526272290,691.11000,691.69000
1526272291,691.11000,691.60000
1526272294,690.90000,691.60000
1526206760,693.77000,694.84000
1526235868,729.00000,729.10000
1526272298,690.10000,691.60000
1526206764,693.77000,694.83000
1526272302,690.11000,691.60000
1526272303,690.10000,691.60000
1526272306,693.00000,693.05000
1526272308,693.00000,693.04000
1526206778,693.77000,694.81000
1526272315,693.00000,693.03000
1526206781,693.74000,694.81000
1526272318,693.00000,693.02000
1526206783,693.74000,694.80000
1526206784,693.75000,694.80000
1526206785,693.79000,694.80000
1526214027,697.06000,697.54000
1526206791,693.80000,694.79000
1526206794,693.81000,694.79000
1526272331,690.66000,693.00000
1526206796,693.81000,694.78000
1526272333,690.66000,692.99000
1526272335,690.66000,691.39000
1526206800,693.77000,694.78000
1526206801,693.76000,694.78000
1526206802,693.82000,694.78000
1526272339,690.15000,690.90000
1526272341,690.00000,690.90000
1526206806,693.74000,694.78000
1526206807,693.83000,694.78000
1526272346,689.53000,689.56000
1526206811,693.78000,694.77000
1526206812,693.84000,694.77000
1526206813,693.75000,694.77000
1526272351,689.54000,689.56000
1526206817,693.76000,694.77000
1526206820,693.76000,694.76000
1526206823,693.77000,694.76000
1526206824,693.77000,694.75000
1526246707,734.60000,735.98000
1526272364,689.54000,689.55000
1526206829,693.78000,694.75000
1526272366,689.50000,689.56000
1526272367,689.43000,689.56000
1526206833,693.78000,694.74000
1526272370,689.31000,689.40000
1526206838,693.79000,694.74000
1526206839,693.80000,694.73000
1526272377,689.31000,689.39000
1526272380,688.89000,689.39000
1526206846,693.81000,694.73000
1526272384,688.90000,689.39000
1526206853,693.81000,694.74000
1526206854,693.82000,694.72000
1526235884,727.93000,728.98000
1526265149,723.31000,723.46000
1526206860,693.81000,694.72000
1526206861,693.83000,694.71000
1526272398,688.90000,690.24000
1526206863,693.83000,694.70000
1526272400,688.90000,690.23000
1526206865,693.79000,694.70000
1526272403,689.17000,690.00000
1526206868,693.80000,694.70000
1526206869,693.80000,694.69000
1526206870,693.80000,694.68000
1526206871,693.81000,694.68000
1526206872,693.82000,694.68000
1526272409,689.18000,690.23000
1526272410,689.19000,690.23000
1526266349,720.09000,720.29000
1526272413,689.19000,690.10000
1526272418,689.19000,690.00000
1526206883,693.83000,694.00000
1526272421,689.18000,690.00000
1526272422,689.01000,690.00000
1526203121,679.20000,679.84000
1526272426,689.01000,689.99000
1526272427,689.39000,689.99000
1526206894,693.79000,694.00000
1526272432,689.00000,690.00000
1526218340,698.01000,698.29000
1526272434,689.01000,689.30000
1526235891,727.93000,728.97000
1526203124,679.20000,679.83000
1526272442,689.01000,689.97000
1526272444,689.01000,689.29000
1526272449,689.01000,689.28000
1526272455,689.02000,689.27000
1526272458,689.02000,689.26000
1526206924,693.80000,694.00000
1526272462,689.03000,689.20000
1526206932,693.81000,694.00000
1526272469,689.03000,689.26000
1526272470,689.03000,689.20000
1526197386,683.25000,683.84000
1526272477,689.01000,689.26000
1526272478,689.04000,689.26000
1526206943,693.83000,694.00000
1526267629,718.00000,718.19000
1526268667,703.86000,705.10000
1526272485,689.30000,689.59000
1526272486,689.30000,689.97000
1526206951,693.85000,693.99000
1526206952,693.86000,693.99000
1526272489,689.30000,689.70000
1526206955,693.86000,694.00000
1526206956,693.87000,694.00000
1526206957,693.87000,693.99000
1526272495,689.50000,689.96000
1526272496,689.51000,689.96000
1526206962,693.88000,693.99000
1526206963,693.88000,693.98000
1526272500,689.71000,691.21000
1526272502,689.96000,691.21000
1526272504,690.00000,691.21000
1526272505,690.00000,690.50000
1526206970,693.89000,693.98000
1526206972,693.89000,693.97000
1526272509,690.74000,691.10000
1526272511,690.74000,691.86000
1526272512,690.74000,691.10000
1526203136,679.12000,679.83000
1526272514,690.18000,691.10000
1526272516,690.19000,691.10000
1526206981,693.90000,693.97000
1526272518,690.40000,691.10000
1526272521,690.40000,691.09000
1526206986,693.91000,693.97000
1526272523,690.14000,691.09000
1526272524,690.41000,691.08000
1526272525,690.41000,690.80000
1526206994,693.92000,693.97000
1526272531,690.41000,691.85000
1526272533,690.41000,691.85000
1526272535,690.42000,691.85000
1526207000,693.93000,693.97000
1526203140,679.30000,679.83000
1526272539,690.42000,691.80000
1526207004,693.94000,693.97000
1526272542,690.41000,691.70000
1526235909,727.38000,728.80000
1526207010,693.95000,693.97000
1526272549,690.42000,691.70000
1526272550,690.43000,691.70000
1526272551,690.44000,691.70000
1526272552,690.44000,691.69000
1526272556,690.45000,691.60000
1526272560,690.46000,691.59000
1526272561,690.46000,691.58000
1526272562,690.46000,691.50000
1526272566,690.46000,691.50000
1526268681,703.60000,704.00000
1526272568,690.44000,691.58000
1526272571,690.44000,691.20000
1526207036,693.95000,693.97000
1526235914,727.95000,728.78000
1526272574,690.22000,691.19000
1526207039,693.96000,693.97000
1526207040,693.96000,694.94000
1526207043,694.40000,694.94000
1526272580,690.22000,691.10000
1526207048,694.30000,694.94000
1526207049,694.41000,694.94000
1526272586,690.22000,691.09000
1526207051,694.42000,694.94000
1526207055,694.43000,694.94000
1526207058,694.50000,694.94000
1526272598,690.23000,691.09000
1526207063,694.51000,694.94000
1526207065,694.52000,694.94000
1526207069,694.53000,694.94000
1526272607,690.22000,691.09000
1526253262,735.71000,736.78000
1526272609,690.22000,691.08000
1526207076,694.60000,694.94000
1526272613,690.23000,691.07000
1526207081,694.61000,694.94000
1526207085,694.62000,694.94000
1526272622,690.23000,692.37000
1526272624,690.23000,691.07000
1526290536,707.79000,707.92000
1526272626,690.23000,691.10000
1526257629,720.00000,720.74000
1526207092,694.63000,694.94000
1526272630,690.80000,691.09000
1526207095,694.63000,695.57000
1526207097,694.64000,695.57000
1526272634,690.81000,692.34000
1526214079,696.18000,697.49000
1526272637,690.81000,691.09000
1526207102,694.65000,695.57000
1526235925,727.96000,728.69000
1526272640,690.81000,691.45000
1526207106,694.65000,695.56000
1526207107,694.66000,695.56000
1526272644,690.97000,691.45000
1526272645,691.00000,691.45000
1526207110,694.67000,695.56000
1526272649,691.40000,691.45000
1526207114,694.67000,695.55000
1526207116,694.68000,695.54000
1526272655,692.52000,692.80000
1526272656,692.72000,692.80000
1526207121,694.69000,695.54000
1526272658,691.90000,692.80000
1526272659,693.00000,693.09000
1526272660,693.00000,693.08000
1526196525,682.64000,683.49000
1526207126,694.70000,695.54000
1526207127,694.70000,695.53000
1526207133,694.71000,695.53000
1526207135,694.71000,695.52000
1526207136,694.71000,695.57000
1526207137,694.72000,695.57000
1526272674,693.02000,693.10000
1526207140,694.73000,695.57000
1526294790,705.80000,707.02000
1526207143,694.73000,695.56000
1526207144,694.74000,695.56000
1526272682,693.01000,693.02000
1526272683,693.00000,693.10000
1526272684,693.00000,693.01000
1526207149,694.76000,695.56000
1526272686,693.00000,693.10000
1526272688,692.02000,693.10000
1526207153,694.77000,695.55000
1526272690,692.75000,693.10000
1526272691,692.75000,693.09000
1526272692,693.01000,693.09000
1526207157,694.77000,695.57000
1526207158,694.78000,695.57000
1526272696,693.09000,693.10000
1526207162,694.79000,695.57000
1526268703,703.04000,703.98000
1526272701,692.38000,693.08000
1526207166,694.80000,695.57000
1526207167,694.80000,695.56000
1526272704,691.80000,693.09000
1526207169,694.81000,695.56000
1526272706,691.52000,693.09000
1526207171,694.81000,695.55000
1526207172,694.82000,695.55000
1526207174,694.83000,695.55000
1526272711,691.53000,693.00000
1526207176,694.84000,695.54000
1526207177,694.84000,695.54000
1526272714,691.51000,692.99000
1526272715,691.51000,692.99000
1526272716,691.51000,692.80000
1526207181,694.85000,695.54000
1526207183,695.58000,695.59000
1526207184,694.85000,695.53000
1526207186,694.86000,695.53000
1526268707,703.04000,703.97000
1526272724,691.52000,692.49000
1526207189,694.87000,695.53000
1526272730,691.52000,692.48000
1526272734,691.52000,692.47000
1526207199,694.87000,695.52000
1526272736,691.52000,692.29000
1526207201,694.87000,695.51000
1526290555,707.92000,707.93000
1526272740,690.81000,692.29000
1526207206,694.87000,695.50000
1526207207,694.88000,695.50000
1526207208,694.88000,695.49000
1526272745,691.70000,692.28000
1526207211,694.88000,695.50000
1526207212,694.88000,695.51000
1526207213,694.89000,695.51000
1526272750,691.80000,692.28000
1526272751,691.80000,692.47000
1526207216,694.89000,695.48000
1526272753,691.81000,692.47000
1526272754,691.94000,692.47000
1526272755,692.20000,692.47000
1526272756,691.94000,692.47000
1526272757,692.98000,693.00000
1526272758,692.98000,693.10000
1526272759,692.70000,693.09000
1526272763,692.80000,693.09000
1526207228,694.91000,695.48000
1526268714,703.00000,703.95000
1526272766,692.80000,693.09000
1526246869,735.00000,735.31000
1526272768,692.80000,693.09000
1526272769,692.99000,693.09000
1526268715,703.00000,703.90000
1526272774,692.99000,693.10000
1526225025,716.10000,716.75000
1526207241,694.92000,695.46000
1526207243,694.92000,695.45000
1526272780,693.00000,693.10000
1526207246,694.93000,695.45000
1526207249,694.93000,695.44000
1526261997,730.55000,731.50000
1526272789,693.01000,693.10000
1526207254,694.93000,695.40000
1526272791,693.00000,693.10000
1526284238,699.95000,700.55000
1526268544,705.49000,705.95000
1526207259,694.93000,695.45000
1526272796,693.05000,693.09000
1526207262,694.93000,695.39000
1526235952,729.00000,729.09000
1526272803,693.06000,693.09000
1526207280,694.94000,695.39000
1526207283,694.95000,695.39000
1526272820,693.06000,693.10000
1526268724,703.00000,703.20000
1526272827,693.11000,693.99000
1526207294,694.97000,695.38000
1526272832,693.30000,693.99000
1526207297,694.97000,695.37000
1526207299,694.97000,695.36000
1526268726,702.00000,703.00000
1526272840,693.33000,694.87000
1526272842,693.33000,694.40000
1526268727,702.00000,702.55000
1526207310,694.98000,695.35000
1526272847,693.36000,694.39000
1526253270,736.21000,736.78000
1526272850,693.36000,694.38000
1526207315,694.99000,695.34000
1526272854,693.36000,694.37000
1526268729,702.00000,702.50000
1526214116,696.28000,697.44000
1526207323,695.00000,695.34000
1526207325,695.00000,695.35000
1526207327,695.01000,695.35000
1526272867,693.37000,694.36000
1526272873,693.38000,694.36000
1526207339,695.02000,695.30000
1526207340,695.02000,695.29000
1526272879,693.42000,694.36000
1526214120,696.50000,697.44000
1526207346,695.03000,695.29000
1526207347,695.03000,695.35000
1526272885,693.39000,694.40000
1526207350,695.03000,695.28000
1526272888,693.39000,694.39000
1526272890,693.80000,694.39000
1526207357,695.04000,695.34000
1526272894,694.30000,694.40000
1526207362,695.05000,695.34000
1526272899,694.33000,694.40000
1526272901,695.63000,695.70000
1526272902,695.54000,695.74000
1526272903,695.76000,696.01000
1526272906,695.77000,696.01000
1526272911,695.80000,696.01000
1526272913,695.81000,696.01000
1526272918,696.00000,696.01000
1526207383,695.05000,695.35000
1526272920,696.00000,696.01000
1526268740,701.65000,701.87000
1526207386,695.05000,695.64000
1526207387,695.05000,695.33000
1526272924,697.00000,697.66000
1526272925,697.04000,697.72000
1526272926,697.04000,697.20000
1526207392,695.05000,695.32000
1526214128,696.52000,697.60000
1526272930,697.05000,697.20000
1526207397,695.05000,695.31000
1526272934,697.06000,697.83000
1526207399,695.05000,695.30000
1526272936,697.05000,697.30000
1526272938,697.05000,697.83000
1526207403,695.05000,695.29000
1526272942,697.05000,698.00000
1526207407,695.05000,695.28000
1526207408,693.50000,695.28000
1526268744,701.11000,701.57000
1526272946,697.05000,697.80000
1526207411,693.51000,695.28000
1526207412,694.10000,695.27000
1526300904,705.01000,705.96000
1526207415,693.80000,695.27000
1526207416,693.47000,695.27000
1526272953,697.06000,697.82000
1526207418,693.52000,695.26000
1526207419,693.48000,695.00000
1526268746,701.10000,701.56000
1526272958,697.06000,697.81000
1526207423,693.49000,694.99000
1526207424,693.60000,694.99000
1526268747,701.10000,701.50000
1526207428,693.49000,694.80000
1526207429,693.50000,694.80000
1526207432,693.50000,694.99000
1526207435,693.50000,694.79000
1526207437,693.51000,694.79000
1526207438,693.52000,694.79000
1526272975,697.08000,698.00000
1526207440,693.52000,694.78000
1526207441,693.53000,694.78000
1526290595,707.11000,707.58000
1526207444,693.54000,694.78000
1526268750,701.11000,701.49000
1526207447,693.60000,694.78000
1526268751,701.10000,701.40000
1526272989,697.00000,697.79000
1526272990,697.00000,697.70000
1526207455,693.62000,694.78000
1526272992,697.00000,697.60000
1526207457,693.62000,695.64000
1526207458,693.63000,694.78000
1526207459,693.63000,694.77000
1526272998,697.00000,697.10000
1526207464,693.64000,694.76000
1526273001,696.36000,697.00000
1526273002,696.36000,696.98000
1526207467,693.64000,694.78000
1526273004,695.81000,696.99000
1526273005,695.81000,696.98000
1526207470,693.70000,694.70000
1526207473,693.71000,694.70000
1526273011,695.82000,696.98000
1526207476,693.72000,694.78000
1526273016,695.82000,696.96000
1526268756,698.62000,701.39000
1526207482,693.80000,694.78000
1526207483,693.81000,694.78000
1526207484,693.81000,695.60000
1526273021,695.83000,696.94000
1526273022,695.83000,696.90000
1526207487,693.82000,695.59000
1526207488,693.82000,695.10000
1526273027,695.54000,696.90000
1526207492,693.82000,695.09000
1526273029,695.83000,696.89000
1526207497,693.83000,695.09000
1526207498,693.83000,695.08000
1526268759,698.59000,700.80000
1526273036,695.84000,696.89000
1526290605,707.12000,707.93000
1526207504,693.84000,695.08000
1526207508,693.84000,695.07000
1526273045,695.84000,696.90000
1526207510,693.84000,695.06000
1526273047,695.84000,696.93000
1526273050,695.84000,696.90000
1526273051,695.85000,696.90000
1526207517,693.84000,695.59000
1526273054,695.86000,696.89000
1526207519,693.85000,695.06000
1526262006,730.55000,731.21000
1526207524,693.90000,695.06000
1526273061,695.86000,696.87000
1526207526,693.90000,695.05000
1526207527,693.90000,695.04000
1526207528,693.91000,695.04000
1526273067,695.86000,696.85000
1526207532,693.91000,695.03000
1526273069,695.84000,696.80000
1526207535,693.91000,695.00000
1526207537,693.92000,695.00000
1526207538,693.92000,694.99000
1526273075,696.51000,696.79000
1526207541,693.92000,694.98000
1526207542,693.93000,694.98000
1526207544,693.93000,694.97000
1526207547,693.94000,694.96000
1526273084,695.72000,696.79000
1526214154,696.59000,697.95000
1526273088,695.72000,696.70000
1526273090,695.28000,696.21000
1526273091,695.28000,696.20000
1526207557,693.94000,694.96000
1526207558,693.95000,694.89000
1526273096,694.61000,695.70000
1526273099,694.40000,695.40000
1526268770,698.71000,699.69000
1526207566,693.96000,694.87000
1526207567,693.69000,694.87000
1526207569,693.69000,694.80000
1526273106,694.40000,694.68000
1526268771,698.70000,699.50000
1526272919,695.81000,696.01000
1526207573,693.69000,694.79000
1526273111,694.40000,694.66000
1526273112,694.40000,694.60000
1526273117,694.40000,694.59000
1526273118,694.40000,694.58000
1526207584,693.69000,694.78000
