time,bid,ask
1526202368,678.85000,679.68000
1526333445,738.00000,738.80000
1526202378,678.85000,679.67000
1526364401,732.08000,733.35000
1526333455,738.00000,738.74000
1526202384,678.86000,679.67000
1526202386,678.87000,679.68000
1526202387,678.86000,679.68000
1526202391,678.86000,679.66000
1526333469,738.00000,738.73000
1526202399,678.86000,679.69000
1526333475,738.00000,738.68000
1526202404,678.86000,679.67000
1526202408,677.96000,679.67000
1526333481,738.00000,738.67000
1526202410,678.03000,679.67000
1526202411,678.10000,679.69000
1526202412,678.10000,679.68000
1526202413,678.11000,679.68000
1526202414,678.11000,679.20000
1526202415,678.12000,679.20000
1526202417,678.20000,679.20000
1526202420,678.21000,679.20000
1526202421,678.30000,679.20000
1526333494,738.00000,738.65000
1526202423,678.31000,679.20000
1526333499,738.00000,738.64000
1526202428,678.32000,679.68000
1526333450,738.00000,738.75000
1526333502,738.00000,738.62000
1526202431,678.32000,679.67000
1526202434,678.32000,679.66000
1526333507,738.00000,738.61000
1526202439,678.21000,678.30000
1526202446,678.22000,678.30000
1526333525,738.00000,738.58000
1526202457,678.23000,678.30000
1526333530,738.00000,738.57000
1526333537,738.03000,738.57000
1526333543,738.03000,738.54000
1526333544,738.04000,738.54000
1526202473,678.21000,678.30000
1526333546,738.04000,738.53000
1526202476,678.22000,678.30000
1526202477,678.23000,678.30000
1526202486,678.30000,679.66000
1526202487,678.23000,679.66000
1526202488,678.24000,679.66000
1526202489,678.24000,679.65000
1526202490,678.24000,679.60000
1526333565,738.03000,738.48000
1526333566,738.03000,738.47000
1526202495,678.24000,679.60000
1526202497,678.30000,679.60000
1526202498,678.31000,679.60000
1526202500,678.32000,679.60000
1526333573,738.02000,738.47000
1526202502,678.32000,679.59000
1526202503,678.33000,679.59000
1526333579,738.02000,738.46000
1526333580,738.02000,738.42000
1526202509,678.40000,679.59000
1526333583,738.04000,738.42000
1526333584,738.04000,738.41000
1526202515,678.34000,679.59000
1526202518,678.34000,679.58000
1526202519,678.35000,679.58000
1526333600,738.01000,738.37000
1526333604,738.01000,738.36000
1526202533,678.36000,679.58000
1526202538,678.36000,679.50000
1526333611,738.01000,738.37000
1526202543,678.36000,679.57000
1526202544,678.37000,679.57000
1526202546,678.37000,679.50000
1526202547,678.38000,679.50000
1526225223,715.81000,716.80000
1526202551,678.38000,679.57000
1526298939,711.42000,711.68000
1526202558,677.21000,679.57000
1526202560,677.22000,679.56000
1526202561,677.23000,679.56000
1526202563,677.30000,679.56000
1526202564,678.20000,679.56000
1526333637,738.01000,738.95000
1526202568,678.20000,678.90000
1526333642,738.01000,738.94000
1526202572,678.30000,678.55000
1526399010,718.16000,719.09000
1526333649,738.01000,738.93000
1526202578,678.31000,678.55000
1526202579,678.32000,678.55000
1526202582,678.32000,679.57000
1526202583,678.32000,679.56000
1526333656,738.01000,738.91000
1526333657,737.43000,738.91000
1526333659,737.43000,738.00000
1526202588,678.32000,678.63000
1526202591,678.31000,678.63000
1526202593,678.33000,678.63000
1526202598,678.33000,679.57000
1526333671,737.90000,737.96000
1526202602,678.33000,679.56000
1526202603,676.91000,678.49000
1526202605,677.14000,678.49000
1526202606,678.20000,678.49000
1526355325,726.25000,727.22000
1526333682,737.93000,737.96000
1526202611,678.20000,678.49000
1526202615,678.21000,678.49000
1526202618,678.21000,679.54000
1526202619,678.21000,679.53000
1526333693,737.93000,737.94000
1526202623,678.21000,679.50000
1526333697,737.94000,738.00000
1526202627,678.21000,679.52000
1526202629,678.21000,679.51000
1526202630,678.21000,679.40000
1526333704,737.91000,738.00000
1526202634,678.21000,679.39000
1526333707,737.95000,738.00000
1526333708,737.95000,737.96000
1526202638,678.22000,679.38000
1526333711,737.93000,737.96000
1526202641,678.22000,679.37000
1526202646,678.22000,679.54000
1526311641,724.26000,724.33000
1526202648,678.22000,679.53000
1526333722,737.95000,737.96000
1526202651,678.22000,679.40000
1526202652,678.23000,679.40000
1526202654,678.24000,679.58000
1526333727,737.95000,737.96000
1526202656,678.26000,679.58000
1526202657,678.26000,679.60000
1526202659,678.30000,679.60000
1526202660,678.31000,679.80000
1526202663,678.30000,679.96000
1526202664,678.31000,679.95000
1526202665,678.32000,679.95000
1526202668,678.40000,679.95000
1526202669,679.20000,679.95000
1526333744,737.95000,737.97000
1526202673,679.20000,680.08000
1526202674,678.73000,680.64000
1526202676,679.20000,680.63000
1526202677,679.20000,680.62000
1526202678,679.20000,680.40000
1526333751,737.96000,737.97000
1526202680,679.45000,680.40000
1526202682,679.45000,680.62000
1526202683,679.80000,680.62000
1526202686,680.46000,680.62000
1526202688,680.46000,680.69000
1526202689,680.46000,680.70000
1526333762,737.94000,737.97000
1526202692,680.50000,680.70000
1526333765,737.95000,737.97000
1526377185,730.06000,730.50000
1526202697,680.46000,680.70000
1526202698,680.50000,680.70000
1526202699,680.51000,680.70000
1526333775,737.95000,737.97000
1526333776,737.95000,737.97000
1526333778,737.95000,739.00000
1526202707,680.52000,680.70000
1526333781,737.96000,738.95000
1526333783,737.97000,738.95000
1526333784,738.10000,738.95000
1526202714,680.53000,680.70000
1526333788,737.97000,738.95000
1526333790,737.94000,738.95000
1526333791,737.98000,738.95000
1526333792,738.00000,738.95000
1526333793,738.00000,738.94000
1526277122,696.73000,697.72000
1526202427,678.31000,679.69000
1526333797,738.01000,738.94000
1526202728,680.52000,680.53000
1526333803,737.94000,738.94000
1526333805,737.95000,738.94000
1526333808,737.96000,738.94000
1526202740,680.47000,680.53000
1526202743,680.52000,680.53000
1526333816,737.94000,738.94000
1526333820,737.95000,738.94000
1526333823,737.96000,738.94000
1526277123,696.73000,697.71000
1526333829,737.96000,738.93000
1526202761,680.00000,680.53000
1526333834,737.97000,738.93000
1526333836,737.98000,738.93000
1526202765,680.10000,680.53000
1526333839,737.97000,737.98000
1526202770,680.10000,681.70000
1526202771,680.00000,681.05000
1526333844,737.96000,737.97000
1526202773,680.11000,680.52000
1526333848,737.91000,737.94000
1526333849,737.91000,737.96000
1526333850,737.93000,737.96000
1526333851,737.93000,739.00000
1526333857,737.91000,739.00000
1526202787,680.00000,680.52000
1526202788,680.12000,680.52000
1526399046,718.14000,719.09000
1526333863,737.93000,739.00000
1526333866,737.94000,738.99000
1526333871,737.94000,739.00000
1526333873,737.93000,739.00000
1526202802,680.00000,680.52000
1526377203,729.80000,730.00000
1526202804,680.13000,680.52000
1526333887,737.93000,738.99000
1526202817,680.14000,680.52000
1526333894,737.93000,738.98000
1526355361,726.60000,727.21000
1526333901,737.93000,738.97000
1526202831,680.14000,680.51000
1526202832,680.15000,680.51000
1526333905,737.93000,738.96000
1526333906,737.92000,738.90000
1526202836,680.15000,680.50000
1526202847,680.00000,680.50000
1526202848,680.16000,680.50000
1526333921,737.92000,738.00000
1526355367,726.70000,727.21000
1526202861,679.82000,680.50000
1526202862,680.17000,680.50000
1526377213,729.87000,730.00000
1526202867,680.17000,680.49000
1526202870,680.17000,680.48000
1526355369,726.71000,727.21000
1526202874,680.33000,680.48000
1526202876,680.33000,680.47000
1526202877,680.34000,680.47000
1526333956,737.92000,737.99000
1526202888,680.44000,680.47000
1526333966,737.92000,737.94000
1526202897,680.45000,680.47000
1526333970,737.33000,737.94000
1526333973,737.37000,737.94000
1526333975,737.37000,737.51000
1526202904,680.47000,680.48000
1526233483,725.01000,726.10000
1526377221,729.68000,730.00000
1526202913,680.46000,680.48000
1526202916,680.48000,680.50000
1526333992,737.38000,738.00000
1526333993,737.39000,738.00000
1526202922,680.48000,681.08000
1526202923,680.49000,680.98000
1526333997,737.42000,738.00000
1526333999,737.40000,738.00000
1526202928,680.49000,680.97000
1526334003,737.39000,738.00000
1526334008,737.37000,738.00000
1526334009,737.39000,738.00000
1526202938,680.50000,680.97000
1526202946,680.50000,680.96000
1526202960,680.50000,680.97000
1526334039,737.40000,738.00000
1526202971,679.82000,680.50000
1526202974,679.83000,680.50000
1526202976,679.83000,680.49000
1526202979,679.82000,680.49000
1526334053,737.39000,738.00000
1526334054,737.41000,738.00000
1526202983,679.83000,680.49000
1526202984,679.83000,680.48000
1526202985,679.83000,680.47000
1526199102,684.57000,685.04000
1526403702,723.62000,724.60000
1526334067,737.41000,738.72000
1526334068,737.42000,738.72000
1526202997,681.26000,681.40000
1526334071,737.42000,738.70000
1526334072,737.42000,738.69000
1526203002,681.26000,681.38000
1526203003,681.26000,681.37000
1526203005,681.26000,681.30000
1526203006,681.26000,681.37000
1526203008,681.26000,681.37000
1526203009,681.26000,681.30000
1526203011,681.26000,681.29000
1526203013,681.26000,681.27000
1526203015,679.82000,679.94000
1526334088,737.45000,738.67000
1526203017,679.82000,679.93000
1526355394,726.72000,727.29000
1526334096,737.44000,738.60000
1526334097,737.46000,738.60000
1526334099,737.47000,738.60000
1526334104,738.00000,738.60000
1526203039,679.82000,679.92000
1526382411,734.11000,734.23000
1526334115,737.42000,738.00000
1526334116,737.42000,737.99000
1526334119,737.42000,738.00000
1526203048,679.82000,679.88000
1526203051,679.13000,679.55000
1526334127,737.44000,738.00000
1526203057,678.50000,679.55000
1526203058,679.14000,679.91000
1526334131,737.45000,738.00000
1526203061,678.44000,679.91000
1526334135,737.44000,738.00000
1526203064,678.45000,679.91000
1526334137,737.46000,738.00000
1526334139,737.44000,738.00000
1526334140,737.44000,737.99000
1526203069,678.60000,679.58000
1526203070,678.45000,679.58000
1526203071,678.46000,679.58000
1526203072,678.60000,679.58000
1526203076,678.60000,679.90000
1526203077,679.00000,679.87000
1526203080,679.00000,679.86000
1526203083,678.97000,679.86000
1526203084,679.01000,679.85000
1526203086,679.10000,679.87000
1526203090,679.02000,679.87000
1526203091,679.02000,679.90000
1526203092,679.02000,679.87000
1526203094,679.02000,679.86000
1526203095,679.10000,679.86000
1526203099,679.02000,679.86000
1526203102,679.02000,679.85000
1526203103,679.10000,679.85000
1526334177,737.44000,737.96000
1526203108,679.02000,679.85000
1526334181,737.45000,737.96000
1526203110,679.02000,679.84000
1526203111,679.10000,679.84000
1526334184,737.44000,737.96000
1526334185,737.44000,737.95000
1526334187,737.44000,737.94000
1526203117,679.11000,679.84000
1526334190,737.45000,737.94000
1526203121,679.20000,679.84000
1526203124,679.20000,679.83000
1526203125,679.11000,679.83000
1526203131,679.20000,679.83000
1526334204,737.46000,737.94000
1526203136,679.12000,679.83000
1526334210,737.46000,737.93000
1526203140,679.30000,679.83000
1526203145,679.12000,679.83000
1526334218,737.00000,737.93000
1526334219,737.47000,737.93000
1526203148,678.81000,679.83000
1526203151,679.30000,679.83000
1526334225,737.47000,737.92000
1526203155,678.81000,679.83000
1526334233,737.48000,737.92000
1526203162,678.90000,679.83000
1526334236,737.48000,737.91000
1526203167,678.82000,679.83000
1526203171,679.00000,679.83000
1526333574,738.01000,738.47000
1526334247,737.44000,737.91000
1526203176,678.82000,679.83000
1526334249,737.49000,737.91000
1526203178,678.82000,679.41000
1526203179,679.00000,679.41000
1526203184,678.82000,679.41000
1526203185,679.30000,679.77000
1526203187,679.30000,679.83000
1526203188,679.30000,679.79000
1526203190,678.82000,679.79000
1526203191,678.83000,679.82000
1526203192,678.83000,679.83000
1526203193,679.30000,679.82000
1526203199,678.83000,679.82000
1526203201,678.83000,679.77000
1526203203,678.90000,679.76000
1526203204,678.90000,679.77000
1526203208,678.83000,679.77000
1526334281,736.90000,737.89000
1526203210,678.90000,679.82000
1526203211,678.90000,679.59000
1526334285,736.80000,737.89000
1526203214,678.83000,679.59000
1526203215,678.83000,679.58000
1526203218,678.90000,679.58000
1526334291,736.80000,737.89000
1526334292,736.98000,737.88000
1526334293,736.98000,737.89000
1526203223,678.83000,679.59000
1526334296,736.99000,737.89000
1526203225,678.90000,679.59000
1526334299,736.99000,737.88000
1526203229,678.90000,679.59000
1526334302,736.99000,737.89000
1526399120,718.19000,719.29000
1526203234,678.83000,679.59000
1526203235,678.90000,679.59000
1526334309,736.99000,737.88000
1526203240,678.83000,679.59000
1526334313,736.99000,737.87000
1526334314,737.00000,737.87000
1526203243,678.90000,679.59000
1526334317,737.01000,737.87000
1526203247,678.90000,679.58000
1526334323,737.01000,737.86000
1526203252,678.90000,679.58000
1526203253,678.90000,679.59000
1526203256,678.83000,679.59000
1526203257,678.90000,679.59000
1526334332,737.03000,737.85000
1526203263,678.91000,679.59000
1526203265,678.91000,679.58000
1526334338,737.03000,737.84000
1526203267,678.91000,679.59000
1526334343,737.04000,737.84000
1526334345,737.04000,737.83000
1526334346,737.04000,737.80000
1526333591,738.01000,738.41000
1526334350,737.04000,737.79000
1526203280,678.91000,679.58000
1526203282,678.91000,679.59000
1526203283,679.00000,679.57000
1526203287,678.91000,679.59000
1526334369,737.06000,737.78000
1526334373,737.07000,737.78000
1526334375,737.07000,737.77000
1526203309,678.91000,679.58000
1526334385,737.07000,738.00000
1526334388,737.07000,737.77000
1526203317,679.40000,679.59000
1526246217,738.50000,739.16000
1526334394,736.81000,737.00000
1526377290,729.68000,730.00000
1526250955,732.57000,734.42000
1526334400,736.81000,736.99000
1526203329,678.57000,679.59000
1526203330,678.58000,679.58000
1526203331,678.58000,679.57000
1526203332,679.10000,679.57000
1526203335,679.10000,679.56000
1526334408,736.81000,736.97000
1526203337,678.59000,679.56000
1526203341,678.90000,679.56000
1526203346,678.60000,679.56000
1526203347,678.80000,679.56000
1526377294,729.68000,730.00000
1526334422,736.81000,737.00000
1526203352,678.80000,679.56000
1526334425,736.80000,737.00000
1526334426,736.80000,736.99000
1526203357,678.90000,679.56000
1526203361,678.81000,679.56000
1526334434,736.80000,736.98000
1526203363,678.90000,679.56000
1526203364,678.91000,679.56000
1526334440,736.80000,736.97000
1526203369,678.91000,679.55000
1526203371,678.92000,679.55000
1526334444,736.80000,736.98000
1526377298,729.68000,730.00000
1526334446,736.50000,736.98000
1526334447,736.50000,736.80000
1526334449,736.50000,736.60000
1526203380,678.92000,679.54000
1526334454,736.50000,736.60000
1526334455,736.51000,736.60000
1526334458,736.51000,736.59000
1526233499,725.10000,726.83000
1526203390,678.92000,679.55000
1526334472,736.50000,736.58000
1526334473,736.50000,736.51000
1526203418,678.93000,679.55000
1526334496,736.00000,736.50000
1526333616,738.01000,739.00000
1526334499,736.00000,736.51000
1526334501,736.00000,736.49000
1526203433,678.94000,679.55000
1526211678,697.00000,697.32000
1526333618,738.01000,738.35000
1526334514,736.01000,736.60000
1526399155,718.18000,719.20000
1526334517,736.01000,736.49000
1526334518,736.02000,736.49000
1526203447,679.20000,679.55000
1526334521,736.02000,736.48000
1526334523,736.02000,736.47000
1526334532,736.02000,736.45000
1526203462,679.20000,679.58000
1526203463,679.20000,679.55000
1526203464,679.20000,679.58000
1526203465,679.20000,679.55000
1526203467,679.20000,679.58000
1526334541,736.00000,736.01000
1526334543,736.00000,736.02000
1526334544,736.00000,737.00000
1526334545,736.00000,736.39000
1526203474,679.20000,679.39000
1526334549,736.00000,736.38000
1526203479,679.21000,679.39000
1526334552,735.13000,735.69000
1526334555,735.13000,735.60000
1526203484,679.21000,679.55000
1526334557,735.13000,735.59000
1526203490,679.21000,679.30000
1526334563,735.00000,735.55000
1526334564,735.14000,735.55000
1526334565,735.14000,735.54000
1526203494,679.22000,679.30000
1526334567,735.00000,735.13000
1526203496,679.31000,679.55000
1526203497,679.22000,679.58000
1526334570,735.00000,735.12000
1526203499,679.55000,679.84000
1526203500,679.87000,679.90000
1526203501,679.87000,680.14000
1526203502,680.39000,680.77000
1526203503,680.77000,681.00000
1526334576,734.00000,735.00000
1526203506,680.78000,681.00000
1526203507,681.00000,681.96000
1526203508,681.39000,681.96000
1526203509,681.77000,681.96000
1526203510,681.00000,682.33000
1526334584,733.10000,734.98000
1526203513,681.80000,682.33000
1526334586,733.80000,734.97000
1526203515,681.80000,682.45000
1526334588,733.80000,734.00000
1526377322,729.82000,731.20000
1526203518,681.81000,682.45000
1526334591,733.50000,734.00000
1526334592,733.51000,734.00000
1526334593,733.51000,733.99000
1526203522,681.82000,682.45000
1526334595,733.44000,733.99000
1526334596,733.03000,733.99000
1526203526,681.82000,683.00000
1526203527,681.90000,683.00000
1526334600,733.20000,733.99000
1526203530,681.90000,682.74000
1526203533,681.83000,682.74000
1526203534,681.82000,682.74000
1526203538,681.81000,682.74000
1526334611,733.03000,733.60000
1526203541,681.81000,682.73000
1526203543,681.81000,682.72000
1526334617,733.03000,733.98000
1526334619,733.03000,733.60000
1526334620,733.03000,733.20000
1526203550,681.81000,682.71000
1526203552,681.82000,682.71000
1526203553,681.82000,682.74000
1526334627,733.03000,733.07000
1526203556,681.82000,682.81000
1526334629,732.01000,733.20000
1526334631,732.00000,733.19000
1526334632,732.04000,733.19000
1526203562,681.81000,682.81000
1526203565,681.81000,683.00000
1526203567,681.82000,682.81000
1526334647,732.32000,733.19000
1526203577,681.82000,682.99000
1526399178,718.18000,718.90000
1526334655,732.33000,733.19000
1526334657,733.34000,733.49000
1526203587,681.83000,682.99000
1526334660,733.00000,733.50000
1526334661,733.77000,733.93000
1526334663,733.00000,734.46000
1526334665,733.50000,734.96000
1526203594,681.83000,682.98000
1526334667,733.50000,734.45000
1526334668,733.60000,734.45000
1526203598,681.83000,682.97000
1526334671,733.51000,734.45000
1526203601,681.83000,682.96000
1526334674,733.50000,734.45000
1526334678,733.50000,734.44000
1526399183,718.00000,718.14000
1526334684,733.50000,734.43000
1526203613,681.84000,682.96000
1526334687,733.50000,734.43000
1526334690,733.50000,734.42000
1526334691,733.30000,734.42000
1526334693,733.30000,734.41000
1526334694,733.30000,734.42000
1526203623,681.85000,682.96000
1526334696,733.07000,734.97000
1526203625,681.86000,683.30000
1526334698,733.50000,734.99000
1526334699,733.50000,734.97000
1526334700,733.50000,734.96000
1526203629,682.30000,683.56000
1526203630,682.31000,683.56000
1526203632,683.30000,683.56000
1526203633,684.19000,684.51000
1526203634,683.39000,684.51000
1526203635,683.56000,684.51000
1526203636,683.94000,684.51000
1526334709,733.60000,734.97000
1526203638,684.19000,684.52000
1526203639,683.94000,684.52000
1526203640,684.29000,684.52000
1526399188,717.80000,718.61000
1526203642,684.29000,684.85000
1526334717,733.62000,734.96000
1526203647,684.40000,684.85000
1526203650,684.41000,685.23000
1526203651,684.41000,685.23000
1526203653,684.42000,685.22000
1526203654,684.70000,685.22000
1526203655,684.42000,685.22000
1526203656,684.70000,685.22000
1526203657,685.22000,686.23000
1526203659,684.70000,686.40000
1526203660,685.40000,686.40000
1526203661,686.23000,686.40000
1526203662,685.41000,686.40000
1526334735,733.51000,734.94000
1526203664,685.90000,686.67000
1526334737,733.51000,734.69000
1526203668,685.91000,686.67000
1526203671,685.91000,686.77000
1526203672,685.92000,686.77000
1526203673,686.20000,686.81000
1526203676,686.20000,687.00000
1526334749,733.52000,734.68000
1526203680,686.21000,687.29000
1526203681,687.06000,687.29000
1526203682,686.80000,687.29000
1526203683,688.40000,689.26000
1526203684,688.40000,689.26000
1526203685,689.09000,689.26000
1526203688,688.96000,689.50000
1526233509,725.11000,725.12000
1526334762,733.52000,734.69000
1526334763,733.51000,734.69000
1526203692,689.56000,689.70000
1526203693,689.60000,689.70000
1526203695,689.61000,690.00000
1526203696,689.70000,690.00000
1526203697,689.70000,690.00000
1526203698,690.21000,690.42000
1526289971,704.40000,704.90000
1526334772,733.53000,734.64000
1526203702,690.30000,690.42000
1526203703,690.42000,692.70000
1526203704,690.42000,691.99000
1526203705,690.42000,693.00000
1526203706,691.10000,693.00000
1526203707,691.10000,691.98000
1526203709,691.10000,693.00000
1526203710,691.10000,691.70000
1526203711,691.11000,691.70000
1526203712,691.25000,691.70000
1526399200,715.91000,718.56000
1526203714,691.20000,691.70000
1526203715,691.73000,692.99000
1526203717,691.73000,692.98000
1526203718,691.74000,692.98000
1526203719,691.74000,692.97000
1526203720,691.74000,692.53000
1526203723,691.85000,692.53000
1526399202,716.52000,718.56000
1526203726,691.75000,692.53000
1526203727,691.89000,692.52000
1526203728,693.00000,693.40000
1526203729,691.96000,693.40000
1526203730,692.53000,693.40000
1526203731,692.53000,693.00000
1526203732,692.53000,692.97000
1526203733,692.54000,692.97000
1526334806,733.56000,734.64000
1526203738,691.76000,692.96000
1526203739,692.55000,692.97000
1526203740,691.96000,692.97000
1526334814,733.55000,734.64000
1526203743,692.23000,692.96000
1526203744,692.23000,693.41000
1526334817,733.55000,734.63000
1526203746,692.51000,692.96000
1526203747,692.24000,692.96000
1526203748,692.24000,693.00000
1526203749,692.52000,692.95000
1526203750,692.52000,693.00000
1526203751,692.23000,692.24000
1526334826,733.50000,734.64000
1526334827,733.35000,734.64000
1526203756,692.23000,693.41000
1526203757,692.23000,692.99000
1526203758,692.69000,692.98000
1526334831,733.50000,734.64000
1526203763,692.69000,692.97000
1526203765,692.69000,693.41000
1526334838,734.65000,734.69000
1526203769,692.69000,693.50000
1526399210,716.62000,717.90000
1526203776,692.69000,693.49000
1526203777,693.48000,693.49000
1526399211,716.62000,718.54000
1526334852,733.51000,734.68000
1526203781,693.48000,693.50000
1526334855,733.35000,734.68000
1526334857,733.35000,733.40000
1526203787,692.69000,693.50000
1526203788,692.81000,693.50000
1526203789,692.81000,693.49000
1526203790,692.82000,693.50000
1526334865,733.36000,734.67000
1526203794,694.00000,694.73000
1526334867,733.35000,734.67000
1526334868,733.35000,734.66000
1526203797,694.00000,694.72000
1526203798,694.01000,694.72000
1526203799,694.01000,694.30000
1526203803,694.02000,694.30000
1526203804,694.11000,694.30000
1526203805,694.20000,694.98000
1526203806,694.63000,694.98000
1526334881,733.03000,734.64000
1526203810,694.41000,694.98000
1526334883,733.31000,734.64000
1526203812,694.41000,694.97000
1526203813,694.41000,694.90000
1526203814,694.41000,694.97000
1526203815,694.41000,694.98000
1526203818,694.41000,694.97000
1526203819,692.60000,694.98000
1526203820,694.41000,694.98000
1526203821,692.82000,694.96000
1526203822,692.82000,694.40000
1526311837,726.20000,727.89000
1526334896,733.34000,734.00000
1526203825,693.40000,694.95000
1526203826,693.40000,694.40000
1526203828,693.40000,694.39000
1526203830,693.40000,694.38000
1526203831,693.01000,694.38000
1526203832,693.01000,694.38000
1526203833,693.40000,694.38000
1526203834,693.40000,694.37000
1526334907,733.38000,734.00000
1526334909,733.39000,734.00000
1526203839,693.40000,694.36000
1526203840,693.40000,694.30000
1526334913,733.40000,734.00000
1526203843,693.40000,694.35000
1526203847,693.40000,694.34000
1526203849,693.41000,694.34000
1526203850,693.41000,694.37000
1526333687,737.93000,737.94000
1526334925,733.41000,734.00000
1526203854,693.41000,694.40000
1526203856,693.41000,694.39000
1526203858,693.41000,694.10000
1526203866,693.41000,694.09000
1526333690,737.92000,737.94000
1526203870,693.40000,694.09000
1526334944,733.45000,734.00000
1526203873,693.40000,694.08000
1526203874,693.12000,694.08000
1526203876,693.12000,694.07000
1526203879,693.12000,693.70000
1526334953,733.46000,734.00000
1526203882,694.00000,694.07000
1526203885,693.12000,693.50000
1526203886,693.12000,693.86000
1526203892,693.12000,693.85000
1526203896,693.12000,693.60000
1526334969,733.45000,734.00000
1526334971,733.45000,733.99000
1526334972,733.47000,733.99000
1526203904,693.12000,693.58000
1526334979,732.22000,733.98000
1526334981,732.23000,733.98000
1526203910,692.09000,693.58000
1526203912,692.09000,693.57000
1526203913,692.06000,693.58000
1526203914,692.60000,693.58000
1526334987,732.30000,733.98000
1526334988,732.91000,733.95000
1526203918,694.00000,694.05000
1526377389,729.95000,731.20000
1526203920,694.00000,694.04000
1526203921,694.00000,694.07000
1526334994,732.32000,733.80000
1526334995,732.42000,733.80000
1526203924,694.00000,694.05000
1526334997,732.42000,733.79000
1526203926,694.00000,694.06000
1526335001,732.40000,733.79000
1526335002,732.32000,733.17000
1526335003,732.25000,733.17000
1526335006,732.41000,733.17000
1526335008,732.41000,732.42000
1526356230,725.61000,726.56000
1526335010,732.22000,732.42000
1526335011,730.75000,731.05000
1526335012,730.82000,731.05000
1526335013,730.75000,731.05000
1526203942,694.00000,695.30000
1526335015,730.75000,730.82000
1526203944,694.00000,695.29000
1526335017,730.25000,730.75000
1526203946,694.00000,694.82000
1526203948,694.01000,694.82000
1526203949,694.01000,694.81000
1526203951,694.01000,694.70000
1526335026,729.96000,730.40000
1526335027,729.96000,730.30000
1526203957,694.01000,694.69000
1526203958,694.01000,694.20000
1526335031,728.26000,728.85000
1526203960,694.01000,694.69000
1526335034,728.27000,730.29000
1526203963,694.01000,694.68000
1526203964,694.01000,694.10000
1526335037,728.27000,730.10000
1526203967,694.01000,694.09000
1526335040,728.27000,729.80000
1526335043,728.00000,729.80000
1526335044,728.01000,729.79000
1526335046,728.01000,729.79000
1526335047,726.90000,727.00000
1526335049,726.91000,727.00000
1526335050,726.92000,727.00000
1526203979,694.01000,694.68000
1526335052,727.10000,729.50000
1526203981,694.02000,694.67000
1526335055,727.40000,729.47000
1526335058,727.50000,729.47000
1526203987,694.67000,694.68000
1526335062,727.30000,729.46000
1526335067,727.40000,729.45000
1526335068,727.50000,729.43000
1526335072,727.60000,729.42000
1526335074,727.60000,729.41000
1526335075,727.60000,729.20000
1526204005,694.67000,695.77000
1526204006,694.67000,695.35000
1526204007,694.67000,694.87000
1526335080,727.70000,729.19000
1526204009,694.67000,695.35000
1526204010,694.67000,695.34000
1526335083,727.90000,729.18000
1526335085,727.90000,729.16000
1526335087,727.51000,729.16000
1526335088,727.90000,729.39000
1526335090,727.94000,729.15000
1526204019,694.67000,695.94000
1526204021,694.67000,695.93000
1526335094,727.94000,729.11000
1526204023,694.68000,695.93000
1526335097,727.91000,729.11000
1526335100,727.91000,729.10000
1526204029,695.00000,695.93000
1526204030,695.00000,695.92000
1526204033,695.77000,695.92000
1526204035,695.40000,695.77000
1526329540,732.30000,732.90000
1526333718,737.94000,737.96000
1526204038,695.40000,695.93000
1526335111,727.20000,728.95000
1526204040,695.77000,695.93000
1526204041,695.41000,697.00000
1526335114,726.84000,728.93000
1526204043,696.00000,696.11000
1526335116,726.84000,728.85000
1526335117,726.84000,728.20000
1526335118,726.85000,728.20000
1526335119,726.85000,728.20000
1526204048,696.01000,696.11000
1526335122,726.85000,728.10000
1526204052,696.02000,696.11000
1526335126,726.32000,727.20000
1526204055,696.11000,696.98000
1526204056,696.03000,696.98000
1526335129,726.16000,726.90000
1526204059,696.03000,696.98000
1526204060,696.50000,696.98000
1526204061,696.50000,696.97000
1526204062,696.50000,696.98000
1526335135,726.20000,726.53000
1526204064,696.50000,696.90000
1526204066,696.03000,696.90000
1526204067,696.03000,696.89000
1526335140,726.50000,726.87000
1526204069,696.03000,697.50000
1526204070,696.03000,697.10000
1526204072,696.03000,696.90000
1526335145,726.30000,726.59000
1526204074,696.10000,696.90000
1526204075,696.10000,696.89000
1526335149,726.30000,726.59000
1526204078,696.10000,696.90000
1526204079,696.10000,696.60000
1526204080,696.03000,696.50000
1526204082,696.03000,696.49000
1526335155,726.32000,726.90000
1526335156,726.40000,726.90000
1526204085,696.00000,696.49000
1526335158,726.40000,728.19000
1526377417,729.99000,731.19000
1526335160,726.41000,728.19000
1526335161,726.41000,728.18000
1526204091,696.00000,696.40000
1526335164,726.93000,728.18000
1526335165,726.93000,727.80000
1526335166,727.00000,727.80000
1526204095,695.03000,696.30000
1526204096,695.00000,695.97000
1526204097,695.00000,695.62000
1526204098,695.00000,695.03000
1526204099,695.00000,695.62000
1526204100,695.00000,695.50000
1526204101,695.00000,695.61000
1526204102,695.00000,695.60000
1526204103,695.00000,695.50000
1526335177,726.70000,728.68000
1526335178,727.03000,728.68000
1526204107,695.00000,695.04000
1526335181,727.30000,728.68000
1526204110,694.38000,695.00000
1526335184,727.70000,728.68000
1526204113,694.38000,694.60000
1526204114,693.51000,694.60000
1526204116,693.51000,694.59000
1526204120,693.51000,694.58000
1526204121,693.09000,694.58000
1526204122,693.10000,694.58000
1526335195,726.94000,729.61000
1526204124,693.52000,694.58000
1526335197,727.71000,728.68000
1526204126,693.50000,694.58000
1526204127,693.53000,694.58000
1526377424,730.00000,731.19000
1526335203,727.71000,728.30000
1526399270,718.00000,718.43000
1526377425,730.01000,731.19000
1526335208,727.71000,728.68000
1526335209,727.71000,728.30000
1526204138,693.80000,694.58000
1526335211,727.72000,728.30000
1526204143,693.90000,694.58000
1526335216,727.72000,728.00000
1526204149,694.30000,694.58000
1526335223,727.80000,728.00000
1526335227,728.00000,728.90000
1526204156,694.40000,694.58000
1526335230,728.01000,729.46000
1526335233,728.02000,729.46000
1526204162,694.40000,694.58000
1526335235,728.04000,729.46000
1526335236,728.04000,729.30000
1526204167,694.90000,695.49000
1526335240,728.05000,729.46000
1526335241,728.06000,729.46000
1526204170,694.90000,695.10000
1526335243,728.06000,729.40000
1526204173,694.90000,695.49000
1526333741,737.95000,738.00000
1526335248,728.06000,729.60000
1526335249,728.10000,729.60000
1526204178,695.00000,695.49000
1526204180,695.01000,695.48000
1526204181,695.01000,695.49000
1526204182,695.02000,695.49000
1526204183,695.01000,695.48000
1526204184,695.01000,695.49000
1526204186,695.02000,695.49000
1526204187,695.48000,695.49000
1526204191,696.00000,696.40000
1526335264,728.12000,729.38000
1526204193,695.48000,696.00000
1526204195,695.02000,696.00000
1526204196,695.02000,695.99000
1526335270,728.02000,729.30000
1526335271,728.13000,729.29000
1526204201,695.00000,695.99000
1526204202,695.00000,695.98000
1526204205,695.03000,695.98000
1526204207,695.20000,695.98000
1526335280,728.14000,729.28000
1526204209,695.03000,696.38000
1526204210,695.80000,695.97000
1526204211,695.80000,695.97000
1526204214,695.60000,695.97000
1526204215,695.80000,695.96000
1526335290,728.15000,729.30000
1526335291,728.15000,729.73000
1526335292,728.15000,729.29000
1526204221,695.80000,695.95000
1526204222,695.03000,695.95000
1526335295,728.15000,729.50000
1526204224,695.13000,695.95000
1526335297,728.15000,729.28000
1526204226,695.14000,695.95000
1526335303,728.02000,729.28000
1526335304,728.16000,729.28000
1526204233,695.20000,695.95000
1526204234,695.20000,696.44000
1526204235,695.20000,696.43000
1526204236,695.20000,695.94000
1526204237,695.21000,695.94000
1526204238,695.21000,695.93000
1526335315,728.22000,729.26000
1526204244,695.05000,695.93000
1526204245,695.05000,695.77000
1526335319,728.23000,728.90000
1526335321,728.23000,729.25000
1526335322,728.23000,729.20000
1526204252,695.05000,695.90000
1526204253,695.05000,695.55000
1526204254,693.82000,695.55000
1526204256,693.83000,695.54000
1526335330,727.94000,728.00000
1526204259,693.83000,695.53000
1526204261,693.82000,695.53000
1526204262,694.40000,695.53000
1526335335,727.50000,728.00000
1526204265,694.40000,695.52000
1526335340,727.40000,728.00000
1526335341,727.11000,728.00000
1526204272,694.30000,695.51000
1526204273,694.30000,695.50000
1526204275,694.30000,695.49000
1526333758,737.93000,737.97000
1526204278,693.85000,695.49000
1526204279,693.85000,695.49000
1526204280,693.86000,695.49000
1526204281,694.20000,695.49000
1526204282,694.20000,695.48000
1526335355,727.12000,728.00000
1526335356,727.12000,727.99000
1526204287,693.85000,695.48000
1526204288,693.85000,695.46000
1526204289,694.20000,695.46000
1526204292,694.20000,695.45000
1526335365,727.21000,727.99000
1526204295,694.20000,695.44000
1526204296,693.85000,695.43000
1526204298,693.85000,695.42000
1526204299,694.20000,695.42000
1526335372,727.20000,728.00000
1526335373,727.21000,728.00000
1526204302,694.20000,695.41000
1526335375,727.00000,728.00000
1526204304,693.85000,695.30000
1526204305,693.80000,695.30000
1526204307,693.81000,695.30000
1526204308,693.86000,694.99000
1526204309,693.90000,694.99000
1526204310,693.90000,694.98000
1526204315,693.86000,694.90000
1526335389,725.95000,726.00000
1526204318,693.81000,694.78000
1526335391,725.96000,726.00000
1526204322,693.81000,694.77000
1526335395,725.97000,727.94000
1526335397,725.97000,727.82000
1526335398,726.30000,727.82000
1526204328,693.81000,694.62000
1526335402,725.97000,727.70000
1526204332,692.50000,694.61000
1526204333,693.82000,694.61000
1526335406,725.98000,727.69000
1526335407,725.98000,727.67000
1526335410,725.98000,727.30000
1526204339,693.82000,694.60000
1526335412,725.98000,727.77000
1526335413,725.99000,727.64000
1526333769,737.96000,737.97000
1526204344,693.82000,694.59000
1526335417,725.99000,727.63000
1526204348,693.82000,694.50000
1526335422,726.20000,727.62000
1526204351,692.51000,694.50000
1526204353,692.51000,694.49000
1526204354,693.20000,694.49000
1526204355,693.40000,694.50000
1526204357,693.20000,694.43000
1526204358,693.20000,694.42000
1526204359,693.20000,694.00000
1526335432,725.38000,727.08000
1526204361,692.58000,693.20000
1526335434,725.39000,727.07000
1526204363,693.00000,693.20000
1526204364,693.10000,693.20000
1526335437,725.70000,727.06000
1526204367,693.26000,694.41000
1526204368,693.10000,693.19000
1526335443,725.01000,727.05000
1526204373,693.10000,694.41000
1526335446,725.80000,726.41000
1526204376,693.10000,694.40000
1526204377,693.70000,694.40000
1526204378,693.70000,693.75000
1526335451,725.02000,726.39000
1526335454,725.02000,726.38000
1526204383,693.70000,693.75000
1526335456,725.02000,726.10000
1526204385,693.70000,694.39000
1526335458,725.02000,726.09000
1526335459,725.02000,725.20000
1526204388,693.90000,694.39000
1526204389,693.90000,694.02000
1526335464,724.10000,724.70000
1526335465,724.10000,724.69000
1526204395,693.70000,694.02000
1526204396,693.70000,694.39000
1526204397,693.90000,694.01000
1526246397,733.76000,734.26000
1526335472,724.00000,724.60000
1526264643,723.80000,724.17000
1526333779,737.96000,739.00000
1526204404,695.00000,695.15000
1526335477,724.00000,724.50000
1526335480,724.00000,724.49000
1526204411,695.00000,695.14000
1526335486,724.00000,724.48000
1526335487,723.50000,723.67000
1526204418,695.00000,695.30000
1526204420,695.00000,695.30000
1526335493,723.00000,723.37000
1526335494,723.00000,723.37000
1526204423,695.00000,695.29000
1526204424,695.00000,695.28000
1526204426,695.00000,695.29000
1526204428,695.00000,695.18000
1526335501,723.00000,723.36000
1526204430,695.00000,695.17000
1526335503,722.12000,723.00000
1526335506,722.00000,723.00000
1526335507,722.13000,723.00000
1526335508,722.30000,723.00000
1526204437,695.00000,695.16000
1526335511,722.30000,722.99000
1526335512,722.70000,722.99000
1526335513,722.60000,722.99000
1526335514,723.45000,723.57000
1526335515,723.51000,723.57000
1526204444,695.00000,695.15000
1526335517,723.60000,723.72000
1526335518,723.79000,723.94000
1526204447,695.00000,695.14000
1526335521,723.65000,723.94000
1526335522,725.09000,725.10000
1526204452,695.00000,695.13000
1526335529,725.10000,726.00000
1526335531,725.09000,726.00000
1526335532,725.09000,725.99000
1526335533,725.10000,725.99000
1526335536,725.09000,726.00000
1526335537,725.40000,726.00000
1526335539,725.40000,725.99000
1526335542,725.42000,725.99000
1526335543,725.42000,726.00000
1526204472,695.00000,695.12000
1526335545,725.42000,725.99000
1526335546,725.16000,725.99000
1526335548,725.40000,725.99000
1526335551,725.09000,725.99000
1526335552,725.10000,725.99000
1526204481,695.00000,695.13000
1526335554,725.18000,726.00000
1526335557,725.42000,726.00000
1526399329,718.03000,718.44000
1526335563,725.42000,727.45000
1526335564,725.50000,727.40000
1526335565,725.50000,727.39000
1526335566,725.44000,727.39000
1526335568,725.44000,727.15000
1526335569,725.45000,726.90000
1526335570,725.46000,726.90000
1526204499,695.00000,695.10000
1526335572,725.46000,726.00000
1526335573,725.60000,726.00000
1526335576,725.60000,725.99000
1526335577,725.46000,725.99000
1526335578,725.42000,726.00000
1526335583,725.43000,726.00000
1526204512,695.00000,695.09000
1526204515,695.01000,695.09000
1526204517,695.00000,695.09000
1526204521,695.00000,695.08000
1526204523,695.00000,695.07000
1526393413,726.06000,726.36000
1526335608,725.19000,725.98000
1526204542,695.00000,695.06000
1526377493,730.12000,731.00000
1526204544,695.00000,695.08000
1526204545,695.07000,695.08000
1526204546,695.00000,695.07000
1526204548,693.80000,695.07000
1526335621,725.30000,725.98000
1526204550,693.80000,694.99000
1526204551,694.00000,695.07000
1526335624,725.30000,725.98000
1526399340,718.03000,719.19000
1526335628,725.19000,725.99000
1526204558,693.80000,695.07000
1526335631,725.40000,725.99000
1526204560,694.00000,695.07000
1526335633,725.19000,725.99000
1526335634,725.22000,725.99000
1526204567,693.81000,695.07000
1526204569,694.00000,695.07000
1526335643,725.23000,726.00000
1526204573,694.00000,695.06000
1526335646,725.25000,726.00000
1526204576,693.81000,695.06000
1526335649,725.26000,726.00000
1526204580,694.00000,695.06000
1526335653,725.99000,726.00000
1526399345,718.04000,719.18000
1526204586,693.81000,695.06000
1526204587,693.81000,695.07000
1526204588,694.10000,695.05000
1526204595,693.82000,695.05000
1526204596,695.00000,695.05000
1526196494,682.51000,683.40000
1526204601,695.00000,695.07000
1526204603,695.00000,695.04000
1526233431,724.00000,724.94000
1526204616,693.83000,695.00000
1526204618,693.83000,695.03000
1526204620,694.10000,695.03000
1526335701,725.97000,726.00000
1526399353,718.04000,719.18000
1526377508,730.12000,731.00000
1526335706,725.48000,726.00000
1526335707,725.48000,725.99000
1526204636,694.11000,695.03000
1526335710,725.48000,725.80000
1526335711,724.19000,725.80000
1526335713,724.20000,725.79000
1526335714,724.19000,725.79000
1526335715,724.19000,725.38000
1526335717,724.19000,725.12000
1526204647,694.11000,695.02000
1526335721,724.20000,725.11000
1526335725,724.20000,725.10000
1526335726,724.00000,725.10000
1526377512,730.10000,731.00000
1526335730,724.00000,725.47000
1526335732,724.00000,725.46000
1526335733,724.00000,725.45000
1526335734,724.00000,725.09000
1526335737,724.00000,725.08000
1526204667,694.11000,695.01000
1526335740,724.00000,725.07000
1526335743,724.00000,725.57000
1526335744,724.00000,725.63000
1526204673,694.57000,695.01000
1526335747,724.01000,725.63000
1526204677,694.57000,695.00000
1526335752,724.10000,725.63000
1526335753,724.10000,725.62000
1526204684,694.11000,695.00000
1526335757,724.20000,725.62000
1526204686,694.89000,695.00000
1526335759,724.20000,725.61000
1526335761,724.03000,725.61000
1526335763,724.03000,725.50000
1526204693,694.89000,694.99000
1526204695,694.11000,694.99000
1526204696,694.99000,695.01000
1526204697,695.00000,695.01000
1526204700,694.11000,694.99000
1526335773,724.20000,725.48000
1526268293,708.08000,708.66000
1526335776,724.20000,725.38000
1526335777,723.53000,725.38000
1526335778,723.53000,725.30000
1526335780,722.94000,723.00000
1526204727,694.11000,695.00000
1526335800,722.82000,723.00000
1526204729,694.11000,694.99000
1526335803,722.83000,723.00000
1526335804,722.94000,723.00000
1526246453,734.00000,734.20000
1526204738,694.11000,694.98000
1526335811,722.95000,723.00000
1526355682,725.61000,726.50000
1526333837,737.97000,738.93000
1526204752,694.11000,694.97000
1526335829,722.96000,723.00000
1526204767,694.11000,694.96000
1526335843,723.20000,724.97000
1526204773,694.11000,695.00000
1526204774,694.96000,695.00000
1526335847,723.04000,724.96000
1526335848,723.04000,724.60000
1526335849,723.18000,724.60000
1526335852,723.18000,724.96000
1526335853,723.20000,724.96000
1526335855,723.21000,724.96000
1526335858,723.41000,724.96000
1526333843,737.96000,738.93000
1526204789,694.96000,695.02000
1526335864,723.80000,725.46000
1526335866,723.63000,725.77000
1526335867,723.63000,725.79000
1526335868,724.00000,725.79000
1526335869,724.00000,725.82000
1526335870,724.00000,725.87000
1526204799,694.96000,695.01000
1526335872,723.96000,725.86000
1526335873,723.96000,725.40000
1526335876,723.97000,725.84000
1526335878,724.30000,725.40000
1526204807,694.96000,695.00000
1526335881,724.34000,725.83000
1526335882,724.34000,725.84000
1526335883,724.35000,725.83000
1526204814,694.96000,694.99000
1526335888,724.35000,725.70000
1526335889,724.35000,725.83000
1526204818,694.96000,695.00000
1526204819,694.96000,695.00000
1526335893,724.35000,726.02000
1526335895,724.35000,725.70000
1526335897,724.35000,726.01000
1526204827,695.10000,695.47000
1526335901,724.35000,726.00000
1526204830,695.10000,696.48000
1526204831,695.10000,696.46000
1526204832,695.11000,696.46000
1526204833,695.11000,696.49000
1526335907,724.35000,726.00000
1526204836,695.70000,696.45000
1526204838,695.70000,696.49000
1526204840,695.70000,697.00000
1526335913,724.35000,725.40000
1526204842,695.70000,696.96000
1526204845,695.70000,696.95000
1526204847,695.71000,696.95000
1526335923,724.36000,725.39000
1526204852,695.90000,697.00000
1526204853,696.00000,697.00000
1526335926,724.90000,725.39000
1526204856,696.01000,697.00000
1526204858,696.01000,696.99000
1526335931,726.15000,726.24000
1526335932,726.15000,726.28000
1526204861,696.20000,697.00000
1526204862,696.20000,696.99000
1526335935,726.24000,726.82000
1526335936,726.24000,726.83000
1526204865,696.20000,696.98000
1526204866,696.21000,696.98000
1526335939,726.30000,726.83000
1526204868,696.21000,696.98000
1526335941,726.30000,727.00000
1526204870,696.21000,697.73000
1526335943,726.84000,727.00000
1526204872,696.98000,697.73000
1526204873,697.00000,697.50000
1526335946,726.90000,727.00000
1526204876,697.01000,697.50000
1526335949,728.59000,728.62000
1526335950,727.93000,729.28000
1526204879,697.01000,697.49000
1526335952,727.93000,729.81000
1526204881,697.10000,697.49000
1526335954,728.50000,729.81000
1526335955,728.84000,729.81000
1526335956,729.81000,730.50000
1526335957,730.46000,730.50000
1526335958,729.20000,730.50000
1526335959,729.82000,730.50000
1526204888,697.01000,697.10000
1526204891,697.01000,697.49000
1526204892,697.20000,697.49000
1526204893,697.20000,697.96000
1526335966,729.82000,730.49000
1526204895,697.20000,697.95000
1526335969,729.83000,730.50000
1526204898,697.01000,697.95000
1526204899,697.10000,697.95000
1526204900,697.40000,697.95000
1526335973,729.60000,730.40000
1526335974,728.82000,730.30000
1526204903,697.40000,697.94000
1526335976,729.83000,730.29000
1526335977,728.81000,729.69000
1526335979,728.81000,728.82000
1526335981,728.09000,728.82000
1526335983,728.09000,728.79000
1526335984,728.10000,728.77000
1526204914,697.41000,697.93000
1526335987,727.95000,728.79000
1526335988,728.11000,728.79000
1526335989,727.95000,728.37000
1526335990,727.94000,728.37000
1526377556,730.10000,731.10000
1526335994,727.16000,728.36000
1526204923,697.41000,697.94000
1526204924,697.41000,698.00000
1526335997,727.04000,727.88000
1526204926,697.42000,698.00000
1526335999,727.00000,727.54000
1526336000,727.00000,727.53000
1526336002,726.99000,727.53000
1526204931,698.00000,698.46000
1526336007,726.18000,727.15000
1526336009,726.18000,727.51000
1526336010,725.99000,727.00000
1526336011,725.99000,726.80000
1526336014,725.99000,726.98000
1526204943,698.10000,698.46000
1526336017,725.99000,726.79000
1526336019,726.00000,726.79000
1526204948,698.10000,698.45000
1526204949,698.01000,698.45000
1526204951,698.10000,698.44000
1526204952,698.10000,698.45000
1526204953,698.10000,698.89000
1526377562,730.11000,731.18000
1526204958,698.01000,698.88000
1526204959,698.20000,698.88000
1526204964,698.40000,698.88000
1526204965,698.50000,698.88000
1526204967,698.51000,699.00000
1526204968,698.80000,699.00000
1526204971,698.81000,699.00000
1526377565,730.11000,731.00000
1526336049,726.01000,726.79000
1526204978,698.90000,699.00000
1526204984,698.81000,699.00000
1526399412,718.03000,719.07000
1526204986,698.91000,699.00000
1526336061,726.02000,726.79000
1526204990,698.92000,699.00000
1526399413,718.05000,719.07000
1526336066,726.03000,726.79000
1526204995,699.00000,699.50000
1526204998,698.81000,698.92000
1526204999,698.90000,698.92000
1526205000,698.90000,699.50000
1526205001,699.00000,699.50000
1526205004,699.01000,699.50000
1526205006,699.01000,699.49000
1526205007,699.02000,699.49000
1526205010,699.02000,699.50000
1526205011,699.03000,699.50000
1526336084,726.00000,726.79000
1526336085,726.00000,726.02000
1526205014,699.03000,699.60000
1526336088,725.11000,726.02000
1526205017,699.03000,699.59000
1526336091,724.01000,724.93000
1526336092,724.01000,726.00000
1526205021,699.31000,699.59000
1526205023,699.31000,699.58000
1526336096,724.03000,725.90000
1526336097,724.03000,725.00000
1526336101,724.03000,725.90000
1526205030,699.40000,699.68000
1526336103,724.02000,724.99000
1526205037,699.41000,699.68000
1526205041,699.03000,699.68000
1526205043,699.61000,699.68000
1526336116,724.03000,725.65000
1526205045,699.61000,699.67000
1526336118,724.14000,725.65000
1526336120,724.80000,725.86000
1526336122,724.59000,725.88000
1526336124,724.90000,725.88000
1526205054,699.03000,699.61000
1526336127,724.91000,725.70000
1526205056,699.03000,699.67000
1526336129,724.91000,725.88000
1526205058,699.50000,699.67000
1526336133,724.91000,725.87000
1526336134,724.92000,725.87000
1526205063,699.50000,699.66000
1526205065,699.03000,699.66000
1526336140,724.93000,725.87000
1526336141,724.93000,725.86000
1526336143,724.94000,725.86000
1526205072,699.50000,699.65000
1526336145,724.95000,725.86000
1526336149,724.95000,725.85000
1526205078,698.90000,699.65000
1526336152,724.94000,725.85000
1526205081,699.10000,699.65000
1526336154,724.94000,725.86000
1526205083,699.10000,699.64000
1526336157,724.97000,725.85000
1526336158,724.97000,725.86000
1526205090,699.11000,699.64000
1526205092,699.23000,699.64000
1526205093,699.23000,699.63000
1526205095,699.23000,699.62000
1526336170,724.98000,725.86000
1526336171,724.98000,725.85000
1526205100,699.23000,699.61000
1526336176,724.99000,725.85000
1526205106,699.23000,699.33000
1526205108,698.94000,699.33000
1526336181,724.98000,725.84000
1526205110,698.80000,698.94000
1526205111,698.80000,699.32000
1526205112,698.80000,698.93000
1526336185,724.92000,724.99000
1526336186,724.90000,724.99000
1526205116,698.80000,698.86000
1526336193,724.48000,724.99000
1526205122,698.80000,698.85000
1526336196,724.48000,724.81000
1526205125,698.02000,698.85000
1526205126,698.00000,698.85000
1526205127,698.00000,698.59000
1526336201,722.83000,724.60000
1526336202,722.84000,724.81000
1526336204,723.32000,724.80000
1526205133,698.00000,698.58000
1526336207,723.32000,724.59000
1526205136,698.00000,698.57000
1526336211,723.32000,724.45000
1526336212,722.84000,724.24000
1526205142,698.00000,698.56000
1526205143,698.00000,698.50000
1526205144,698.00000,698.56000
1526205145,698.00000,698.49000
1526205146,698.00000,698.43000
1526205147,698.00000,698.85000
1526205151,698.00000,698.60000
1526336224,722.99000,724.24000
1526336226,722.99000,724.24000
1526336227,723.20000,724.24000
1526205156,698.00000,698.43000
1526205158,697.67000,698.43000
1526336232,724.35000,724.60000
1526205161,697.67000,698.42000
1526336234,724.35000,724.80000
1526336242,724.40000,724.80000
1526205172,697.67000,698.41000
1526205173,697.67000,698.40000
1526336248,724.97000,724.99000
1526268372,706.52000,707.76000
1526205178,697.67000,698.24000
1526336251,725.89000,726.01000
1526205182,697.67000,698.23000
1526205183,697.67000,698.20000
1526205186,697.67000,698.03000
1526205187,697.07000,697.67000
1526336260,725.92000,726.01000
1526336261,726.27000,726.38000
1526336262,726.00000,726.38000
1526205191,697.07000,698.03000
1526336265,726.20000,726.38000
1526205196,697.07000,698.23000
1526336270,726.20000,726.38000
1526205200,697.07000,698.10000
1526336275,726.21000,726.38000
1526205204,697.07000,698.09000
1526205205,697.07000,698.00000
1526205207,696.79000,697.99000
1526336280,726.22000,726.96000
1526336281,726.22000,726.80000
1526336284,726.22000,726.96000
1526205214,696.79000,697.98000
1526205215,696.80000,697.98000
1526336288,726.22000,726.90000
1526336290,726.22000,726.96000
1526336291,726.24000,726.96000
1526336293,726.24000,726.95000
1526336294,726.24000,726.96000
1526336295,726.24000,726.97000
1526205224,696.81000,697.97000
1526205227,697.10000,697.97000
1526205231,697.10000,698.00000
1526205232,697.11000,698.00000
1526336306,726.24000,726.96000
1526336307,725.94000,726.00000
1526205236,697.20000,698.00000
1526205237,697.21000,697.99000
1526205239,697.22000,697.99000
1526205240,697.30000,697.99000
1526205241,698.00000,698.09000
1526336314,725.92000,725.99000
1526333919,737.92000,738.89000
1526336317,725.93000,725.99000
1526205246,698.00000,698.28000
1526205249,698.00000,698.27000
1526336323,725.93000,725.98000
1526205255,698.01000,698.27000
1526205256,698.01000,698.26000
1526336330,725.00000,725.98000
1526336332,725.00000,725.96000
1526336333,725.00000,725.95000
1526205263,698.02000,698.25000
1526336336,725.01000,725.95000
1526336338,725.02000,725.95000
1526205269,698.25000,698.26000
1526205270,698.01000,698.50000
1526336344,725.02000,725.95000
1526205273,698.10000,698.50000
1526336349,725.07000,725.95000
1526205278,698.10000,698.49000
1526205279,698.01000,698.49000
1526205280,698.02000,698.49000
1526205281,698.02000,698.48000
1526205282,698.20000,698.25000
1526336355,725.10000,725.95000
1526205285,698.20000,698.24000
1526205286,698.21000,698.24000
1526205287,698.38000,698.48000
1526205288,698.27000,698.48000
1526336362,725.12000,725.95000
1526205291,698.48000,698.49000
1526364498,732.86000,734.66000
1526205293,698.27000,698.47000
1526336366,725.13000,725.95000
1526336368,725.14000,725.95000
1526336369,725.20000,725.95000
1526205298,698.28000,698.50000
1526336372,725.14000,725.95000
1526205302,698.28000,698.49000
1526285937,700.06000,700.44000
1526336376,725.12000,725.80000
1526377620,730.06000,730.54000
1526336378,725.07000,725.14000
1526336379,724.94000,725.14000
1526205308,698.28000,698.47000
1526336381,724.00000,724.83000
1526336382,724.00000,724.50000
1526205312,698.30000,698.46000
1526205313,698.31000,698.46000
1526336388,724.00000,724.48000
1526336394,724.00000,724.47000
1526205326,698.40000,698.46000
1526399469,718.06000,719.00000
1526336400,724.00000,724.46000
1526336403,724.00000,724.48000
1526205332,698.32000,698.46000
1526336407,724.00000,724.40000
1526205338,698.32000,698.45000
1526399471,718.06000,719.02000
1526336413,724.00000,724.47000
1526205343,698.32000,699.68000
1526205347,698.60000,699.68000
1526205348,698.60000,699.67000
1526364500,732.90000,734.09000
1526205353,698.32000,699.67000
1526336426,724.00000,724.46000
1526205356,698.60000,699.66000
1526336433,724.00000,724.47000
1526336434,724.01000,724.47000
1526205364,698.34000,699.65000
1526205365,698.70000,699.65000
1526205366,698.70000,699.64000
1526336440,724.54000,725.00000
1526205369,698.70000,699.63000
1526205371,698.34000,699.63000
1526336444,724.20000,725.00000
1526205373,698.35000,699.63000
1526336446,724.50000,725.00000
1526336447,724.50000,725.55000
1526336448,724.36000,725.55000
1526205377,698.60000,699.62000
1526336450,724.37000,725.55000
1526336452,724.37000,725.55000
1526205381,698.34000,699.62000
1526205382,698.34000,699.61000
1526205384,698.60000,699.61000
1526336457,724.78000,725.96000
1526336460,724.90000,725.96000
1526205389,698.60000,699.60000
1526336462,724.79000,725.90000
1526205391,698.34000,699.60000
1526205393,698.34000,699.10000
1526336467,724.80000,725.96000
1526205397,698.18000,699.10000
1526336470,725.00000,725.95000
1526205399,698.18000,699.10000
1526336472,725.00000,725.94000
1526205401,698.05000,699.08000
1526205402,698.05000,698.17000
1526336475,725.01000,725.94000
1526205404,698.05000,698.17000
1526205409,698.00000,698.16000
1526336482,725.00000,725.94000
1526205411,697.92000,697.99000
1526336484,725.01000,725.94000
1526205413,696.80000,698.16000
1526205414,696.80000,697.98000
1526336487,725.02000,725.90000
1526205417,696.80000,697.97000
1526205418,696.80000,697.98000
1526205420,696.78000,697.98000
1526336493,725.02000,725.90000
1526205422,696.78000,697.90000
1526205425,696.78000,697.98000
1526205427,696.90000,697.98000
1526205429,696.90000,697.97000
1526336502,725.03000,725.87000
1526336503,725.06000,725.87000
1526205432,696.78000,697.97000
1526336505,725.03000,725.96000
1526336506,725.03000,725.90000
1526336507,725.02000,725.90000
1526336508,725.09000,725.96000
1526205438,696.78000,697.96000
1526205439,696.78000,697.95000
1526336512,725.10000,725.80000
1526399488,718.06000,719.31000
1526205444,696.78000,697.94000
1526205446,696.78000,697.90000
1526336519,725.10000,725.94000
1526336520,725.10000,725.78000
1526336521,725.10000,725.94000
1526336523,725.10000,725.90000
1526336524,725.09000,725.77000
1526205453,696.78000,697.89000
1526196794,683.40000,684.60000
1526336529,725.09000,725.74000
1526336530,725.04000,725.09000
1526336532,725.04000,725.74000
1526336533,725.00000,725.04000
1526336537,725.00000,725.03000
1526336539,725.00000,725.04000
1526336540,725.00000,725.03000
1526205470,696.79000,697.89000
1526205471,696.79000,697.93000
1526205472,697.89000,697.93000
1526205475,697.89000,697.92000
1526238399,733.91000,734.30000
1526205478,696.80000,697.92000
1526205480,697.92000,697.93000
1526205481,696.80000,697.93000
1526205484,696.78000,697.93000
1526205486,696.81000,697.93000
1526205487,697.46000,697.93000
1526205489,697.46000,697.62000
1526205495,697.46000,697.61000
1526205502,696.78000,697.60000
1526336577,724.00000,725.00000
1526336579,723.01000,724.99000
1526336580,723.01000,724.20000
1526205513,696.78000,697.59000
1526336586,723.16000,724.19000
1526336588,723.16000,724.18000
1526205518,696.79000,697.59000
1526336591,723.38000,724.18000
1526205521,696.79000,697.58000
1526336594,723.38000,724.17000
1526336596,723.38000,723.90000
1526336599,722.89000,723.89000
1526205528,696.79000,697.56000
1526336602,722.90000,723.89000
1526336603,722.57000,723.89000
1526336604,722.57000,723.88000
1526336605,722.57000,723.87000
1526336606,722.56000,723.87000
1526336607,722.66000,723.87000
1526336608,722.66000,723.86000
1526336611,722.66000,723.80000
1526336613,722.66000,723.38000
1526333969,737.36000,737.94000
1526336616,722.66000,723.37000
1526336618,722.66000,723.36000
1526336619,722.64000,723.36000
1526205548,697.66000,697.86000
1526336621,722.64000,723.35000
1526336622,722.67000,723.35000
1526205551,698.01000,698.15000
1526205552,698.01000,698.16000
1526336625,723.53000,723.82000
1526336626,723.80000,723.82000
1526268435,704.21000,704.98000
1526336628,724.61000,725.34000
1526336629,725.10000,725.34000
1526336630,724.61000,725.34000
1526205559,698.02000,699.08000
1526336633,725.10000,725.34000
1526336634,724.41000,725.34000
1526336635,725.92000,725.96000
1526336636,725.10000,725.96000
1526336639,725.19000,725.96000
1526205568,698.03000,699.08000
1526336641,725.19000,725.95000
1526399510,718.00000,718.05000
1526336647,725.20000,725.95000
1526336648,725.20000,725.94000
1526336649,725.70000,725.94000
1526205582,698.04000,699.08000
1526336656,725.70000,725.92000
1526333976,737.37000,738.00000
1526336658,725.41000,725.92000
1526336661,725.24000,725.92000
1526336662,725.42000,725.92000
1526205591,698.20000,699.08000
1526336666,725.21000,725.91000
1526336667,725.24000,725.91000
1526205597,698.03000,699.08000
1526336670,725.24000,725.89000
1526205600,698.30000,699.08000
1526336674,725.25000,725.89000
1526205605,698.05000,699.08000
1526336679,725.24000,725.89000
1526205608,698.30000,699.08000
1526205614,698.06000,699.08000
1526205615,698.31000,699.08000
1526205617,698.21000,699.08000
1526205619,698.20000,699.08000
1526205621,698.21000,699.08000
1526205623,698.21000,698.95000
1526205626,698.30000,698.95000
1526205628,698.30000,698.94000
1526205630,698.30000,698.93000
1526205632,698.31000,698.93000
1526205633,698.07000,698.93000
1526205634,698.32000,698.93000
1526205635,698.06000,698.93000
1526205637,698.07000,698.93000
1526336710,725.24000,725.88000
1526205639,698.07000,698.92000
1526336712,725.25000,725.88000
1526205643,698.07000,698.91000
1526205644,698.20000,698.91000
1526205646,698.21000,698.91000
1526205652,698.30000,698.91000
1526205653,698.30000,698.90000
1526205657,698.06000,698.94000
1526205658,698.07000,698.90000
1526205659,698.30000,698.90000
1526336732,725.30000,725.88000
1526355834,725.64000,726.94000
1526336734,725.34000,725.88000
1526399525,716.01000,717.88000
1526205665,698.05000,698.90000
1526336738,725.34000,725.87000
1526205667,698.05000,698.90000
1526205668,698.30000,698.90000
1526336743,725.34000,725.60000
1526205674,698.07000,698.90000
1526336747,725.34000,725.59000
1526205676,698.05000,698.89000
1526205677,698.30000,698.89000
1526336751,725.25000,725.34000
1526329168,732.19000,733.47000
1526336753,725.25000,725.58000
1526205683,698.06000,698.89000
1526336757,725.22000,725.58000
1526336758,725.22000,725.25000
1526202921,680.48000,681.10000
1526336760,724.35000,725.57000
1526336761,724.35000,725.22000
1526205690,698.31000,698.87000
1526336764,724.35000,725.21000
1526399530,716.02000,717.84000
1526205694,698.31000,698.86000
1526205695,698.50000,698.86000
1526336768,724.39000,725.21000
1526336770,724.39000,725.20000
1526205699,698.50000,698.90000
1526336772,724.40000,725.20000
1526205701,698.31000,698.90000
1526333960,737.92000,737.95000
1526205704,698.50000,698.90000
1526399532,716.02000,717.82000
1526336778,724.42000,726.33000
1526336779,724.42000,725.87000
1526336780,724.42000,725.19000
1526205709,698.31000,698.90000
1526205710,698.31000,698.89000
1526205712,698.31000,698.88000
1526205713,698.32000,698.88000
1526336787,724.44000,725.19000
1526205716,698.33000,698.88000
1526399534,716.03000,717.82000
1526336791,724.45000,725.19000
1526336792,725.19000,726.30000
1526205721,697.70000,698.31000
1526205722,697.70000,698.80000
1526336795,724.59000,726.28000
1526336796,725.05000,726.54000
1526336797,725.05000,726.29000
1526205726,698.34000,698.80000
1526336799,725.79000,726.29000
1526205728,698.34000,698.79000
1526336801,725.80000,726.87000
1526205731,697.68000,698.55000
1526336804,725.80000,726.53000
1526336805,726.01000,726.53000
1526205739,697.69000,698.50000
1526336812,726.20000,726.53000
1526336814,726.20000,726.85000
1526336815,726.58000,727.68000
1526336816,726.58000,727.67000
1526205745,697.69000,698.77000
1526336818,726.03000,727.67000
1526336819,726.52000,727.80000
1526336820,726.52000,727.66000
1526336824,726.54000,727.80000
1526205753,697.69000,698.77000
1526205754,697.70000,698.77000
1526336829,726.56000,727.65000
1526205758,697.70000,698.60000
1526336831,726.60000,727.59000
1526205760,697.71000,698.60000
1526205763,697.72000,698.79000
1526205764,697.72000,698.40000
1526205765,697.73000,698.40000
1526336840,726.56000,727.47000
1526205769,697.74000,698.40000
1526336842,726.50000,726.80000
1526336843,726.03000,726.60000
1526336846,726.51000,726.60000
1526205775,697.75000,698.40000
1526336848,726.51000,726.56000
1526336849,726.03000,726.40000
1526205778,697.77000,698.40000
1526336853,726.03000,726.20000
1526205783,697.78000,698.40000
1526336856,726.03000,726.26000
1526336857,726.03000,726.18000
1526336858,726.03000,726.10000
1526336859,725.11000,725.87000
1526336861,725.11000,725.77000
1526336862,724.43000,725.77000
1526336863,724.48000,725.76000
1526336864,724.43000,725.10000
1526336865,724.43000,724.70000
1526205795,697.79000,698.40000
1526205798,697.80000,698.40000
1526336871,723.68000,724.29000
1526336872,723.68000,723.90000
1526205801,697.81000,698.40000
1526205802,697.82000,698.40000
1526336875,722.56000,723.90000
1526205804,697.82000,698.40000
1526205805,698.40000,698.57000
1526205806,698.40000,698.79000
1526336880,722.80000,723.79000
1526336881,722.81000,723.88000
1526336882,722.81000,723.79000
1526336884,722.56000,723.79000
1526336885,722.82000,723.79000
1526205814,698.42000,698.79000
1526336887,722.82000,723.78000
1526336888,722.56000,723.78000
1526336889,722.83000,723.77000
1526205819,698.42000,698.88000
1526205822,698.43000,698.88000
1526355861,725.64000,726.94000
1526205824,697.79000,697.80000
1526336898,722.83000,723.75000
1526336899,722.83000,723.70000
1526336900,722.83000,723.00000
1526336902,722.83000,722.99000
1526205831,697.79000,698.88000
1526205832,697.80000,698.88000
1526205834,697.90000,698.88000
1526336908,722.83000,722.97000
1526205838,697.91000,698.88000
1526336913,722.83000,722.96000
1526336922,723.00000,723.54000
1526336925,723.00000,723.50000
1526205854,697.60000,698.88000
1526205855,697.90000,698.88000
1526336928,723.01000,723.50000
1526336929,723.01000,723.53000
1526336932,723.00000,723.53000
1526399558,715.19000,716.58000
1526336936,723.00000,723.52000
1526336941,723.01000,723.52000
1526336942,723.02000,723.52000
1526205871,697.91000,698.80000
1526336945,723.60000,723.69000
1526205874,697.80000,698.80000
1526205876,697.80000,698.86000
1526205878,697.80000,698.70000
1526205879,697.80000,698.69000
1526336953,723.11000,723.69000
1526205885,697.80000,698.50000
1526336959,723.14000,723.69000
1526336960,723.34000,723.69000
1526205891,697.80000,698.67000
1526336964,723.35000,723.69000
1526377718,729.83000,730.55000
1526205894,697.80000,698.60000
1526205897,697.80000,698.59000
1526205898,697.24000,698.59000
1526336971,723.39000,724.67000
1526336972,723.38000,724.67000
1526205901,697.25000,698.59000
1526205902,697.25000,698.50000
1526336978,723.36000,724.67000
1526205907,697.26000,698.50000
1526205908,697.26000,698.59000
1526205909,697.29000,698.49000
1526205910,697.30000,698.49000
1526336983,723.37000,724.30000
1526205915,697.31000,698.49000
1526205916,697.32000,698.49000
1526205917,697.31000,698.49000
1526205919,697.40000,698.49000
1526205921,697.40000,698.59000
1526205922,697.41000,698.59000
1526205923,697.41000,698.50000
1526205924,697.41000,698.50000
1526205925,697.70000,698.50000
1526205926,697.29000,698.50000
1526336999,723.38000,724.20000
1526205930,697.30000,698.50000
1526205931,697.28000,698.50000
1526205933,697.31000,698.50000
1526205934,697.31000,698.49000
1526205937,697.31000,698.48000
1526205938,697.32000,698.48000
1526337011,723.43000,724.00000
1526205942,697.33000,698.40000
1526337017,723.43000,723.99000
1526205947,697.28000,697.29000
1526205948,697.28000,697.29000
1526205949,696.62000,697.23000
1526205950,696.62000,697.29000
1526205951,696.55000,697.22000
1526205952,696.55000,696.76000
1526205953,696.63000,696.80000
1526205956,696.08000,696.55000
1526205957,696.08000,696.80000
1526205958,696.08000,696.80000
1526337031,723.68000,723.99000
1526337033,723.69000,723.99000
1526337037,723.69000,723.98000
1526337039,723.70000,723.98000
1526205968,696.08000,696.79000
1526399576,715.19000,715.20000
1526205970,694.96000,696.79000
1526205971,694.96000,696.79000
1526205972,694.96000,696.70000
1526337047,723.69000,723.97000
1526205978,694.96000,696.30000
1526337053,723.69000,723.96000
1526205983,695.00000,696.29000
1526337056,723.69000,723.80000
1526337058,723.69000,723.95000
1526337059,723.69000,723.80000
1526205988,694.96000,696.29000
1526396397,711.13000,712.25000
1526337062,723.00000,723.49000
1526205992,695.00000,696.30000
1526205993,695.01000,696.65000
1526205995,694.41000,696.29000
1526205997,694.42000,696.29000
1526205998,694.42000,696.00000
1526399581,714.03000,715.31000
1526206000,694.42000,695.99000
1526377736,729.96000,731.15000
1526206002,694.80000,695.99000
1526206004,694.80000,696.00000
1526206007,694.81000,696.00000
1526206008,694.81000,695.80000
1526206009,694.30000,695.80000
1526206011,694.31000,695.80000
1526206012,694.80000,695.80000
1526206013,694.80000,696.00000
1526206014,694.80000,695.79000
1526337087,723.00000,723.40000
1526206018,694.41000,695.79000
1526206019,694.33000,695.79000
1526206020,694.42000,695.79000
1526206022,694.70000,695.79000
1526337095,723.00000,723.49000
1526337096,723.00000,723.48000
1526337097,723.00000,723.49000
1526337099,723.00000,723.40000
1526206028,694.42000,695.79000
1526337101,723.00000,723.47000
1526206030,694.16000,695.70000
1526206031,694.17000,695.70000
1526206032,694.43000,695.70000
1526206033,694.17000,695.70000
1526337106,723.00000,723.39000
1526206035,694.17000,695.79000
1526206036,694.17000,695.78000
1526206039,694.30000,695.78000
1526337112,723.00000,723.46000
1526337113,723.00000,723.47000
1526337114,723.00000,723.38000
1526206043,694.10000,695.78000
1526206044,694.10000,695.77000
1526337117,723.01000,723.20000
1526206046,694.11000,695.76000
1526206047,694.10000,695.76000
1526206048,694.11000,695.76000
1526206049,694.11000,695.76000
1526206050,694.11000,695.74000
1526206052,694.11000,695.40000
1526337126,723.01000,723.47000
1526206055,693.71000,695.38000
1526206056,693.82000,695.38000
1526337129,723.00000,723.40000
1526206058,694.20000,695.37000
1526337132,723.00000,723.46000
1526206061,694.20000,695.36000
1526337134,723.00000,723.40000
1526290365,707.20000,707.82000
1526206064,693.72000,695.36000
1526206065,693.73000,695.36000
1526337138,723.00000,723.39000
1526206067,693.90000,695.36000
1526337141,723.00000,723.39000
1526206072,693.90000,694.70000
1526206073,693.72000,694.70000
1526337147,723.00000,723.37000
1526206078,693.71000,694.69000
1526206079,693.71000,694.60000
1526337153,723.00000,723.20000
1526206082,693.55000,694.60000
1526337155,723.00000,723.19000
1526206085,693.55000,694.69000
1526206087,693.55000,694.60000
1526337160,723.00000,723.17000
1526337162,723.00000,723.16000
1526337163,723.00000,723.15000
1526337164,723.00000,723.14000
1526337166,723.00000,723.13000
1526399597,714.20000,715.29000
1526337169,723.00000,723.12000
1526337170,722.56000,723.00000
1526337172,722.20000,722.56000
1526206101,693.30000,693.55000
1526337174,721.04000,721.19000
1526206103,692.96000,693.55000
1526337176,721.00000,721.04000
1526206105,693.30000,693.55000
1526337178,720.20000,721.00000
1526337179,720.23000,721.00000
1526206108,692.97000,693.55000
1526337181,719.50000,721.03000
1526206110,693.31000,693.55000
1526337183,720.60000,721.03000
1526399600,715.23000,715.29000
1526337186,719.50000,721.03000
1526206115,693.40000,693.55000
1526337188,720.30000,720.99000
1526337191,719.52000,720.99000
1526206120,693.55000,694.57000
1526337194,719.80000,720.99000
1526337195,719.80000,720.98000
1526337196,719.80000,720.97000
1526337197,719.49000,720.97000
1526337199,720.27000,720.97000
1526337200,720.98000,721.04000
1526337201,720.98000,721.12000
1526337202,722.21000,722.45000
1526399603,715.41000,715.82000
1526337206,722.21000,722.44000
1526399604,715.41000,715.90000
1526254208,732.45000,733.60000
1526337212,722.20000,722.44000
1526337213,722.21000,722.44000
1526337214,721.78000,722.44000
1526337215,721.78000,722.20000
1526337216,721.79000,722.20000
1526206145,693.38000,693.42000
1526337219,721.79000,722.19000
1526337221,721.86000,722.19000
1526337222,721.86000,722.18000
1526206151,693.39000,693.42000
1526206153,693.39000,694.00000
1526206154,693.40000,694.00000
1526337227,722.00000,722.17000
1526337228,722.00000,722.16000
1526337230,722.00000,722.10000
1526337232,722.00000,722.16000
1526203000,681.26000,681.39000
1526206162,693.50000,694.00000
1526337235,720.80000,722.00000
1526337237,720.81000,721.99000
1526206166,693.50000,694.57000
1526206167,693.51000,695.34000
1526337241,720.80000,721.98000
1526206170,693.51000,694.60000
1526337244,721.00000,721.97000
1526206174,693.51000,694.59000
1526337248,721.00000,721.96000
1526206178,693.51000,695.33000
1526337251,721.01000,721.96000
1526337252,721.01000,721.95000
1526206182,693.52000,694.58000
1526206185,693.52000,694.57000
1526206186,693.52000,695.33000
1526206188,693.52000,695.32000
1526206190,693.52000,694.70000
1526334077,737.43000,738.68000
1526206194,693.54000,694.70000
1526206195,693.54000,695.32000
1526337268,721.00000,721.92000
1526206197,693.54000,695.31000
1526337270,721.00000,721.91000
1526206199,693.54000,694.80000
1526337272,721.00000,721.90000
1526206205,693.55000,694.80000
1526337280,721.00000,721.89000
1526206209,693.60000,694.80000
1526206210,693.60000,695.34000
1526206211,694.00000,695.34000
1526206214,694.00000,694.90000
1526399617,715.01000,715.90000
1526337290,721.01000,721.77000
1526206219,694.30000,694.90000
1526206220,694.30000,695.34000
1526337293,721.03000,721.77000
1526337294,721.03000,721.76000
1526206225,694.31000,695.30000
1526334083,737.43000,738.60000
1526337300,721.03000,721.74000
1526337301,721.10000,721.74000
1526206230,694.31000,695.34000
1526206232,694.31000,695.29000
1526206233,694.32000,695.30000
1526337306,721.30000,721.74000
1526337308,721.11000,721.89000
1526206237,694.31000,695.30000
1526334085,737.44000,738.60000
1526233594,722.82000,723.97000
1526206242,694.02000,695.34000
1526206243,694.01000,695.34000
1526206244,694.31000,695.34000
1526337318,721.36000,721.89000
1526337322,721.40000,721.88000
1526337324,721.04000,721.87000
1526337329,721.05000,721.87000
1526206258,694.33000,695.34000
1526337334,721.04000,721.87000
1526334089,737.45000,738.60000
1526206266,694.32000,695.34000
1526337339,721.04000,721.86000
1526206268,694.33000,695.34000
1526337341,721.01000,721.86000
1526206270,694.33000,696.47000
1526206271,694.33000,696.46000
1526206272,694.34000,696.46000
1526206274,694.35000,695.70000
1526337349,721.02000,721.86000
1526337350,721.03000,721.86000
1526206280,694.36000,696.46000
1526337353,721.03000,721.88000
1526206282,694.36000,695.70000
1526206283,694.37000,695.70000
1526337356,721.88000,721.96000
1526206288,694.38000,695.70000
1526206289,694.38000,696.45000
1526206291,694.39000,695.70000
1526337365,721.86000,721.96000
1526206295,694.40000,695.70000
1526206298,694.41000,695.70000
1526251054,734.80000,734.89000
1526206301,694.42000,695.60000
1526337375,721.03000,721.86000
1526337376,721.03000,722.16000
1526337377,721.03000,722.49000
1526337378,721.03000,722.15000
1526206307,694.42000,696.46000
1526206308,694.43000,696.46000
1526206311,694.44000,696.46000
1526337384,721.03000,722.89000
1526206313,694.44000,695.90000
1526206314,694.45000,695.90000
1526399634,714.87000,715.30000
1526337390,721.90000,722.90000
1526337391,721.04000,722.90000
1526206320,694.46000,695.80000
1526337393,721.05000,722.62000
1526337394,721.05000,722.40000
1526337395,721.05000,722.39000
1526206324,694.46000,695.87000
1526206325,694.46000,695.80000
1526337399,721.08000,722.39000
1526206328,694.46000,695.70000
1526206329,694.47000,695.70000
1526337404,721.05000,721.08000
1526206333,694.50000,695.70000
1526206334,694.50000,695.88000
1526399637,714.87000,715.58000
1526337408,721.06000,722.39000
1526206338,694.50000,695.70000
1526206339,694.47000,695.70000
1526206340,694.46000,695.70000
1526337414,721.07000,722.38000
1526206343,694.46000,695.70000
1526246691,734.51000,735.89000
1526206347,694.46000,695.60000
1526206350,694.46000,695.59000
1526337425,721.07000,722.37000
1526206355,694.47000,695.59000
1526337429,721.08000,722.37000
1526337430,721.08000,722.36000
1526399641,714.88000,715.56000
1526337437,721.08000,722.35000
1526337447,721.08000,722.34000
1526206376,694.47000,695.58000
1526337449,721.08000,722.33000
1526337453,721.08000,722.32000
1526399645,714.04000,715.50000
1526206384,694.46000,695.58000
1526337458,721.08000,722.31000
1526206387,694.46000,695.57000
1526337462,721.08000,722.30000
1526337465,721.09000,722.30000
1526337467,721.09000,722.29000
1526206398,694.46000,695.50000
1526337471,721.09000,722.28000
1526399648,714.05000,715.40000
1526337474,721.13000,722.28000
1526206403,694.47000,695.57000
1526337477,721.13000,722.27000
1526337478,722.00000,722.27000
1526206408,694.47000,695.50000
1526337482,722.01000,722.27000
1526337483,722.00000,722.28000
1526206412,694.47000,695.57000
1526337485,722.00000,722.27000
1526206416,694.47000,695.50000
1526206422,694.47000,695.57000
1526206424,694.48000,695.57000
1526206425,694.48000,695.50000
1526206428,694.49000,695.50000
1526337501,722.00000,722.26000
1526206431,694.50000,695.57000
1526337505,722.00000,722.25000
1526206434,694.49000,695.50000
1526206436,694.50000,695.50000
1526399654,714.07000,715.40000
1526337510,722.00000,722.26000
1526206440,694.50000,695.57000
1526206443,694.50000,695.50000
1526206444,694.51000,695.50000
1526337518,722.00000,722.25000
1526206447,694.51000,695.00000
1526206448,694.52000,694.80000
1526337523,721.15000,722.00000
1526337525,721.15000,722.20000
1526206455,694.53000,694.80000
1526337528,721.15000,722.25000
1526337533,721.15000,722.20000
1526377813,729.63000,730.59000
1526337536,721.15000,722.19000
1526337537,721.15000,722.18000
1526399659,714.30000,715.48000
1526337541,721.15000,722.10000
1526206470,694.55000,694.80000
1526206473,694.56000,694.80000
1526337548,721.15000,722.16000
1526337550,721.15000,722.10000
1526206479,694.56000,695.00000
1526206480,694.57000,695.00000
1526206481,694.57000,694.80000
1526337555,721.15000,722.09000
1526206485,694.58000,694.80000
1526206487,694.80000,695.00000
1526206489,695.00000,695.50000
1526337562,721.15000,721.77000
1526206491,694.81000,695.50000
1526206493,694.81000,695.49000
1526206494,694.82000,694.99000
1526337567,721.14000,721.15000
1526206497,694.81000,694.82000
1526206499,694.81000,694.99000
1526206501,694.48000,694.81000
1526206504,694.99000,695.49000
1526206506,694.02000,695.50000
1526206507,694.02000,695.49000
1526206508,694.03000,695.48000
1526399666,714.80000,715.91000
1526206510,694.16000,694.80000
1526206511,694.17000,694.80000
1526337584,721.00000,721.14000
1526206515,694.01000,694.80000
1526206517,694.01000,695.48000
1526206518,694.17000,695.48000
1526206520,694.17000,694.80000
1526206524,694.18000,694.80000
1526206525,694.18000,694.79000
1526206529,694.19000,694.79000
1526337602,721.00000,721.15000
1526206531,694.19000,695.49000
1526337604,721.00000,721.73000
1526337605,721.00000,721.14000
1526206534,694.19000,695.48000
1526337607,721.00000,721.71000
1526337608,721.00000,721.20000
1526337609,721.01000,721.20000
1526206538,694.01000,695.47000
1526206540,694.01000,695.46000
1526206541,694.20000,695.40000
1526337614,721.02000,721.59000
1526206543,694.02000,695.40000
1526206544,694.21000,695.40000
1526334136,737.43000,738.00000
1526206546,694.02000,695.40000
1526408185,710.79000,711.64000
1526206548,694.06000,695.40000
1526203065,678.60000,679.91000
1526206552,694.06000,695.40000
1526337625,721.00000,721.57000
1526337626,721.00000,721.50000
1526206555,694.16000,695.40000
1526337629,721.00000,721.57000
1526337630,721.00000,721.49000
1526337634,721.01000,721.49000
1526337636,721.01000,721.57000
1526206565,694.06000,695.40000
1526337639,721.01000,721.56000
1526206568,694.01000,695.39000
1526206570,694.01000,695.30000
1526206571,694.06000,695.30000
1526337645,721.01000,721.55000
1526337647,721.01000,721.56000
1526206576,694.06000,695.39000
1526337649,721.01000,721.99000
1526337651,721.10000,721.99000
1526337652,721.10000,722.08000
1526334142,737.44000,737.98000
1526337654,721.55000,722.33000
1526206583,694.01000,695.38000
1526337656,721.55000,721.59000
1526399679,715.50000,716.59000
1526337660,721.55000,722.72000
1526337661,721.56000,722.92000
1526337662,722.20000,722.54000
1526337664,722.20000,722.91000
1526334144,737.44000,738.00000
1526337668,722.20000,722.92000
1526206597,694.01000,695.37000
1526206598,694.02000,695.37000
1526337671,722.30000,723.38000
1526337672,722.50000,723.39000
1526399682,715.36000,716.58000
1526337679,722.51000,723.39000
1526206608,694.05000,695.37000
1526337681,722.60000,723.39000
1526337682,722.60000,723.38000
1526337684,722.51000,723.38000
1526246766,735.00000,735.98000
1526337686,722.20000,723.38000
1526206617,694.05000,695.35000
1526337690,722.98000,723.20000
1526206619,694.05000,695.30000
1526337693,721.80000,722.11000
1526337694,721.67000,722.53000
1526206623,694.06000,695.30000
1526337696,720.00000,722.52000
1526206625,694.07000,695.30000
1526337698,720.86000,721.73000
1526337699,720.86000,721.72000
1526206628,694.07000,695.29000
1526206629,694.08000,695.29000
1526337702,720.86000,721.70000
1526206631,693.21000,695.29000
1526206632,693.21000,695.28000
1526206633,694.09000,695.28000
1526206634,694.09000,695.27000
1526337707,720.01000,720.86000
1526337708,720.01000,721.60000
1526337709,720.01000,721.67000
1526337710,720.01000,721.59000
1526206639,694.09000,695.10000
1526337712,720.01000,721.30000
1526334152,737.44000,737.99000
1526337714,720.00000,721.30000
1526337715,720.00000,721.58000
1526206644,694.09000,695.09000
1526337718,720.10000,721.29000
1526337719,720.00000,721.28000
1526206648,694.09000,695.00000
1526337722,720.01000,721.20000
1526206652,694.09000,694.99000
1526337725,720.01000,721.53000
1526337726,720.01000,721.27000
1526337728,720.10000,721.27000
1526206657,694.12000,694.99000
1526206658,694.12000,694.98000
1526337732,720.00000,721.20000
1526206662,694.09000,694.98000
1526337735,720.00000,721.19000
1526337740,720.00000,721.18000
1526337743,720.00000,721.17000
1526337744,720.10000,721.17000
1526337746,720.00000,721.17000
1526337747,720.10000,721.16000
1526206676,694.09000,694.95000
1526399694,715.42000,716.58000
1526337752,720.10000,721.15000
1526206681,694.09000,694.94000
1526206682,694.09000,694.93000
1526337755,720.00000,721.14000
1526337757,720.00000,721.13000
1526337758,720.11000,721.13000
1526337759,720.11000,721.12000
1526399696,715.42000,716.57000
1526337763,720.11000,721.11000
1526337766,720.11000,721.10000
1526337771,720.11000,721.09000
1526206702,693.71000,694.92000
1526337776,720.11000,721.08000
1526206705,693.71000,694.91000
1526206707,693.73000,694.91000
1526337780,720.11000,721.07000
1526337784,720.11000,721.06000
1526334164,737.44000,737.98000
1526337786,720.11000,721.07000
1526337787,720.11000,721.08000
1526206716,693.73000,694.90000
1526206717,692.70000,694.90000
1526206718,693.74000,694.90000
1526337791,720.12000,721.06000
1526206720,693.63000,694.90000
1526206721,693.75000,694.90000
1526206722,693.75000,694.89000
1526399702,715.46000,716.55000
1526206729,693.75000,694.89000
1526334167,737.44000,737.97000
1526337804,720.12000,721.05000
1526206733,693.75000,694.88000
1526206735,693.74000,694.87000
1526206736,693.75000,694.87000
1526206737,693.75000,694.86000
1526337814,720.00000,721.05000
1526337815,720.00000,721.04000
1526337817,720.10000,721.04000
1526206746,693.75000,694.85000
1526337820,720.00000,721.03000
1526337826,720.10000,721.03000
1526334171,737.44000,737.99000
1526337828,720.00000,721.00000
1526337829,720.00000,720.99000
1526206760,693.77000,694.84000
1526337833,720.01000,720.96000
1526337834,720.10000,720.96000
1526206764,693.77000,694.83000
1526337838,720.01000,721.02000
1526206770,693.77000,694.82000
1526334174,737.44000,737.97000
1526206778,693.77000,694.81000
1526206781,693.74000,694.81000
1526206783,693.74000,694.80000
1526206784,693.75000,694.80000
1526206785,693.79000,694.80000
1526337862,720.11000,720.99000
1526206791,693.80000,694.79000
1526337865,720.30000,720.99000
1526206794,693.81000,694.79000
1526206796,693.81000,694.78000
1526337869,720.02000,720.99000
1526337871,720.40000,720.99000
1526206800,693.77000,694.78000
1526206801,693.76000,694.78000
1526206802,693.82000,694.78000
1526206806,693.74000,694.78000
1526206807,693.83000,694.78000
1526337882,720.26000,720.99000
1526206811,693.78000,694.77000
1526206812,693.84000,694.77000
1526206813,693.75000,694.77000
1526206817,693.76000,694.77000
1526337890,720.30000,720.64000
1526337891,720.30000,721.00000
1526206820,693.76000,694.76000
1526337894,720.34000,721.00000
1526206823,693.77000,694.76000
1526206824,693.77000,694.75000
1526337900,721.03000,721.10000
1526337901,720.50000,721.10000
1526337903,720.47000,721.10000
1526206833,693.78000,694.74000
1526337906,720.48000,721.10000
1526337908,720.48000,721.17000
1526337909,720.50000,721.19000
1526337910,720.48000,721.19000
1526206839,693.80000,694.73000
1526337912,720.80000,721.25000
1526337915,721.29000,721.69000
1526337916,720.81000,721.69000
1526337917,720.90000,721.69000
1526206846,693.81000,694.73000
1526337920,720.81000,721.69000
1526337922,720.93000,721.69000
1526206853,693.81000,694.74000
1526206854,693.82000,694.72000
1526337928,721.00000,721.69000
1526337929,720.94000,721.69000
1526206860,693.81000,694.72000
1526206861,693.83000,694.71000
1526206863,693.83000,694.70000
1526337936,720.98000,721.69000
1526206865,693.79000,694.70000
1526337939,721.00000,721.69000
1526206868,693.80000,694.70000
1526206869,693.80000,694.69000
1526206870,693.80000,694.68000
1526206871,693.81000,694.68000
1526206872,693.82000,694.68000
1526337949,721.10000,721.69000
1526337952,721.02000,721.69000
1526399728,715.39000,716.30000
1526337954,721.11000,721.69000
1526206883,693.83000,694.00000
1526206887,693.84000,694.00000
1526353631,720.11000,720.40000
1526337963,721.14000,721.69000
1526337964,721.15000,721.69000
1526206894,693.79000,694.00000
1526337970,721.20000,721.69000
1526337973,721.18000,721.69000
1526337974,721.19000,721.69000
1526337977,721.20000,721.69000
1526331897,738.14000,739.63000
1526337979,721.22000,721.69000
1526337981,721.23000,721.69000
1526337984,721.23000,722.32000
1526337985,721.24000,722.32000
1526337992,721.30000,722.32000
1526337994,721.31000,722.32000
1526399735,715.39000,716.33000
1526206924,693.80000,694.00000
1526337998,721.90000,722.56000
1526338000,721.91000,722.56000
1526206932,693.81000,694.00000
1526206933,693.82000,694.00000
1526338006,721.92000,722.61000
1526338009,722.00000,722.61000
1526338011,722.40000,723.02000
1526399738,715.39000,716.20000
1526338014,722.40000,723.09000
1526206943,693.83000,694.00000
1526338016,722.41000,723.09000
1526338017,722.70000,723.20000
1526206947,693.84000,693.99000
1526338020,722.43000,723.20000
1526338022,722.44000,723.20000
1526206951,693.85000,693.99000
1526206952,693.86000,693.99000
1526399740,715.39000,716.32000
1526206955,693.86000,694.00000
1526206956,693.87000,694.00000
1526206957,693.87000,693.99000
1526338031,723.60000,723.76000
1526338033,723.51000,723.81000
1526206962,693.88000,693.99000
1526206963,693.88000,693.98000
1526338037,723.50000,723.81000
1526338038,723.53000,723.81000
1526338040,723.53000,723.80000
1526206970,693.89000,693.98000
1526206972,693.89000,693.97000
1526338046,723.25000,723.65000
1526399744,715.39000,716.31000
1526338050,723.25000,723.60000
1526206981,693.90000,693.97000
1526338054,723.25000,723.59000
1526338056,723.25000,723.33000
1526206986,693.91000,693.97000
1526338059,722.16000,723.32000
1526399746,715.39000,716.30000
1526206994,693.92000,693.97000
1526338068,722.16000,723.31000
1526196510,682.61000,683.49000
1526338071,722.16000,723.30000
1526207000,693.93000,693.97000
1526338075,722.16000,723.29000
1526207004,693.94000,693.97000
1526338078,722.17000,723.28000
1526338079,724.00000,724.05000
1526207010,693.95000,693.97000
1526338085,724.00000,724.04000
1526338089,724.00000,724.03000
1526338090,722.38000,724.00000
1526338093,722.38000,723.99000
1526338094,722.90000,723.99000
1526338097,722.34000,723.98000
1526338098,722.39000,723.98000
1526338100,722.40000,723.98000
1526338101,722.60000,723.97000
1526207031,693.96000,693.97000
1526338104,722.48000,723.97000
1526338106,722.48000,723.99000
1526338107,722.90000,723.96000
1526207036,693.95000,693.97000
1526338109,722.91000,723.96000
1526338110,722.91000,723.95000
1526207039,693.96000,693.97000
1526207040,693.96000,694.94000
1526338114,722.92000,723.95000
1526207043,694.40000,694.94000
1526338116,723.10000,723.95000
1526338119,723.00000,723.95000
1526207048,694.30000,694.94000
1526207049,694.41000,694.94000
1526338122,723.10000,723.94000
1526207051,694.42000,694.94000
1526338125,723.10000,723.93000
1526207055,694.43000,694.94000
1526338128,723.20000,723.93000
1526207058,694.50000,694.94000
1526338134,723.10000,723.92000
1526207063,694.51000,694.94000
1526207065,694.52000,694.94000
1526338138,723.10000,723.90000
1526338140,723.10000,723.89000
1526207069,694.53000,694.94000
1526207076,694.60000,694.94000
1526338149,723.10000,723.88000
1526207081,694.61000,694.94000
1526338156,723.11000,723.87000
1526207085,694.62000,694.94000
1526207092,694.63000,694.94000
1526207095,694.63000,695.57000
1526338168,723.10000,723.86000
1526207097,694.64000,695.57000
1526207102,694.65000,695.57000
1526207106,694.65000,695.56000
1526207107,694.66000,695.56000
1526207110,694.67000,695.56000
1526207114,694.67000,695.55000
1526207116,694.68000,695.54000
1526207121,694.69000,695.54000
1526338195,723.10000,723.84000
1526207126,694.70000,695.54000
1526207127,694.70000,695.53000
1526377924,729.14000,729.89000
1526338202,723.10000,723.83000
1526338203,723.10000,724.00000
1526338204,723.10000,723.65000
1526207133,694.71000,695.53000
1526207135,694.71000,695.52000
1526207136,694.71000,695.57000
1526207137,694.72000,695.57000
1526338210,723.10000,723.30000
1526207140,694.73000,695.57000
1526338213,723.10000,723.63000
1526338214,723.10000,723.30000
1526207143,694.73000,695.56000
1526207144,694.74000,695.56000
1526338217,723.20000,723.29000
1526207147,694.75000,695.56000
1526338220,722.63000,722.90000
1526207149,694.76000,695.56000
1526207153,694.77000,695.55000
1526364560,735.11000,736.20000
1526338227,722.02000,722.90000
1526338228,722.02000,722.89000
1526338229,722.02000,722.79000
1526207158,694.78000,695.57000
1526200788,681.86000,682.46000
1526207162,694.79000,695.57000
1526207166,694.80000,695.57000
1526207167,694.80000,695.56000
1526207169,694.81000,695.56000
1526207171,694.81000,695.55000
1526207172,694.82000,695.55000
1526207174,694.83000,695.55000
1526338247,722.02000,722.83000
1526207176,694.84000,695.54000
1526338249,722.02000,722.81000
1526338251,722.02000,722.80000
1526207181,694.85000,695.54000
1526338255,722.02000,722.79000
1526207184,694.85000,695.53000
1526207186,694.86000,695.53000
1526338259,722.03000,722.88000
1526338260,722.03000,722.78000
1526207189,694.87000,695.53000
1526207199,694.87000,695.52000
1526207201,694.87000,695.51000
1526338275,722.03000,722.89000
1526338276,722.03000,723.00000
1526207206,694.87000,695.50000
1526207207,694.88000,695.50000
1526207208,694.88000,695.49000
1526338283,722.03000,723.00000
1526207212,694.88000,695.51000
1526207213,694.89000,695.51000
1526338286,721.31000,722.00000
1526207216,694.89000,695.48000
1526338290,722.01000,723.00000
1526338291,721.32000,722.99000
1526338293,721.33000,722.99000
1526338294,722.30000,723.00000
1526338296,721.93000,723.00000
1526338297,721.93000,723.90000
1526338298,722.31000,723.90000
1526338299,722.31000,723.04000
1526207228,694.91000,695.48000
1526338302,722.32000,723.04000
1526377941,729.20000,729.89000
1526338304,722.32000,723.94000
1526338307,722.60000,723.94000
1526338308,723.07000,723.98000
1526338310,723.95000,723.98000
1526338311,723.38000,723.98000
1526338312,723.39000,724.00000
1526207241,694.92000,695.46000
1526207243,694.92000,695.45000
1526364563,735.11000,736.19000
1526207246,694.93000,695.45000
1526338320,723.40000,724.00000
1526207249,694.93000,695.44000
1526338322,723.39000,724.00000
1526338324,723.41000,724.00000
1526207254,694.93000,695.40000
1526338329,723.41000,723.99000
1526338330,723.39000,724.00000
1526338331,723.40000,724.00000
1526207260,694.93000,695.40000
1526338333,723.39000,723.98000
1526207262,694.93000,695.39000
1526338336,723.40000,723.99000
1526338338,722.47000,723.99000
1526338339,722.55000,723.99000
1526356102,725.91000,727.01000
1526338342,722.70000,723.99000
1526338344,722.55000,723.99000
1526338345,722.55000,723.70000
1526338348,722.40000,723.70000
1526338351,722.40000,723.69000
1526207280,694.94000,695.39000
1526338353,722.40000,723.68000
1526338354,722.40000,723.28000
1526207283,694.95000,695.39000
1526338358,722.00000,723.28000
1526338359,722.00000,723.27000
1526338360,722.00000,723.26000
1526207289,694.96000,695.38000
1526338364,722.00000,723.00000
1526207294,694.97000,695.38000
1526399797,715.43000,716.30000
1526207297,694.97000,695.37000
1526207299,694.97000,695.36000
1526338373,722.00000,722.90000
1526207304,694.97000,695.35000
1526338377,722.00000,722.89000
1526377954,729.22000,729.89000
1526207310,694.98000,695.35000
1526338384,722.00000,722.88000
1526338385,720.88000,722.88000
1526207315,694.99000,695.34000
1526338389,720.82000,722.87000
1526338390,720.88000,722.87000
1526338391,721.10000,722.87000
1526338393,720.89000,722.87000
1526338394,720.89000,722.83000
1526207323,695.00000,695.34000
1526338396,720.89000,722.30000
1526207325,695.00000,695.35000
1526338398,720.92000,722.30000
1526207327,695.01000,695.35000
1526338401,720.92000,722.79000
1526338402,720.92000,722.30000
1526338403,720.93000,722.30000
1526338405,720.93000,722.79000
1526338407,720.94000,722.79000
1526338408,721.04000,722.78000
1526207337,695.01000,695.30000
1526207339,695.02000,695.30000
1526207340,695.02000,695.29000
1526338413,721.04000,722.77000
1526338414,721.10000,722.77000
1526338417,720.94000,722.76000
1526207346,695.03000,695.29000
1526207347,695.03000,695.35000
1526338421,721.05000,722.73000
1526207350,695.03000,695.28000
1526338425,721.10000,722.72000
1526207354,695.04000,695.35000
1526338428,720.94000,722.72000
1526207357,695.04000,695.34000
1526338430,720.94000,722.71000
1526338433,721.10000,722.70000
1526207362,695.05000,695.34000
1526338436,720.94000,722.70000
1526338437,720.94000,722.66000
1526338441,721.10000,722.66000
1526338444,720.93000,722.66000
1526399810,715.43000,716.29000
1526338446,721.10000,722.66000
1526338447,720.93000,722.65000
1526338450,721.00000,722.65000
1526338452,721.00000,722.64000
1526338453,720.93000,722.64000
1526338455,720.93000,722.40000
1526207386,695.05000,695.64000
1526207387,695.05000,695.33000
1526338460,721.00000,722.40000
1526338463,720.93000,722.39000
1526207392,695.05000,695.32000
1526338466,721.00000,722.39000
1526338468,720.93000,722.38000
1526207397,695.05000,695.31000
1526207399,695.05000,695.30000
1526338472,720.93000,722.38000
1526338473,720.93000,722.35000
1526338474,720.94000,722.35000
1526207403,695.05000,695.29000
1526338478,720.94000,721.64000
1526207407,695.05000,695.28000
1526207408,693.50000,695.28000
1526399816,715.43000,716.27000
1526207411,693.51000,695.28000
1526207412,694.10000,695.27000
1526338485,720.94000,722.33000
1526207415,693.80000,695.27000
1526207416,693.47000,695.27000
1526207418,693.52000,695.26000
1526207419,693.48000,695.00000
1526207421,693.49000,695.00000
1526338494,720.94000,721.26000
1526207423,693.49000,694.99000
1526207424,693.60000,694.99000
1526207427,693.50000,694.98000
1526207428,693.49000,694.80000
1526207429,693.50000,694.80000
1526207432,693.50000,694.99000
1526207435,693.50000,694.79000
1526207437,693.51000,694.79000
1526338510,720.94000,722.34000
1526338511,720.95000,722.34000
1526207440,693.52000,694.78000
1526207441,693.53000,694.78000
1526356131,725.94000,726.90000
1526207444,693.54000,694.78000
1526334286,736.97000,737.89000
1526207447,693.60000,694.78000
1526338520,720.95000,722.33000
1526338522,720.95000,722.32000
1526207451,693.61000,694.78000
1526207455,693.62000,694.78000
1526207457,693.62000,695.64000
1526207458,693.63000,694.78000
1526207459,693.63000,694.77000
1526338535,720.95000,722.31000
1526207464,693.64000,694.76000
1526207467,693.64000,694.78000
1526338540,721.00000,722.31000
1526207469,693.70000,694.78000
1526207470,693.70000,694.70000
1526338544,720.95000,722.30000
1526207473,693.71000,694.70000
1526338546,720.95000,722.00000
1526207475,693.71000,694.78000
1526207476,693.72000,694.78000
1526338551,720.95000,722.00000
1526203220,678.90000,679.59000
1526207482,693.80000,694.78000
1526207483,693.81000,694.78000
1526207484,693.81000,695.60000
1526207486,693.81000,695.59000
1526338559,720.95000,721.99000
1526207488,693.82000,695.10000
1526338563,720.95000,722.00000
1526207492,693.82000,695.09000
1526338565,721.00000,722.00000
1526338567,720.95000,722.00000
1526207497,693.83000,695.09000
1526207498,693.83000,695.08000
1526399831,714.90000,716.22000
1526338573,721.00000,722.00000
1526207504,693.84000,695.08000
1526338577,720.95000,721.98000
1526207508,693.84000,695.07000
1526207510,693.84000,695.06000
1526338584,720.95000,721.97000
1526207517,693.84000,695.59000
1526207518,693.85000,695.20000
1526207519,693.85000,695.06000
1526338592,720.73000,721.96000
1526338594,720.73000,721.97000
1526338595,721.01000,721.97000
1526207524,693.90000,695.06000
1526207526,693.90000,695.05000
1526207527,693.90000,695.04000
1526207528,693.91000,695.04000
1526207532,693.91000,695.03000
1526207535,693.91000,695.00000
1526207537,693.92000,695.00000
1526207538,693.92000,694.99000
1526207541,693.92000,694.98000
1526207542,693.93000,694.98000
1526207544,693.93000,694.97000
1526338617,721.02000,721.97000
1526338618,721.10000,721.97000
1526207547,693.94000,694.96000
1526207552,693.94000,694.90000
1526338627,721.11000,721.97000
1526338628,721.42000,721.97000
1526207557,693.94000,694.96000
1526207558,693.95000,694.89000
1526207560,693.96000,694.88000
1526338635,721.44000,722.00000
1526207566,693.96000,694.87000
1526207567,693.69000,694.87000
1526338640,721.62000,722.00000
1526207569,693.69000,694.80000
1526338644,721.64000,722.00000
1526207573,693.69000,694.79000
1526338647,721.62000,722.00000
1526338648,721.73000,722.00000
1526338655,722.00000,722.57000
1526207584,693.69000,694.78000
1526338657,721.73000,722.57000
1526338658,721.64000,722.57000
1526338659,721.65000,722.57000
1526338660,721.66000,722.57000
1526338661,721.67000,722.57000
1526207590,693.69000,694.77000
1526207593,693.70000,694.77000
1526221828,708.55000,708.99000
1526399847,714.34000,715.70000
1526338669,721.73000,722.57000
1526225085,715.00000,716.29000
1526207604,693.69000,694.78000
1526207605,693.71000,694.58000
1526207606,693.71000,694.20000
1526207608,693.71000,694.19000
1526338687,721.73000,722.56000
1526338689,721.65000,722.56000
1526207618,693.69000,694.19000
1526207619,693.69000,694.16000
1526207620,693.15000,694.16000
1526207621,693.15000,693.69000
1526207623,693.16000,693.69000
1526338696,721.63000,722.50000
1526207625,693.16000,694.00000
1526338698,721.63000,722.49000
1526207627,693.17000,693.90000
1526207630,693.18000,693.90000
1526338703,721.63000,722.50000
1526207632,693.18000,694.17000
1526207633,693.19000,694.15000
1526207634,693.19000,693.89000
1526338710,721.63000,722.50000
1526207639,693.19000,693.80000
1526338713,721.63000,722.54000
1526338714,721.63000,722.50000
1526207644,693.19000,693.80000
1526338717,721.63000,722.55000
1526207648,693.19000,693.79000
1526207653,693.20000,693.79000
1526207656,693.19000,693.20000
1526378012,729.60000,731.07000
1526338731,721.63000,722.55000
1526207660,693.21000,693.70000
1526207661,693.21000,694.15000
1526338734,721.63000,722.50000
1526207663,692.64000,693.21000
1526207664,692.64000,693.60000
1526207665,692.65000,693.60000
1526338738,721.63000,722.54000
1526338740,721.63000,722.20000
1526207669,692.45000,694.15000
1526338742,721.63000,722.50000
1526207671,692.62000,694.15000
1526207672,692.63000,694.15000
1526334324,737.02000,737.86000
1526207674,692.63000,693.80000
1526207675,692.62000,693.80000
1526207676,692.64000,693.80000
1526338749,720.56000,721.38000
1526338750,720.56000,721.28000
1526207679,692.64000,693.79000
1526338752,720.00000,720.90000
1526338753,720.00000,720.56000
1526207682,692.65000,693.79000
1526338755,719.83000,720.98000
1526207684,692.64000,693.79000
1526207687,692.66000,693.79000
1526338761,719.20000,720.10000
1526207690,692.66000,694.13000
1526207691,692.66000,693.78000
1526338765,719.21000,720.44000
1526207694,692.67000,693.78000
1526338768,719.21000,720.43000
1526338769,719.21000,720.10000
1526338771,719.21000,720.41000
1526207700,692.68000,693.78000
1526207701,692.68000,693.77000
1526338776,719.00000,720.10000
1526207706,692.68000,693.76000
1526338779,719.00000,720.27000
1526338780,719.00000,720.26000
1526207709,692.68000,693.70000
1526338784,719.00000,719.84000
1526207713,692.31000,693.69000
1526338786,719.00000,719.60000
1526207715,692.31000,693.47000
1526338789,718.50000,718.99000
1526207718,692.31000,693.40000
1526338791,718.50000,718.90000
1526338793,718.00000,718.89000
1526207722,692.31000,693.20000
1526207724,692.05000,693.20000
1526207725,692.05000,693.10000
1526338799,718.00000,718.87000
1526338800,718.00000,718.86000
1526378024,729.38000,731.06000
1526207731,692.05000,693.09000
1526399870,714.40000,715.72000
1526338806,718.00000,718.85000
1526207735,692.05000,692.91000
1526338808,718.00000,718.84000
1526207738,692.05000,692.90000
1526338811,718.00000,718.83000
1526338812,718.00000,718.80000
1526207742,692.00000,692.05000
1526338816,716.31000,718.79000
1526207745,692.00000,692.79000
1526338819,716.65000,718.66000
1526338821,716.80000,718.65000
1526338822,718.54000,718.65000
1526399873,714.35000,715.72000
1526338824,718.53000,718.78000
1526207753,691.06000,692.78000
1526207755,691.07000,692.78000
1526338828,718.86000,718.89000
1526207757,691.30000,692.78000
1526338830,718.89000,718.99000
1526338831,718.54000,718.99000
1526207760,691.31000,692.78000
1526338833,719.09000,719.60000
1526338835,719.09000,719.57000
1526207764,691.31000,692.50000
1526338837,719.60000,720.37000
1526338839,719.20000,720.37000
1526338840,719.20000,720.36000
1526207769,691.31000,692.49000
1526207771,691.32000,692.49000
1526338846,719.10000,720.35000
1526338847,719.30000,720.35000
1526207776,691.32000,692.48000
1526338850,719.10000,720.36000
1526338851,719.10000,720.34000
1526338852,719.10000,720.33000
1526207781,691.33000,692.48000
1526207782,691.33000,691.93000
1526338855,719.10000,720.34000
1526338856,718.92000,720.36000
1526338857,718.92000,720.00000
1526338858,718.79000,720.00000
1526338859,718.93000,720.36000
1526207789,691.34000,691.93000
1526338863,718.93000,719.95000
1526338864,718.79000,719.80000
1526338865,718.79000,719.94000
1526207795,691.35000,691.85000
1526338868,718.79000,719.92000
1526338869,718.79000,719.90000
1526207798,690.51000,690.80000
1526207799,690.50000,690.80000
1526338872,718.55000,719.42000
1526207801,690.00000,690.50000
1526338874,718.55000,719.30000
1526338875,718.55000,719.42000
1526207804,690.00000,691.19000
1526399882,714.40000,715.69000
1526338878,718.55000,719.30000
1526338880,718.00000,719.40000
1526207809,690.00000,691.18000
1526338882,718.00000,719.00000
1526268811,700.82000,701.00000
1526207812,690.00000,691.17000
1526338885,718.00000,719.38000
1526338886,718.00000,719.20000
1526338887,718.00000,719.00000
1526338889,718.00000,719.19000
1526338890,718.00000,719.18000
1526207819,690.00000,690.90000
1526207820,690.01000,690.90000
1526338893,718.10000,719.64000
1526338894,719.48000,719.64000
1526207823,690.01000,690.89000
1526207824,690.01000,690.70000
1526207826,690.00000,690.70000
1526207829,690.00000,690.49000
1526207830,690.00000,690.20000
1526338903,719.48000,719.93000
1526207832,689.64000,690.20000
1526338905,719.49000,719.93000
1526207834,689.64000,690.19000
1526207835,689.64000,690.20000
1526207837,689.65000,690.20000
1526207838,689.65000,690.19000
1526207839,689.66000,690.19000
1526338912,719.48000,719.93000
1526399888,714.35000,715.68000
1526207842,689.64000,690.19000
1526207843,689.64000,690.17000
1526338919,719.48000,720.42000
1526207849,689.66000,690.10000
1526207850,689.66000,690.09000
1526207851,688.30000,690.09000
1526338924,719.49000,720.00000
1526207853,689.67000,690.08000
1526207854,688.31000,690.08000
1526207855,689.00000,690.08000
1526338929,719.70000,721.06000
1526338930,719.50000,721.06000
1526207859,689.02000,690.07000
1526338933,719.51000,720.90000
1526338934,719.62000,720.90000
1526338935,719.62000,721.14000
1526207864,689.04000,690.07000
1526338937,719.63000,721.56000
1526338938,719.80000,721.56000
1526207867,689.04000,690.19000
1526338940,719.81000,720.00000
1526338941,721.11000,721.56000
1526207871,689.04000,690.17000
1526338944,721.11000,722.11000
1526207873,689.05000,690.17000
1526207874,689.05000,690.16000
1526207875,686.89000,687.00000
1526338948,721.12000,721.70000
1526207878,688.72000,690.17000
1526207879,688.29000,690.15000
1526207880,688.30000,690.15000
1526356204,725.94000,726.66000
1526207882,688.38000,690.15000
1526207883,688.38000,690.14000
