time,price,volume,buy_or_sell,market_or_limit,misc
1526434190.8155,690.00000,3.00000000,s,l,
1526444844.3162,687.92000,2.99000000,s,m,
1526263389.0379,727.80000,4.50000000,s,l,
1526224215.3619,714.90000,2.38970000,b,l,
1526229101.2546,728.99000,0.04400000,b,l,
1526420824.8746,708.00000,19.58506466,b,l,
1526277111.9417,697.60000,1.92700000,b,m,
1526268057.5186,709.40000,0.22500000,s,m,
1526259328.1132,729.59000,4.27301300,s,l,
1526414118.0952,713.24000,10.82800000,b,l,
1526434234.8661,693.80000,1.00000000,b,m,
1526325121.2484,734.00000,0.00000314,s,m,
1526416776.9725,710.39000,0.27347942,s,l,
1526577436.641,692.94000,5.00000000,s,l,
1526577350.6722,693.64000,0.71640758,s,l,
1526202408.3702,678.80000,1.11683015,s,m,
1526255289.5142,730.00000,4.33100000,b,l,
1526304433.0971,693.97000,0.03200000,b,l,
1526333488.2653,738.66000,0.05000000,b,m,
1526424562.263,696.40000,6.00000000,s,l,
1526259496.0468,729.93000,0.02000000,s,m,
1526333495.0329,738.00000,0.02500000,s,l,
1526464568.3619,692.37000,0.02800000,b,m,
1526269803.332,701.38000,1.56979000,s,l,
1526265202.4181,723.43000,0.02100000,b,l,
1526202439.8463,678.32000,0.30080157,s,l,
1526447329.8849,680.20000,0.09613113,b,l,
1526333516.1849,738.00000,0.35000000,s,m,
1526420834.386,709.95000,0.00000005,b,l,
1526521526.4949,709.94000,6.45693775,s,l,
1526397204.3332,717.44000,2.79848258,b,m,
1526277113.2753,697.74000,0.00000005,b,m,
1526250926.7181,732.57000,0.02500000,b,l,
1526231312.1664,740.00000,3.00000000,b,m,
1526371109.9335,735.57000,0.02100000,b,l,
1526306288.3774,728.00000,1.36249741,b,l,
1526325123.9689,734.53000,0.06422000,b,m,
1526315194.4542,733.10000,0.00400000,b,l,
1526442683.1484,683.61000,0.17650696,s,l,
1526508220.1912,697.97000,0.02500000,b,m,
1526202475.5382,678.30000,0.39839840,b,l,
1526438810.8142,683.76000,3.29800000,b,l,
1526327918.0942,735.69000,5.00000000,b,m,
1526464624.092,691.52000,0.07137954,s,m,
1526271383.433,700.93000,2.94406703,s,l,
1526268385.2249,706.51000,1.91404207,s,m,
1526333557.9168,738.53000,0.19411804,b,l,
1526202486.6995,678.30000,4.30080003,b,l,
1526202493.86,678.24000,0.01442293,s,l,
1526394909.8467,712.00000,2.00000000,s,m,
1526364537.8521,735.30000,5.48805000,b,l,
1526487826.5205,699.68000,20.00000000,b,l,
1526438105.0199,681.00000,0.39800000,b,l,
1526229105.9171,729.21000,0.02400000,s,m,
1526534017.6565,710.00000,0.50000000,b,m,
1526264437.0858,726.58000,2.95072251,b,l,
1526394810.8384,719.24000,2.58000000,s,m,
1526453224.4588,684.11000,0.59321759,s,l,
1526386228.2751,734.22000,0.02993828,b,m,
1526288353.7513,711.05000,7.76258319,b,m,
1526274629.7925,687.80000,3.37552188,s,m,
1526395501.6092,712.50000,0.02000000,b,m,
1526224239.5468,714.80000,0.31000000,b,m,
1526436297.5308,690.89000,0.52513292,b,m,
1526215155.3166,702.27000,0.02600000,b,m,
1526464673.706,692.36000,0.02200000,b,l,
1526246086.2418,740.45000,0.06610898,b,m,
1526333606.6175,738.01000,0.03500000,s,m,
1526415190.0375,709.16000,0.04135724,s,m,
1526284643.2328,700.56000,0.02600000,b,l,
1526307226.7031,731.07000,1.88000000,b,m,
1526333611.7164,738.36000,0.15191368,b,m,
1526394958.0906,712.03000,0.57000000,s,m,
1526197814.5276,683.87000,3.00000000,b,l,
1526306477.7307,727.69000,0.32466921,b,l,
1526464693.7705,692.39000,0.38690000,b,l,
1526464694.1354,692.39000,0.26370000,b,l,
1526425510.5281,702.83000,10.14900000,s,l,
1526307668.386,726.38000,6.24828485,s,l,
1526292933.6031,700.73000,0.19822288,s,m,
1526371933.819,725.93000,0.18992685,s,m,
1526311626.7684,723.00000,1.83591225,b,l,
1526202558.8674,678.03000,7.70000000,s,l,
1526464791.4675,691.39000,0.17660261,s,l,
1526447333.098,679.35000,0.77846076,s,l,
1526206717.6428,693.73000,8.38294263,s,m,
1526438105.5639,681.00000,0.39200000,b,l,
1526311629.5103,723.38000,0.78900000,b,l,
1526242201.6253,728.98000,0.02200000,b,l,
1526390264.7112,727.67000,0.02200000,b,l,
1526508238.517,697.80000,0.00100000,s,l,
1526330075.4252,733.44000,0.02200000,b,l,
1526381026.9153,736.81000,8.37400000,s,l,
1526333657.8837,738.01000,0.42595271,s,m,
1526311631.7105,723.52000,2.46500000,b,m,
1526573905.7507,705.01000,0.02617294,s,l,
1526333663.567,738.00000,0.06771764,b,m,
1526311632.141,723.52000,0.85800000,b,l,
1526202921.7048,681.10000,0.02826815,b,l,
1526311633.5978,723.86000,0.02400000,b,l,
1526224252.903,714.10000,0.46940659,s,m,
1526202603.6528,678.33000,0.25491834,s,l,
1526202408.3432,678.86000,0.17258205,s,m,
1526333683.6106,737.93000,0.02194295,s,m,
1526525896.9827,714.02000,0.02400000,b,l,
1526305006.1881,690.69000,0.18562928,b,m,
1526267945.0488,711.49000,0.04700000,b,m,
1526333689.3164,737.93000,0.23124334,s,l,
1526447335.1085,680.01000,2.68830000,s,m,
1526202626.5869,678.21000,0.11696393,s,l,
1526283539.6909,698.08000,1.30876297,s,l,
1526207416.0187,693.50000,11.53013407,s,m,
1526420865.244,710.00000,2.44000000,s,l,
1526218053.0705,693.49000,16.28521490,s,m,
1526311639.6677,723.99000,0.08123168,s,m,
1526242203.0425,729.00000,0.67900000,b,m,
1526333709.8606,737.95000,0.64372341,s,l,
1526525897.6198,714.01000,0.06800000,b,l,
1526224259.7068,714.10000,0.00262380,s,m,
1526574446.4128,700.55000,5.00000000,s,m,
1526464791.4702,691.39000,0.07033865,s,l,
1526373139.4219,725.42000,1.00000000,s,m,
1526255297.2736,729.99000,0.09012806,b,l,
1526464797.1705,691.39000,6.19000000,b,l,
1526202654.8738,679.53000,6.97320226,b,l,
1526464799.0569,691.39000,3.52569946,b,l,
1526508251.4218,697.77000,0.02600000,b,m,
1526202660.1673,679.60000,10.00000000,b,l,
1526360586.3112,726.46000,1.77613766,s,m,
1526202663.8019,678.31000,5.00000000,s,l,
1526311644.1864,724.26000,0.06122850,b,l,
1526267954.2868,710.44000,8.49440226,s,l,
1526361459.2364,729.70000,1.25000000,b,m,
1526333749.3253,737.95000,0.38359425,s,m,
1526275676.7158,693.40000,4.00000000,s,m,
1526394789.6884,722.17000,0.02418389,s,l,
1526464831.2581,691.42000,0.02000000,s,m,
1526202689.8555,680.70000,0.03499538,b,m,
1526333762.726,738.00000,0.43228236,b,m,
1526333764.9803,737.97000,0.13800000,b,m,
1526223337.8286,718.90000,0.02700000,b,m,
1526530103.5775,710.98000,0.02400000,b,l,
1526405977.8548,716.81000,1.79268112,s,l,
1526416786.4904,711.22000,3.48000000,b,l,
1526289805.8896,706.70000,0.17328464,s,m,
1526438908.6871,683.62000,1.51430183,s,l,
1526267960.7416,710.32000,5.00000000,s,m,
1526272757.1834,692.77000,0.03920234,b,l,
1526423435.6764,701.64000,0.16940000,s,m,
1526530105.6432,711.38000,0.03100000,b,l,
1526337891.6662,720.64000,0.10795346,b,m,
1526286884.72,703.27000,0.02000000,b,l,
1526353102.6939,723.68000,0.02000000,b,m,
1526333792.98,738.95000,0.32435694,b,m,
1526224272.7288,713.53000,0.33534324,s,l,
1526268393.6136,706.00000,1.18870538,s,m,
1526214655.1143,699.26000,0.98500000,b,l,
1526202728.1144,680.53000,0.12918589,s,l,
1526292357.4898,704.99000,0.02000000,b,m,
1526316403.2585,729.00000,0.12647348,b,l,
1526265202.4123,723.40000,0.00000019,b,l,
1526416191.1521,712.98000,0.02000000,b,m,
1526333809.5665,738.94000,0.33385067,b,m,
1526333810.9384,737.96000,0.99780483,s,m,
1526464889.6302,692.34000,0.02200000,b,l,
1526314059.3434,729.06000,2.09206687,s,m,
1526221712.3234,709.00000,1.22870687,b,l,
1526464892.7356,692.38000,0.02200000,b,l,
1526430179.3899,707.67000,0.00406483,b,m,
1526394965.6885,712.07000,1.89760000,s,m,
1526464895.9931,692.43000,0.02800000,b,l,
1526529056.0251,711.79000,0.02400000,b,m,
1526394879.6815,716.71000,1.68014689,s,l,
1526202760.2382,680.52000,1.00000000,s,l,
1526287934.2026,707.15000,0.41022528,b,l,
1526486423.5673,696.24000,0.11866943,s,m,
1526242305.0326,729.90000,0.80000000,b,m,
1526333837.3678,737.97000,0.86159417,s,l,
1526442733.0217,683.40000,1.01895251,s,l,
1526421800.9194,706.77000,0.66685197,s,m,
1526202770.4862,680.70000,0.05547100,b,l,
1526267971.1505,710.31000,19.55250826,s,m,
1526333845.3792,737.96000,0.04301047,s,l,
1526224281.2168,714.00000,0.35800000,b,m,
1526333848.7645,737.94000,0.06538575,s,l,
1526333849.6948,737.91000,0.38378308,s,l,
1526333851.7478,738.93000,0.24774738,b,m,
1526333852.8031,737.93000,0.17283271,s,l,
1526486426.1595,696.25000,0.14416945,s,m,
1526486621.7388,698.83000,0.02300000,b,m,
1526488030.0319,698.94000,0.05572562,s,l,
1526464930.2037,692.45000,0.02600000,b,m,
1526494688.7836,700.00000,1.00000000,b,m,
1526399046.2714,718.19000,0.06680352,s,l,
1526407763.5446,711.15000,1.00000000,s,l,
1526464943.0394,692.46000,0.03000000,b,m,
1526369077.8428,732.81000,0.02600000,b,m,
1526377203.011,730.01000,10.14900000,s,l,
1526464949.1197,692.45000,6.00000000,s,l,
1526211657.211,697.00000,0.06153773,s,l,
1526416759.058,712.26000,4.17800000,s,l,
1526420817.5116,708.00000,9.23300000,b,l,
1526268396.974,706.00000,12.84036412,s,l,
1526438105.4813,681.00000,0.39800000,b,l,
1526377205.2214,730.00000,0.10000000,b,l,
1526464961.1967,692.48000,1.21573357,b,l,
1526464962.5342,692.48000,0.20547530,b,l,
1526246134.2536,739.17000,0.95810000,s,l,
1526381874.7699,733.65000,3.85100000,s,l,
1526423475.9658,700.82000,2.86056059,s,l,
1526543846.3705,697.61000,8.64902381,b,m,
1526412089.0717,708.57000,0.28181845,b,m,
1526267678.8552,716.17000,0.78474441,s,l,
1526233336.6803,720.53000,0.02364705,s,m,
1526394968.9797,712.08000,0.69079015,s,m,
1526578414.9514,691.54000,2.84483476,s,l,
1526271857.8274,689.10000,0.35000000,s,m,
1526464990.1889,692.46000,0.02800000,b,l,
1526242210.351,729.84000,0.14974836,b,l,
1526233226.8647,720.02000,1.39411178,s,m,
1526311675.3378,725.51000,5.00000000,s,l,
1526560481.3827,700.85000,0.25252804,s,l,
1526320024.1203,730.01000,0.16400000,b,l,
1526224295.0677,714.85000,0.58469249,b,l,
1526333933.6779,737.92000,0.40000000,s,m,
1526468799.813,701.86000,5.00000000,b,m,
1526294585.7663,706.36000,0.02700000,b,l,
1526289833.7311,706.70000,0.04352002,s,l,
1526465019.12,692.48000,0.02200000,b,l,
1526393422.1036,728.20000,0.00000005,b,m,
1526224298.6479,714.90000,7.94360700,b,l,
1526501997.0548,694.00000,5.55000000,b,l,
1526246144.6967,739.18000,0.17240292,s,l,
1526307679.6267,726.70000,0.25000000,b,m,
1526224299.0437,714.90000,5.53705466,b,l,
1526311681.8363,725.06000,7.63976580,b,l,
1526465035.1363,692.49000,0.02600000,b,l,
1526465037.3576,693.00000,4.29408546,b,m,
1526313909.0626,733.10000,0.46309300,s,m,
1526333969.904,737.92000,0.12041794,s,m,
1526218053.0592,693.59000,0.67670784,s,m,
1526224302.3556,714.98000,5.00000000,b,l,
1526268399.2526,705.00000,12.85461671,s,l,
1526202904.5918,680.47000,0.02700000,b,l,
1526188038.3117,669.60000,2.95196806,s,m,
1526383283.0255,732.86000,28.97961501,b,l,
1526377221.6042,729.99000,0.02750260,b,l,
1526232553.7223,727.49000,0.88042930,s,m,
1526308498.4337,731.06000,0.00319105,b,m,
1526202916.5705,680.48000,0.02700000,b,l,
1526232905.2882,726.00000,8.40000000,s,l,
1526224305.2087,716.19000,6.42633980,b,l,
1526202921.7132,681.10000,53.72205544,b,l,
1526508295.1343,697.78000,2.08007791,b,l,
1526420914.7622,708.99000,2.39974823,b,l,
1526262778.1327,730.95000,0.02200000,b,m,
1526202929.0777,680.97000,0.41718923,b,l,
1526192638.99,679.10000,0.24600000,b,m,
1526268400.5696,705.00000,30.53000000,s,l,
1526438809.6619,683.46000,3.27700000,b,l,
1526215062.7342,702.01000,0.09912550,s,m,
1526355380.7489,727.29000,1.00000000,b,m,
1526465086.088,693.57000,0.02600000,b,m,
1526282961.1471,697.01000,0.05500000,b,m,
1526573835.9262,705.00000,14.79993063,s,m,
1526256713.8199,719.00000,1.33090000,s,l,
1526465099.6348,693.74000,0.46992904,b,l,
1526465100.5896,693.80000,5.64000000,s,l,
1526412089.079,709.59000,0.32134163,b,m,
1526465103.22,693.80000,2.43000000,s,l,
1526224313.0351,716.99000,2.44289743,b,l,
1526331133.7075,740.86000,0.02300000,b,m,
1526202971.1266,680.50000,0.28897359,s,l,
1526241001.6154,729.00000,1.01166255,s,l,
1526301231.7854,704.91000,0.00000007,b,l,
1526559160.0785,703.28000,0.02200000,b,l,
1526256226.3634,726.52000,0.76242554,b,m,
1526438105.3854,681.00000,0.39400000,b,l,
1526273367.4483,693.97000,0.02200000,b,l,
1526334066.2813,738.00000,0.89500000,b,l,
1526334067.0347,738.00000,0.98800000,b,m,
1526202997.7525,680.48000,0.02500000,b,l,
1526202998.347,681.26000,0.02100000,s,l,
1526203000.5508,681.26000,7.70000000,s,l,
1526396857.9482,718.94000,10.00000000,b,m,
1526437612.6569,677.10000,0.09573323,s,l,
1526307013.218,730.00000,0.05008000,b,l,
1526442773.5438,682.59000,5.00000000,b,l,
1526239992.8902,730.98000,0.03600000,b,l,
1526203009.1564,681.26000,7.19500400,s,l,
1526203010.4125,681.26000,10.43000000,s,l,
1526203014.3751,681.26000,1.54999340,s,l,
1526203015.4817,681.26000,0.20029240,s,l,
1526399084.6206,719.09000,0.02400000,b,m,
1526321282.39,731.99000,0.17003534,b,l,
1526394828.7916,718.00000,3.00000000,s,m,
1526484540.7548,700.00000,0.51886777,s,m,
1526269807.4476,699.61000,2.36300000,s,l,
1526465171.6442,693.80000,0.08130000,s,l,
1526205147.1327,698.49000,0.57600000,b,m,
1526465182.6159,693.80000,0.20630000,s,l,
1526363209.3305,733.33000,5.00000000,b,l,
1526464624.1006,691.51000,1.92862046,s,m,
1526334115.8914,738.01000,0.02162705,s,l,
1526334119.8724,737.99000,0.27754276,b,m,
1526320016.4097,730.01000,0.27400000,b,l,
1526203051.6507,679.82000,0.02030876,s,l,
1526386246.4424,734.19000,0.03860031,b,l,
1526465197.4186,693.80000,0.02440000,s,l,
1526259675.9546,729.00000,18.57647249,s,l,
1526451685.0614,684.05000,0.04526663,b,m,
1526399340.4074,719.17000,0.03500000,b,l,
1526334144.665,737.99000,0.02200000,b,l,
1526438621.3595,681.25000,0.07494263,b,l,
1526334150.5999,738.00000,0.47890000,b,l,
1526246177.2767,739.02000,0.41980396,s,l,
1526350114.5115,726.92000,0.36819826,s,m,
1526541106.365,705.54000,0.64651259,b,m,
1526377250.7599,730.00000,0.17000000,b,l,
1526203086.6461,679.86000,0.02700000,b,l,
1526334160.6873,737.99000,0.02600000,b,m,
1526327458.7882,730.23000,0.80078646,b,m,
1526334171.1425,737.98000,0.02200000,b,m,
1526465244.8622,693.81000,1.47200000,b,l,
1526268027.9674,710.30000,0.45980949,s,m,
1526334180.323,737.44000,0.35927693,s,l,
1526285864.7355,700.44000,0.05365011,b,l,
1526366440.6271,735.26000,0.02200000,b,m,
1526452450.3647,684.47000,0.11733065,b,l,
1526317751.5875,730.00000,0.64922240,b,l,
1526202493.8514,678.24000,0.03562701,s,l,
1526207362.7248,695.04000,0.49816193,s,m,
1526257187.7272,721.22000,0.00000502,b,l,
1526381884.7306,733.14000,10.14900000,s,l,
1526289876.9282,706.23000,1.57300000,s,l,
1526465275.8733,693.80000,0.03586410,s,l,
1526438104.6395,680.92000,0.19800000,b,l,
1526465278.6901,693.80000,0.04050000,s,l,
1526293724.4269,703.90000,0.02300000,b,l,
1526478817.2835,681.02000,0.19923577,s,m,
1526312687.3827,727.68000,0.66291978,b,l,
1526294594.1505,706.37000,0.00733056,b,m,
1526381884.7439,732.44000,2.58000000,s,l,
1526405980.0813,716.81000,4.57900000,s,l,
1526483402.067,692.70000,0.08587438,b,m,
1526433881.3688,691.89000,1.95265315,s,l,
1526574034.7649,700.21000,3.00000000,s,l,
1526466210.972,704.06000,0.02600000,b,l,
1526399488.4795,719.06000,0.02400000,b,m,
1526508335.5626,698.75000,0.02300000,b,m,
1526330897.9069,740.31000,0.59500000,b,m,
1526465311.4574,693.80000,0.53593590,s,l,
1526303324.3721,696.00000,2.05000000,b,l,
1526194211.455,681.99000,0.28750000,s,m,
1526203171.9426,679.83000,0.04412608,b,l,
1526377265.6781,729.99000,0.02036646,b,l,
1526438105.7417,681.00000,0.39500000,b,l,
1526268039.2517,709.70000,7.37872533,s,m,
1526508339.953,699.00000,0.02000000,b,m,
1526308615.4612,734.49000,0.25040101,b,m,
1526203194.9187,679.30000,0.19129233,s,l,
1526303325.9301,696.00000,1.02097632,b,l,
1526397406.9233,718.70000,0.02100000,b,m,
1526308620.2151,734.37000,0.22021122,b,l,
1526307068.061,732.65000,1.00000000,b,m,
1526334281.5601,737.89000,0.89751442,b,m,
1526248443.4339,729.20000,9.42100000,s,l,
1526425532.5989,703.40000,1.50000000,b,m,
1526394810.8267,719.60000,1.50000000,s,m,
1526381887.6798,731.92000,4.04000000,b,l,
1526272774.7598,693.10000,0.06504876,b,l,
1526233080.5079,722.00000,0.19591482,s,m,
1526334293.8988,737.88000,0.02600000,b,m,
1526508345.6225,699.00000,0.00315789,b,m,
1526312055.3204,726.00000,1.00000000,b,l,
1526303326.0556,696.00000,0.29023616,b,l,
1526334302.7618,737.88000,0.02200000,b,m,
1526246203.7056,739.26000,1.82833333,b,m,
1526324801.7504,738.43000,0.12496291,b,m,
1526321416.302,732.73000,0.02900000,b,l,
1526565721.3116,701.98000,0.02600000,b,m,
1526316420.2254,728.01000,0.08874002,s,m,
1526552039.9153,700.64000,0.11524874,b,m,
1526226386.4945,722.37000,1.47064851,b,m,
1526334320.6429,737.87000,0.02200000,b,l,
1526235603.3586,730.00000,0.74800640,b,l,
1526521553.71,709.45000,0.06300000,s,m,
1526453225.0036,683.46000,0.23870392,s,l,
1526268411.5814,705.00000,0.00612654,s,l,
1526271313.4523,700.88000,1.00000000,s,m,
1526465414.9337,693.79000,19.46406410,b,m,
1526237697.8628,730.64000,2.58000000,s,m,
1526377282.1283,730.00000,3.57705068,b,l,
1526202603.675,677.24000,8.52500000,s,l,
1526465423.2788,692.63000,0.19591780,s,m,
1526229131.9338,729.40000,0.01245798,s,m,
1526429899.9044,707.78000,0.02700000,b,m,
1526268057.5306,709.31000,0.52500000,s,m,
1526403712.851,724.71000,0.05000000,b,l,
1526336922.1762,722.98000,2.99000000,b,l,
1526311749.1107,725.92000,0.30000000,b,l,
1526420976.4018,710.39000,0.02600000,b,m,
1526442993.4229,681.54000,0.05559532,s,l,
1526434264.9483,692.58000,0.09208285,s,l,
1526216038.8171,700.00000,0.10000000,b,l,
1526438705.9648,684.96000,0.39400000,b,l,
1526394793.2708,721.39000,16.65261963,s,m,
1526442823.3824,681.53000,1.99521478,s,m,
1526363209.4016,735.15000,5.00000000,b,l,
1526334385.0945,737.84000,0.04500000,b,l,
1526306229.9085,728.00000,0.10000000,b,m,
1526465461.3281,693.79000,0.71000000,b,l,
1526246217.5829,739.00000,1.19593982,s,l,
1526465464.9742,693.79000,0.03700000,b,l,
1526465465.3571,693.81000,0.22747972,b,l,
1526334394.5561,737.06000,0.30243608,s,l,
1526268413.023,705.00000,8.53588582,s,l,
1526334398.6557,737.00000,9.05940000,b,l,
1526203328.2011,678.91000,0.02020992,s,m,
1526465474.0463,693.81000,0.50000000,s,m,
1526272331.4853,693.00000,0.46395216,s,l,
1526311641.2932,724.26000,5.65600000,b,l,
1526304725.8761,689.12000,7.52000000,b,m,
1526464673.2828,691.55000,0.02900000,b,l,
1526334409.3982,736.81000,0.04015980,s,l,
1526565201.2734,701.13000,0.02000000,b,m,
1526339641.7337,724.00000,1.00000000,b,m,
1526268067.708,709.30000,7.69930828,s,l,
1526304520.4446,690.52000,0.56000000,s,l,
1526256823.8101,717.48000,13.95600000,b,l,
1526334422.2642,736.97000,0.02600000,b,m,
1526394985.5322,712.33000,0.28015870,s,m,
1526307310.0335,731.50000,0.05000000,b,m,
1526268414.3702,705.24000,7.70000000,b,m,
1526246223.3558,738.95000,0.56305390,b,m,
1526250514.2225,735.26000,1.36000000,b,m,
1526438706.1712,684.95000,1.32400000,b,l,
1526442995.9165,681.51000,48.61195339,s,l,
1526465505.7972,693.85000,0.02200000,b,l,
1526203362.4409,679.56000,0.02000000,b,m,
1526465507.8209,693.89000,0.02800000,b,l,
1526465508.0544,694.88000,0.44845296,b,m,
1526508369.9716,698.99000,0.02600000,b,l,
1526334444.8486,736.80000,1.00000000,s,m,
1526334446.6155,736.80000,0.49589169,s,l,
1526335047.3209,726.90000,1.00000000,s,m,
1526334450.6241,736.60000,0.72862000,b,l,
1526508371.4607,699.60000,9.00000000,s,l,
1526421759.6366,705.92000,0.24358059,s,m,
1526575081.0455,695.69000,0.02300000,b,l,
1526268039.8111,709.60000,3.19990208,s,m,
1526334462.2527,736.51000,10.14900000,s,l,
1526311765.6234,725.27000,1.84741046,b,l,
1526308113.5102,731.88000,13.66000000,b,l,
1526289920.274,704.68000,0.14316043,b,m,
1526256419.1667,723.06000,0.01125934,s,m,
1526508374.7109,699.60000,7.40000000,s,l,
1526334472.8498,736.50000,2.00000000,s,m,
1526268693.6894,703.99000,0.61810000,b,l,
1526224386.9359,716.94000,0.75000000,b,m,
1526334480.3836,736.51000,0.02200000,b,l,
1526465553.0037,694.85000,0.02200000,b,l,
1526268416.5203,705.00000,270.29726174,s,l,
1526311769.1378,725.27000,9.37283145,b,l,
1526582364.6048,685.50000,0.10000000,s,m,
1526465562.7286,694.89000,0.25868720,b,l,
1526268079.1394,709.30000,1.50000000,s,m,
1526465566.772,694.89000,0.43003080,b,l,
1526465568.948,694.89000,0.18835852,b,l,
1526268080.5084,709.21000,7.89995066,s,l,
1526484475.2546,694.41000,0.02600000,b,l,
1526303322.862,697.30000,15.00000000,s,l,
1526484475.2509,694.39000,0.02800000,b,l,
1526465573.9965,694.89000,1.57000000,b,l,
1526448337.6739,683.52000,0.09476246,s,l,
1526456091.5852,689.99000,0.02800000,b,l,
1526311772.0649,725.27000,2.21584215,b,l,
1526412446.3724,707.89000,0.24204665,b,l,
1526310836.7678,728.00000,0.87927640,b,l,
1526465586.9737,696.53000,0.00000063,b,m,
1526329187.8913,732.23000,5.00000000,s,l,
1526577231.267,694.23000,13.50000000,s,l,
1526268084.6752,709.00000,15.00000000,s,l,
1526405982.9339,717.30000,0.53960000,b,l,
1526298969.4022,711.68000,0.02000000,b,l,
1526464693.7674,692.39000,0.02200000,b,l,
1526465604.2262,696.32000,0.25000000,b,m,
1526334535.7959,736.00000,0.50000000,s,m,
1526334536.1376,736.03000,0.04490338,s,m,
1526465610.6338,695.41000,0.07657310,s,l,
1526334544.3539,736.44000,0.02100000,b,m,
1526334545.8701,736.00000,0.85000000,s,l,
1526334547.8721,736.00000,0.73000000,s,l,
1526334548.1411,736.00000,2.32302690,s,l,
1526334549.9357,736.00000,1.88857307,s,l,
1526334552.8488,736.00000,8.63498791,s,l,
1526465625.058,696.32000,0.50519430,b,l,
1526334567.3582,735.14000,0.03510977,s,l,
1526203496.9371,679.30000,0.03250676,b,l,
1526203497.2984,679.55000,1.85180302,b,l,
1526203499.6583,679.58000,0.30354367,b,l,
1526334572.1148,735.58000,4.59196047,b,m,
1526203501.9313,679.92000,0.02700000,b,l,
1526203502.729,680.77000,0.34718569,b,l,
1526203503.7775,680.77000,2.20281431,b,l,
1526203506.3054,681.00000,3.01535392,b,l,
1526203507.1984,681.11000,0.02546566,b,l,
1526202558.8859,677.23000,11.96000000,s,l,
1526334582.6585,733.01000,31.06806451,s,m,
1526385628.1135,731.18000,0.02600000,b,l,
1526476792.7094,690.56000,0.60904598,s,l,
1526258211.1432,727.03000,2.00000000,s,m,
1526203527.6426,681.90000,1.23564120,s,l,
1526303336.1799,697.62000,0.44494788,s,l,
1526334607.4833,733.02000,1.00000000,s,m,
1526373417.6519,720.90000,39.37283061,s,m,
1526203538.7599,681.81000,1.42289920,s,m,
1526316430.4656,728.00000,2.00000000,s,m,
1526515431.2307,710.00000,29.98400320,b,l,
1526203547.9053,681.81000,1.50000000,s,m,
1526289946.1429,704.40000,0.05451338,b,m,
1526203553.3908,682.71000,5.00000000,b,l,
1526334629.4619,733.07000,0.22185995,b,m,
1526465703.7311,696.00000,1.47210000,s,l,
1526486556.9703,697.29000,0.02200000,b,l,
1526465707.0814,696.28000,1.71954083,b,l,
1526484475.2451,694.37000,0.02800000,b,l,
1526203565.7794,681.81000,0.20152393,s,l,
1526465715.4345,696.21000,0.15064920,s,l,
1526486558.0022,697.29000,0.74492500,b,l,
1526465718.3573,696.33000,0.04800000,b,l,
1526268105.405,707.91000,2.00000000,s,m,
1526465722.6526,697.56000,1.83985392,b,m,
1526246261.9913,737.92000,0.04314175,s,m,
1526334657.5902,733.19000,0.02600000,b,l,
1526465730.0826,697.56000,0.05230000,b,l,
1526334660.3263,733.50000,0.12588000,b,l,
1526334661.0324,733.50000,0.74000000,b,l,
1526465734.1006,697.97000,0.16000000,b,l,
1526334663.1303,733.93000,0.45198608,b,m,
1526465736.8982,698.31000,1.82661422,b,l,
1526268108.8774,707.60000,3.65584201,s,m,
1526246263.6182,738.73000,0.02200000,b,m,
1526465740.0215,698.88000,1.01895251,b,l,
1526244455.6681,738.60000,0.18700000,s,l,
1526334671.3907,732.81000,1.88000000,s,l,
1526465744.8591,699.26000,4.13760988,b,l,
1526465745.5211,699.39000,229.43497000,b,l,
1526465746.8106,699.39000,6.87403000,b,l,
1526232553.7068,727.56000,2.43400868,s,m,
1526465750.7786,699.53000,0.02388778,b,l,
1526465751.3445,700.00000,5.00000000,b,m,
1526465752.461,699.97000,0.18660000,b,m,
1526461388.6586,684.77000,0.49861881,s,m,
1526465755.8526,699.98000,0.53863676,b,l,
1526465756.9974,699.98000,1.14163676,b,l,
1526465757.0022,699.98000,1.24300000,b,l,
1526465758.663,700.00000,0.00030000,b,l,
1526465760.1239,700.00000,0.00000452,b,l,
1526465761.7042,702.34000,2.37557822,b,m,
1526334693.5469,733.30000,1.00000000,s,m,
1526334694.4823,734.41000,0.05726369,b,m,
1526334695.5407,733.06000,0.14000000,s,m,
1526465769.9247,703.50000,0.13632203,b,m,
1526334698.1844,734.97000,0.57000000,b,m,
1526465771.4192,701.95000,0.62600000,b,l,
1526465773.0855,701.45000,0.78689446,s,l,
1526334703.5152,734.70000,1.50000000,b,m,
1526465776.3652,701.47000,0.60283126,b,l,
1526203633.6082,683.56000,0.02400000,b,l,
1526465778.1629,701.48000,0.12000000,s,l,
1526334709.7079,734.95000,0.02200000,b,m,
1526465784.8766,701.52000,1.24016254,s,l,
1526268116.4585,708.08000,0.36684542,b,l,
1526465788.4577,703.09000,3.00000000,b,m,
1526391144.6016,727.75000,0.02500000,b,m,
1526312069.9106,726.00000,0.67338420,b,l,
1526203650.7187,685.05000,2.16959961,b,l,
1526224177.463,716.34000,0.00384499,s,m,
1526203656.7156,685.22000,0.61860000,b,l,
1526203657.6161,685.22000,3.96190226,b,l,
1526443005.4306,681.51000,0.02400000,s,l,
1526573954.1946,702.90000,0.67340000,b,l,
1526203662.619,686.40000,2.37000000,b,m,
1526203663.8651,686.40000,268.04400000,b,l,
1526334736.4849,734.94000,0.17606600,b,l,
1526266753.6985,720.79000,0.09969078,b,l,
1526305182.8248,695.20000,0.05380000,b,l,
1526203671.731,686.67000,0.00007038,b,l,
1526573956.5234,702.90000,4.98000000,b,l,
1526203676.8148,687.00000,0.59552693,b,l,
1526465821.7421,702.58000,0.51000000,b,m,
1526309204.6823,735.84000,0.15323769,b,m,
1526203680.6252,687.00000,0.40447307,b,l,
1526465825.3725,702.90000,4.98000000,b,l,
1526495380.0772,698.00000,30.00000000,b,l,
1526203683.5513,688.40000,0.17427000,b,m,
1526203685.441,689.26000,0.40500000,b,l,
1526203687.3321,689.26000,1.27400000,b,l,
1526203688.1402,689.26000,0.19941776,b,l,
1526268124.0061,707.60000,0.95000000,s,l,
1526203691.4786,688.96000,5.00000000,s,l,
1526203695.511,690.00000,14.33300669,b,m,
1526203696.5584,690.00000,7.98828829,b,l,
1526203697.8725,690.00000,5.07755596,b,l,
1526203698.7032,690.00000,0.10000000,b,l,
1526203702.812,690.42000,13.93922481,b,l,
1526203703.7864,692.70000,0.51701116,b,m,
1526229145.7446,730.50000,1.50000000,b,m,
1526203707.0882,693.00000,0.30000000,b,m,
1526465852.4939,707.60000,0.20289656,b,m,
1526442890.6221,682.76000,0.90825633,b,m,
1526206090.1037,693.55000,2.50000000,s,l,
1526203715.1318,691.70000,1.50000000,b,l,
1526203719.042,692.98000,4.00000000,b,m,
1526421047.2424,709.00000,0.05033623,s,m,
1526203725.1089,692.53000,2.31795937,b,m,
1526334798.1802,734.64000,0.02600000,b,l,
1526465871.2703,704.93000,1.27500000,s,l,
1526203728.263,692.52000,0.90549360,b,l,
1526203729.1061,693.00000,0.25911658,s,l,
1526203731.1072,692.53000,9.32500000,s,l,
1526465876.1947,704.10000,0.63000000,b,l,
1526465877.681,704.00000,0.44004059,b,l,
1526338259.2285,722.87000,0.51547520,b,m,
1526224441.9287,716.75000,0.05143141,b,l,
1526220417.9049,703.99000,0.02300000,b,l,
1526268132.9794,707.51000,0.15000000,s,m,
1526203738.146,692.54000,5.00000000,s,l,
1526230462.7528,731.00000,1.64700000,b,l,
1526224442.0678,716.97000,0.07194041,b,l,
1526203744.4248,693.41000,0.69723924,b,l,
1526203746.8695,692.51000,0.06000000,s,m,
1526203747.4119,692.24000,0.06000000,s,l,
1526203748.9158,692.24000,3.76000000,s,l,
1526465893.3178,703.70000,0.51000000,s,m,
1526319810.8849,730.01000,3.13760000,b,l,
1526289980.1683,706.65000,0.02465074,b,m,
1526305887.8178,708.08000,0.03584000,s,m,
1526203757.0178,692.23000,1.67832000,s,l,
1526363212.347,736.00000,0.95959476,s,l,
1526465903.2946,703.78000,0.04000000,b,m,
1526306347.864,723.70000,1.50000000,s,m,
1526465906.1238,703.78000,2.20795941,b,l,
1526203763.3029,692.69000,2.59911012,s,l,
1526203765.1961,692.97000,0.14993698,b,l,
1526334838.472,734.64000,0.02600000,b,l,
1526203769.1563,693.50000,1.00000000,b,m,
1526200853.6239,682.52000,0.02100000,b,l,
1526424315.3247,697.00000,3.00000000,s,l,
1526465917.6769,703.71000,0.38939726,s,l,
1526465919.453,702.82000,0.61768504,s,l,
1526334848.2739,733.51000,0.20000000,s,l,
1526289984.9611,705.41000,6.00000000,s,l,
1526202603.6684,677.65000,8.29407765,s,l,
1526289985.0423,705.12000,9.36300000,s,l,
1526268695.1049,703.02000,1.80000000,s,m,
1526203786.4661,693.50000,0.80000000,b,m,
1526499748.9058,697.50000,2.09400525,s,m,
1526465933.9035,702.51000,5.00000000,s,l,
1526203790.4048,693.49000,0.02800000,b,l,
1526242848.3848,731.79000,0.02223445,b,m,
1526334864.9949,733.40000,0.03000000,b,l,
1526203793.0649,693.50000,0.80000000,b,m,
1526203794.8114,693.50000,13.35276076,b,l,
1526321195.891,731.11000,0.20883284,s,m,
1526203797.1582,694.00000,12.00000000,s,l,
1526334870.1116,733.35000,0.92069385,s,m,
1526334871.7489,733.40000,0.02000000,b,l,
1526465944.0343,701.49000,0.05175880,s,m,
1526465945.2306,702.00000,1.64564700,b,m,
1526465946.0745,702.00000,0.12400000,b,l,
1526573978.6662,702.91000,4.00000000,s,l,
1526465951.2188,701.99000,0.02200000,b,m,
1526203808.0424,694.98000,0.40000000,b,m,
1526321067.4111,731.47000,0.21042810,s,l,
1526337654.4953,722.30000,0.02100000,b,l,
1526203814.2421,694.90000,1.50000000,b,m,
1526475520.9672,702.79000,1.45768867,s,m,
1526203819.7915,694.00000,3.35461023,s,m,
1526455665.4826,691.86000,0.02800000,b,l,
1526282836.8801,696.55000,3.25791537,b,l,
1526203825.477,694.95000,1.90700000,b,m,
1526333683.6499,737.93000,0.00005690,s,m,
1526395001.8953,711.25000,4.81850037,s,m,
1526334904.7384,734.00000,0.11990000,b,l,
1526268430.053,704.28000,0.05000000,b,m,
1526465979.5347,701.96000,0.79762152,b,m,
1526465982.2673,701.96000,0.08043317,b,l,
1526465983.4459,701.98000,0.02300000,b,l,
1526465984.7016,703.42000,0.01800000,b,m,
1526315657.5416,731.99000,0.17064139,s,m,
1526573986.1798,702.41000,2.74000000,s,l,
1526203854.5764,694.37000,0.02500000,b,m,
1526274177.1057,696.07000,0.02500000,b,m,
1526203857.7015,693.41000,1.77712110,s,l,
1526203859.6547,693.41000,0.80000000,s,m,
1526203860.4268,694.10000,0.20000000,b,m,
1526466005.0573,702.55000,5.62228278,s,l,
1526268431.0072,704.28000,0.00000016,b,l,
1526259702.7161,728.41000,5.00000000,s,l,
1526515739.7166,714.45000,1.00000000,b,m,
1526203874.5528,693.40000,1.00000000,s,l,
1526466019.4322,701.52000,0.00000001,s,m,
1526466022.5359,702.59000,10.00000000,s,m,
1526408708.9519,707.96000,5.00000000,s,l,
1526267721.7846,712.00000,0.15451590,s,m,
1526466025.1138,702.59000,0.12410000,s,l,
1526203882.2992,693.70000,21.00000000,b,l,
1526203885.9486,694.00000,7.81844000,s,l,
1526466030.2313,702.59000,0.07880000,s,l,
1526203887.2898,693.86000,1.50000000,b,m,
1526409125.2003,710.87000,0.49244946,s,l,
1526203892.7853,693.12000,0.40000000,s,m,
1526302879.1293,702.00000,2.84632537,b,l,
1526203895.3589,693.85000,0.80300000,b,m,
1526446941.5131,681.51000,1.43890000,s,m,
1526268039.8699,709.50000,5.00000000,s,m,
1526334979.7171,733.47000,0.38261137,s,m,
1526363213.2499,736.00000,9.65500000,s,l,
1526483673.5657,694.14000,0.02500000,b,m,
1526203910.7258,692.20000,0.11224280,s,m,
1526268161.2769,707.51000,0.11343574,s,m,
1526203913.4054,693.58000,1.88800470,b,l,
1526213528.0097,696.98000,0.46294393,s,l,
1526334987.8194,732.90000,0.50220111,s,m,
1526202626.5768,678.21000,0.19645725,s,l,
1526203918.6708,693.58000,0.02200000,b,l,
1526466065.9924,703.04000,0.02300000,b,m,
1526466066.0854,702.59000,2.75045469,s,l,
1526337305.7757,721.74000,0.13865256,b,l,
1526334998.4156,733.79000,0.00911716,b,m,
1526421081.2728,709.44000,0.02600000,b,m,
1526395017.6222,711.87000,0.11920000,s,m,
1526442928.2804,682.40000,1.00000000,b,m,
1526335010.7404,732.25000,0.27500000,s,l,
1526203939.664,695.00000,0.07006525,b,l,
1526426583.5097,707.90000,1.00000000,b,l,
1526203941.9869,695.30000,14.00000000,s,l,
1526203942.6606,695.30000,8.84067568,s,l,
1526335015.4072,730.75000,2.86005399,s,m,
1526339645.5317,724.46000,0.04000000,b,l,
1526335017.0336,730.81000,0.30000000,b,m,
1526203946.9445,694.00000,0.59949990,s,l,
1526335020.5481,730.74000,0.08140000,b,l,
1526466093.5101,702.50000,5.55160142,s,l,
1526486621.7907,699.27000,0.02300000,b,m,
1526335026.5671,729.96000,2.53000000,s,l,
1526335028.9984,729.96000,5.37600000,s,l,
1526335029.003,729.88000,0.10000000,s,l,
1526335030.8211,728.26000,2.28970000,s,m,
1526335031.1996,728.85000,0.40000000,b,m,
1526203960.7081,694.69000,0.07000000,b,m,
1526335033.8627,728.85000,1.23467450,b,l,
1526252379.1547,736.53000,0.10153159,b,m,
1526457765.3896,688.00000,3.33389055,s,m,
1526335036.9333,728.85000,2.07000000,s,l,
1526306475.5053,727.54000,0.04000000,b,l,
1526466112.0253,701.63000,0.06890000,s,l,
1526466113.1707,702.47000,0.02200000,b,l,
1526308620.4411,739.00000,15.17993291,b,m,
1526478436.0946,687.11000,4.77523551,s,l,
1526272432.4091,689.00000,1.00000000,s,m,
1526336083.9649,726.00000,32.52931161,s,l,
1526335047.3137,726.90000,1.00000000,s,m,
1526335048.1306,727.00000,1.02186067,b,l,
1526268172.3779,707.51000,25.00000000,s,m,
1526335050.8324,727.00000,0.67000000,b,l,
1526466123.2985,702.53000,0.00809048,s,l,
1526335052.1406,727.00000,0.39881631,b,l,
1526215586.9666,698.67000,0.14726203,b,m,
1526466129.7983,701.70000,0.04700239,s,l,
1526335058.8278,727.41000,2.00000000,s,m,
1526335059.1076,727.41000,6.03300000,s,l,
1526466133.025,702.55000,0.08554694,b,l,
1526230533.7587,731.00000,0.10000000,b,l,
1526466138.6212,702.30000,0.07592400,s,l,
1526387654.4465,732.98000,5.00000000,b,m,
1526204001.2681,694.67000,1.00072394,s,l,
1526466149.4304,702.86000,0.01515464,b,l,
1526519056.0431,714.68000,0.00021389,b,m,
1526572284.8162,706.97000,3.00000000,b,m,
1526380758.9306,737.17000,2.55000000,b,m,
1526204009.1441,695.35000,1.58279715,b,m,
1526335082.0644,727.51000,1.00000000,s,l,
1526360595.495,726.47000,0.22371805,s,m,
1526420825.3417,708.00000,20.00000000,b,l,
1526377549.2522,731.19000,1.27865489,b,l,
1526560859.6648,698.42000,0.76828898,s,m,
1526204019.8529,695.34000,0.02200000,b,m,
1526204021.4739,695.93000,0.01603548,b,l,
1526426958.1689,706.96000,2.20000000,s,l,
1526335102.365,727.91000,0.23891307,s,l,
1526550779.4407,702.95000,0.02600000,b,m,
1526204034.5354,695.77000,0.48658699,s,l,
1526204035.7838,695.77000,7.91341301,s,l,
1526466182.9395,702.60000,0.04953602,s,m,
1526303353.7651,695.07000,0.04039128,s,m,
1526335113.981,728.94000,1.50400000,b,m,
1526335114.0076,729.00000,4.00000000,b,m,
1526464791.4495,691.46000,0.03735928,s,l,
1526268437.4979,704.22000,5.00000000,s,l,
1526236361.0877,732.27000,0.05100000,b,l,
1526466191.2459,703.04000,0.02600000,b,l,
1526543402.3687,701.83000,0.33199783,s,m,
1526466196.8654,703.39000,0.02600000,b,l,
1526355566.4347,726.50000,15.24996100,s,l,
1526335126.2672,726.84000,0.68800000,s,m,
1526204055.7775,696.11000,0.02300000,b,l,
1526204056.2261,696.02000,0.00000010,s,l,
1526335129.8534,726.90000,1.50000000,s,l,
1526381915.5527,733.00000,0.08451258,b,l,
1526299908.6491,704.91000,0.18918919,b,l,
1526204062.3163,696.97000,0.00800000,b,m,
1526204063.0299,696.98000,0.20000000,b,m,
1526335137.4934,726.20000,0.00597607,s,m,
1526204066.8511,696.03000,1.00276035,s,l,
1526204069.86,696.97000,0.77836208,b,l,
1526335142.2036,726.90000,10.00000000,b,m,
1526204071.4046,697.10000,10.00000000,b,m,
1526395009.2619,711.97000,1.38720000,b,l,
1526335146.5617,726.21000,1.00000000,s,m,
1526255526.3828,730.32000,6.75431196,b,m,
1526552178.6712,699.34000,0.11265548,s,m,
1526204078.5961,696.90000,2.47700000,b,l,
1526233522.4214,724.70000,0.02000000,s,m,
1526204080.3403,696.10000,1.50000000,s,l,
1526204082.7074,697.10000,8.60000000,b,l,
1526202654.8892,679.58000,2.37562252,b,l,
1526466230.5912,704.82000,0.05994000,s,l,
1526204087.3575,696.00000,0.04309909,s,l,
1526381916.819,732.25000,0.56613732,s,l,
1526573955.4893,702.90000,2.69413701,b,l,
1526335165.5111,726.93000,0.33261814,s,l,
1526338271.1825,722.90000,0.53742978,b,m,
1526204095.0972,696.00000,2.95058477,s,l,
1526246347.586,735.43000,0.00634544,s,m,
1526335172.5479,728.14000,0.05696584,b,m,
1526204101.7619,695.61000,1.00000000,b,l,
1526204104.346,695.00000,0.09200000,s,l,
1526204105.7238,695.50000,0.05000000,b,l,
1526204106.2286,695.00000,0.09200000,s,l,
1526204108.2638,695.00000,0.31600000,s,l,
1526335181.5704,728.68000,0.25000000,b,m,
1526204110.9419,695.00000,6.00000000,b,l,
1526466260.138,704.74000,0.94000000,s,l,
1526466262.0167,704.06000,0.12967020,s,l,
1526335194.7812,727.28000,0.59000000,s,m,
1526335195.5254,729.61000,0.02424000,b,m,
1526225153.9308,713.75000,0.15699194,s,m,
1526246352.685,734.99000,0.09307100,s,l,
1526466277.1568,704.20000,1.50000000,b,m,
1526466280.9758,704.07000,0.10847551,s,l,
1526342637.3701,727.91000,0.02500000,b,l,
1526574034.7674,700.20000,0.23912228,s,l,
1526204144.4273,694.58000,0.02500000,b,l,
1526335218.9074,728.00000,0.14088101,b,l,
1526242192.5642,728.95000,0.02500000,b,l,
1526466292.2604,703.99000,0.02000000,b,l,
1526394793.3891,720.01000,1.05000000,s,m,
1526335224.115,728.00000,5.41697900,b,l,
1526574036.9472,700.58000,0.79792541,s,m,
1526335226.1902,728.00000,6.73100000,b,l,
1526335227.508,728.00000,5.31111899,b,l,
1526276555.233,697.00000,0.09000000,b,l,
1526343381.6664,731.70000,1.29762877,s,m,
1526574037.0944,701.58000,1.08344797,b,m,
1526300901.3157,705.97000,0.02339101,b,m,
1526532557.6102,713.38000,0.02000000,b,l,
1526204167.8786,694.58000,0.14179216,b,l,
1526397971.8258,719.12000,0.42446595,b,m,
1526233525.6928,724.40000,1.00000000,b,l,
1526204171.6979,694.90000,0.22207770,s,l,
1526466316.9273,703.99000,0.11973129,b,l,
1526486658.0908,698.51000,0.00104831,s,m,
1526335246.4459,728.06000,0.44842404,s,m,
1526258812.4311,729.91000,0.09900000,s,l,
1526530350.721,711.70000,0.80000000,b,l,
1526575081.0571,695.92000,0.02500000,b,l,
1526335259.095,729.39000,0.82472561,b,m,
1526396837.1576,711.99000,0.21070926,b,l,
1526304596.5876,687.52000,0.07141297,s,m,
1526204191.7905,695.92000,7.70000000,b,l,
1526466336.993,704.80000,0.50000000,b,m,
1526204195.8102,695.48000,0.05000000,s,l,
1526204197.4323,695.02000,0.70000000,s,m,
1526204201.4513,695.00000,8.85294059,s,m,
1526204202.4989,695.00000,5.00000000,s,m,
1526439272.6437,680.57000,13.53200000,b,l,
1526204209.6528,695.98000,2.83088495,b,m,
1526268039.8348,709.52000,1.60397021,s,m,
1526208712.9753,690.02000,0.03891984,b,m,
1526573959.2994,702.90000,4.23966258,b,l,
1526256475.6064,721.21000,0.54396664,s,m,
1526204214.3234,695.80000,1.50000000,s,l,
1526311903.7706,725.47000,0.26100000,b,l,
1526335295.3056,729.29000,0.94668375,b,m,
1526204224.1153,696.49000,0.02600000,b,m,
1526484548.2691,700.61000,3.65394187,s,l,
1526441776.5305,688.38000,1.00000000,b,m,
1526204233.3923,695.95000,0.05000000,b,l,
1526396857.8698,717.24000,17.00000000,b,m,
1526305949.0009,716.98000,0.01500000,b,m,
1526244344.5622,741.15000,4.94420000,b,m,
1526338276.3844,722.89000,0.02100000,b,l,
1526317276.148,731.80000,0.40000000,b,m,
1526511608.8948,699.40000,0.24700000,s,l,
1526290063.0314,707.07000,0.94610839,b,l,
1526268218.3541,706.51000,1.37571223,s,m,
1526466398.4609,704.75000,0.02600000,b,m,
1526335329.9881,728.02000,0.46354312,s,l,
1526466404.7513,704.11000,0.16605143,s,l,
1526307415.5147,732.08000,0.21076826,b,m,
1526422893.908,703.25000,0.05177000,s,l,
1526306477.7485,727.69000,2.00000000,b,l,
1526466412.0858,702.88000,0.26717134,s,l,
1526381922.9619,734.69000,0.17039943,b,l,
1526204273.2927,695.51000,0.03500000,b,l,
1526547774.3293,697.45000,0.00279616,s,m,
1526335352.4238,727.57000,10.00000000,s,m,
1526213077.5241,696.00000,0.51544400,b,l,
1526267960.7441,710.31000,17.17341662,s,m,
1526578247.9136,693.00000,0.10803040,b,l,
1526466438.5871,704.03000,0.02000000,b,m,
1526202689.8527,680.70000,0.00000462,b,m,
1526335368.214,727.99000,0.77967639,b,m,
1526377182.9444,730.06000,5.00000000,s,m,
1526335372.6814,727.21000,2.00000000,s,m,
1526333762.7459,738.75000,0.13093801,b,m,
1526246623.2871,735.45000,0.37105724,s,l,
1526565233.433,700.35000,0.00001099,s,l,
1526204304.1436,694.20000,1.50000000,s,l,
1526204305.2436,693.81000,7.70000000,s,l,
1526438662.1462,681.97000,0.02700000,b,l,
1526335379.4791,725.48000,0.00000001,s,m,
1526335382.3425,726.61000,7.70000000,s,l,
1526395017.7785,710.70000,1.80285258,s,m,
1526335385.5759,725.94000,2.09539320,s,m,
1526335386.0539,726.00000,0.14448014,b,m,
1526335388.4022,725.94000,0.32450000,s,m,
1526335389.0251,726.00000,3.18400000,b,l,
1526214823.071,701.54000,198.77500000,b,l,
1526268229.6568,706.70000,1.04438889,s,l,
1526335392.1508,726.00000,0.20400000,b,l,
1526224539.478,717.00000,0.25000000,s,m,
1526335397.1831,727.94000,0.12119647,b,m,
1526230124.0899,732.45000,0.02100000,b,m,
1526442993.4379,681.51000,0.64145616,s,l,
1526466472.1849,704.42000,0.02600000,b,l,
1526204332.2078,693.09000,0.26847740,s,m,
1526335411.6892,727.67000,7.70000000,b,m,
1526486686.6764,699.28000,0.02600000,b,l,
1526466488.3912,704.46000,0.50000000,s,l,
1526246388.789,734.36000,0.51100000,b,m,
1526355615.6461,726.56000,0.98825124,b,l,
1526236396.489,730.92000,0.65720698,s,m,
1526335422.2684,725.98000,4.24346392,s,m,
1526204351.2765,694.50000,0.05000000,b,l,
1526364540.7082,735.97000,0.01583592,b,m,
1526204355.4875,694.49000,8.44440226,b,m,
1526199984.4519,681.08000,0.09840000,s,m,
1526363216.3619,733.10000,0.00341465,s,m,
1526335431.8029,725.38000,1.00000000,s,m,
1526208713.0078,690.12000,0.02900000,b,m,
1526442999.3934,681.51000,6.13000000,s,l,
1526335436.9478,727.07000,0.38762501,b,m,
1526552226.8183,699.30000,1.59608328,s,m,
1526204367.559,693.20000,0.00055382,b,l,
1526204368.1,693.26000,0.00019000,s,l,
1526204371.4438,693.10000,0.01000000,s,l,
1526204373.029,693.19000,0.02781000,b,l,
1526268448.5559,704.85000,0.89050914,b,l,
1526335449.5902,725.02000,0.60191365,s,m,
1526204380.455,693.70000,0.10000000,s,l,
1526443002.5802,681.51000,6.85000000,s,l,
1526335454.6779,725.02000,0.04780000,s,l,
1526466527.5539,704.09000,6.22000000,b,l,
1526204384.599,693.75000,0.04300000,b,l,
1526335459.9244,725.20000,0.07331262,b,m,
1526335460.9095,725.00000,1.00000000,s,l,
1526204389.8238,694.02000,0.05000000,b,l,
1526335462.1903,724.00000,5.00000000,s,l,
1526271876.5757,688.65000,1.53957167,s,m,
1526330919.9469,739.84000,0.66000000,b,m,
1526335468.2474,724.10000,1.50000000,s,m,
1526443005.4672,681.51000,0.21943607,s,l,
1526335472.874,724.68000,0.05119857,b,m,
1526466545.7266,704.45000,0.02700000,b,l,
1526204404.4068,694.38000,0.02200000,b,l,
1526404895.3979,720.42000,0.02800000,b,m,
1526335484.5381,724.00000,10.00000000,s,l,
1526335485.7246,724.00000,0.86089994,s,m,
1526335487.2433,724.00000,0.50975622,s,l,
1526306478.2377,727.59000,0.00086165,s,l,
1526204418.7914,695.17000,0.02200000,b,l,
1526272814.9413,693.06000,0.03413437,s,l,
1526335492.669,723.38000,0.65980995,b,m,
1526268246.646,706.90000,1.50000000,b,l,
1526335494.2445,723.37000,1.39000000,b,m,
1526556127.4451,699.07000,0.02500000,b,l,
1526204426.581,695.28000,0.02200000,b,l,
1526246402.6094,733.02000,0.24746124,s,l,
1526335502.8854,723.00000,4.60000000,s,l,
1526307351.8727,730.21000,0.19021144,s,m,
1526335505.1766,723.00000,0.68099710,b,m,
1526204435.2638,695.00000,2.01997800,s,l,
1526258828.5174,731.06000,0.02500000,b,m,
1526330739.794,740.98000,0.04268255,b,m,
1526268249.0781,707.58000,0.27769455,b,m,
1526335514.2854,722.99000,0.08056700,b,l,
1526335515.6935,723.57000,1.07000000,b,l,
1526335516.1048,723.69000,0.09100000,b,l,
1526335517.1951,723.72000,0.04770234,b,m,
1526335518.4857,723.75000,0.99548362,b,l,
1526359725.8167,729.97000,0.02200000,b,m,
1526382017.6358,734.96000,0.06803067,s,m,
1526335521.856,723.94000,1.10100000,b,l,
1526335522.5576,723.94000,0.73942221,b,l,
1526322641.4275,732.25000,0.15700000,b,m,
1526568100.5111,706.96000,0.02700000,b,l,
1526204454.0309,695.00000,0.09090900,s,l,
1526335527.4245,725.10000,0.48000000,b,l,
1526327918.0831,735.61000,0.02200000,b,m,
1526335529.5654,725.10000,0.87300000,b,l,
1526394256.2128,726.93000,4.40000000,b,m,
1526204461.6878,695.00000,6.00000000,s,m,
1526268253.2886,708.07000,0.04400000,b,l,
1526335536.4905,726.00000,1.83938492,b,m,
1526508552.7743,698.02000,0.14163530,s,m,
1526204466.6987,695.00000,0.19941776,s,l,
1526204467.2595,695.13000,0.05000000,b,l,
1526335542.9971,725.99000,0.08030754,b,l,
1526335543.0012,726.00000,0.15203267,b,l,
1526224564.0686,716.80000,0.00001970,b,l,
1526361471.8707,728.09000,0.40727787,s,l,
1526455744.423,692.38000,0.02600000,b,m,
1526249143.2952,730.20000,5.80439581,s,m,
1526335553.0833,726.00000,0.26969246,b,m,
1526462729.6003,689.95000,1.03326239,b,l,
1526338284.1042,722.02000,0.45566738,s,l,
1526466631.2791,705.22000,0.02600000,b,l,
1526293120.6047,698.50000,9.00000000,b,l,
1526256783.1566,716.76000,3.00000000,s,m,
1526335563.341,727.15000,6.26111005,b,m,
1526466636.0837,705.20000,2.00000000,b,m,
1526454642.1793,687.97000,6.22200000,b,m,
1526434190.7597,690.05000,8.25160958,s,l,
1526466642.8988,705.19000,4.47872540,b,m,
1526466643.2503,705.19000,0.52127460,b,m,
1526373651.3414,726.15000,0.10209959,b,m,
1526335578.9713,726.00000,4.75268128,b,l,
1526390659.11,726.91000,0.09343075,s,l,
1526335583.5827,726.00000,0.10000000,b,m,
1526306056.9066,717.47000,9.48100000,s,l,
1526385941.2913,731.85000,0.02600000,b,m,
1526412482.2494,709.18000,4.40000000,b,l,
1526200858.8774,683.00000,0.11098890,s,l,
1526335594.4309,725.45000,0.07981895,s,m,
1526437981.9582,680.01000,2.99980839,s,m,
1526202728.1066,680.53000,0.10402172,s,l,
1526443034.0976,681.04000,0.04825813,s,l,
1526316463.7665,728.49000,1.85364222,b,l,
1526453224.4679,684.11000,1.51478241,s,l,
1526308648.4938,740.49000,2.80000000,b,m,
1526229241.9854,730.78000,0.05400000,b,m,
1526482315.5818,689.58000,0.02100000,b,m,
1526457547.8941,689.94000,0.02800000,b,m,
1526204544.8024,695.07000,0.07503268,b,l,
1526204546.9143,695.07000,0.05000000,s,l,
1526320828.2,731.90000,0.66000000,s,m,
1526399340.3936,718.87000,0.42162930,b,l,
1526456960.1947,688.27000,0.17334990,s,l,
1526443035.9671,681.02000,4.18800153,s,l,
1526330704.2779,740.30000,1.49476259,s,m,
1526274629.7738,688.10000,1.50000000,s,m,
1526306479.1996,727.68000,0.22671396,s,l,
1526524826.8049,712.99000,0.02000000,b,l,
1526335641.1782,725.99000,0.05056469,b,m,
1526311962.5535,726.01000,0.03813814,b,l,
1526438671.7329,682.30000,0.01800000,b,l,
1526443035.9612,681.02000,0.81199847,s,l,
1526412484.4133,710.00000,0.00472192,b,l,
1526204582.0845,695.06000,0.05000000,b,l,
1526246428.4117,733.01000,2.40382239,s,m,
1526460494.3282,685.41000,0.00002533,s,l,
1526443036.7049,681.00000,0.06740000,b,l,
1526187765.3788,670.98000,0.25100000,b,l,
1526281549.6449,703.96000,0.13953997,b,m,
1526335671.9364,726.00000,0.80000000,b,m,
1526335674.6047,726.00000,0.54144093,b,l,
1526268414.3616,705.19000,1.06295033,b,m,
1526268277.1555,708.06000,0.00278746,s,m,
1526335681.5006,726.00000,0.86932622,b,l,
1526335682.2723,726.00000,0.16631164,b,l,
1526335686.8746,725.99000,2.16992078,s,l,
1526335687.9064,725.99000,1.28314253,s,l,
1526204616.8197,695.00000,0.05130000,s,l,
1526335689.5694,726.00000,2.31015317,b,l,
1526256419.1923,722.72000,19.55167284,s,m,
1526204619.9067,695.03000,0.05000000,b,l,
1526415026.4204,710.19000,1.48444750,b,l,
1526307737.8741,726.60000,1.36723460,b,m,
1526530424.6015,710.89000,0.29606006,s,l,
1526390663.5973,727.95000,0.20810217,b,m,
1526335701.2713,725.99000,2.30101603,s,l,
1526466774.8704,705.00000,0.23606370,s,l,
1526202745.6356,680.52000,1.00000000,s,l,
1526378930.6812,728.02000,4.40000000,b,m,
1526187342.8273,672.36000,0.94000000,s,l,
1526335711.6465,725.00000,3.00000000,s,l,
1526335712.2375,724.19000,1.00000000,s,m,
1526466785.3088,705.02000,0.02000000,b,l,
1526466786.0617,705.02000,0.02700000,s,l,
1526335717.6285,724.90000,1.50000000,b,l,
1526453576.2623,682.00000,2.74000000,b,l,
1526225741.4589,718.23000,0.04900000,b,m,
1526464892.7457,692.39000,0.02600000,b,l,
1526363113.6391,732.57000,5.00000000,b,l,
1526290130.0235,707.05000,0.02600000,b,l,
1526204656.7538,695.02000,0.05000000,b,l,
1526290280.3306,706.24000,0.45073854,s,m,
1526486739.26,700.00000,1.00000000,b,l,
1526335732.8532,725.09000,0.88000000,b,m,
1526473590.6011,703.30000,0.55248357,s,l,
1526335737.2615,724.01000,0.25432680,s,l,
1526438674.2685,682.32000,0.31814664,b,l,
1526464895.9958,692.44000,0.02500000,b,l,
1526258754.0502,729.81000,0.09900000,s,l,
1526466814.1167,705.00000,0.26393630,s,l,
1526335743.0909,725.57000,2.58336058,b,m,
1526335745.0327,724.00000,1.87904475,s,l,
1526335746.6965,723.94000,3.29731863,s,l,
1526466819.5111,704.27000,0.06733431,s,l,
1526244504.4733,735.30000,0.65763451,s,m,
1526303566.3207,694.00000,3.00000000,s,l,
1526335758.1038,725.63000,1.00000000,b,m,
1526476695.1023,702.24000,1.56713425,s,l,
1526204696.454,694.99000,0.11884572,b,l,
1526451381.6447,684.03000,0.04388350,b,l,
1526204699.9335,694.99000,0.06517518,s,l,
1526303375.7951,695.00000,1.38578539,b,l,
1526268459.4398,705.00000,5.75271185,b,l,
1526335780.9229,723.53000,1.52426127,s,l,
1526335781.7188,723.00000,0.02400000,b,l,
1526335784.7843,723.00000,1.51990739,b,l,
1526335785.3538,723.00000,0.67974802,b,m,
1526335787.9465,723.00000,0.07991738,b,l,
1526335789.4748,723.00000,0.94054163,b,l,
1526335792.2444,723.00000,20.00000000,b,l,
1526335793.8286,723.00000,0.06800000,b,l,
1526335794.0451,723.00000,0.48038038,b,l,
1526335798.7479,723.00000,2.00150000,b,l,
1526268297.2769,708.66000,17.96000000,b,l,
1526335800.4264,723.00000,0.02980557,b,m,
1526335801.0191,723.00000,0.66065086,b,m,
1526407554.6475,712.15000,0.07250000,s,l,
1526438685.5121,684.00000,0.39500000,b,l,
1526335805.3339,723.00000,10.00000000,b,m,
1526335807.8523,723.00000,10.00000000,b,m,
1526335808.3079,723.00000,0.18255000,b,l,
1526335811.2425,722.99000,0.40552343,b,m,
1526308675.9989,735.76000,4.89990297,b,l,
1526335819.9271,723.00000,0.13100000,b,l,
1526335822.3713,723.00000,0.62225536,b,m,
1526333837.3633,737.98000,4.13840583,s,l,
1526244325.6049,738.63000,7.70000000,b,m,
1526268302.8375,708.99000,0.37700000,b,m,
1526228546.7783,736.96000,6.71757643,b,m,
1526525503.3392,714.66000,0.02100000,b,m,
1526412490.2497,710.01000,5.00000000,s,m,
1526335833.983,723.00000,0.08831779,b,m,
1526335834.0089,723.00000,0.60213864,b,m,
1526335835.5565,723.00000,0.46020765,b,l,
1526574138.9833,700.40000,0.00003473,s,m,
1526335839.0564,723.00000,0.94217694,b,l,
1526259702.7079,728.42000,0.13448989,s,l,
1526329063.9524,733.11000,0.30000000,s,m,
1526204773.8741,695.00000,0.02300000,b,m,
1526525968.0391,714.07000,2.43318347,s,l,
1526268305.1764,708.52000,0.27322000,s,l,
1526299013.3966,712.29000,0.02700000,s,l,
1526246460.4199,734.17000,1.69802229,b,l,
1526202770.4917,681.69000,0.21500000,b,l,
1526573978.7232,700.25000,79.14800000,s,l,
1526249153.1614,730.97000,0.02500000,b,l,
1526224616.0765,719.50000,0.39677212,b,m,
1526390029.1451,730.83000,7.72700000,b,l,
1526302382.2498,702.89000,0.05600000,b,l,
1526311998.0384,725.86000,0.08405170,s,m,
1526482209.1605,689.61000,0.04402037,b,m,
1526335863.991,725.46000,4.75569548,b,m,
1526316472.3302,728.44000,0.40685802,b,l,
1526466950.3182,703.03000,0.44975006,s,l,
1526466952.7425,704.29000,0.07000000,b,m,
1526329176.6246,733.58000,0.68801253,b,m,
1526277675.6153,697.52000,14.30700000,s,l,
1526211258.2442,694.93000,2.00000000,b,l,
1526204818.2513,695.00000,4.36385961,b,l,
1526466963.791,704.29000,0.18817645,b,l,
1526204821.5011,695.00000,0.11200000,b,l,
1526466966.2211,704.64000,3.00000000,b,l,
1526204824.2157,695.00000,0.02600000,b,l,
1526335897.6607,725.83000,5.82800000,b,m,
1526466970.8131,705.04000,0.03900000,b,l,
1526484812.3518,699.08000,0.05545546,s,m,
1526466972.8226,705.10000,0.32440000,s,l,
1526544782.8997,699.95000,0.02200000,b,l,
1526204830.2443,695.50000,0.05500000,b,l,
1526204833.1617,696.46000,2.55000000,b,l,
1526466978.7145,705.24000,5.00000000,b,l,
1526333851.7261,737.96000,0.00098952,b,m,
1526204837.9698,695.70000,0.06162657,s,l,
1526239655.6148,730.79000,4.00000000,b,m,
1526204840.3656,696.49000,4.91600000,b,l,
1526466989.9993,705.86000,0.26584959,b,m,
1526466990.0022,705.87000,1.20358159,b,m,
1526443080.8508,680.99000,0.56605904,b,l,
1526335923.4416,725.37000,5.10000000,b,l,
1526204852.6805,696.99000,0.02200000,b,m,
1526408610.2606,709.10000,0.01971941,s,l,
1526335927.9562,725.39000,0.09179870,b,l,
1526335928.8349,725.99000,1.32100000,b,l,
1526467002.9034,706.00000,1.05204059,s,l,
1526525098.2914,713.96000,0.02700000,b,l,
1526335932.3541,726.24000,1.05500000,b,l,
1526335934.7234,726.82000,4.90900000,b,l,
1526330739.8582,741.61000,0.36268191,b,m,
1526429148.0275,704.87000,0.02000000,b,m,
1526229416.9265,735.48000,0.02600000,b,m,
1526204868.0572,697.00000,0.04360731,b,m,
1526467013.5693,706.00000,0.07000000,s,m,
1526335942.561,727.00000,0.09200000,b,l,
1526335943.4678,727.00000,4.33060000,b,l,
1526335944.2754,727.00000,0.45000000,b,l,
1526335945.0285,727.00000,1.00687758,b,l,
1526335946.9108,727.00000,1.83200000,b,l,
1526335947.9696,727.00000,0.02100000,b,l,
1526335948.4389,727.39000,0.02500000,b,l,
1526464930.2188,692.46000,0.02400000,b,m,
1526202997.7776,681.09000,0.02100000,b,l,
1526335952.7122,729.28000,0.02100000,b,l,
1526467028.8597,706.40000,0.25000000,b,m,
1526467034.7851,706.45000,0.02000000,b,l,
1526246479.7507,734.29000,0.43660623,b,m,
1526204892.5736,697.01000,0.90340000,s,l,
1526467037.7907,706.80000,0.52204059,s,l,
1526207362.7285,694.99000,0.22133684,s,m,
1526268325.9323,709.01000,0.02400000,b,m,
1526335969.2732,729.83000,3.50000000,s,l,
1526335970.2374,729.83000,4.99440226,s,l,
1526335972.1985,729.82000,8.66300000,s,l,
1526370210.9838,735.47000,0.03400000,b,l,
1526335974.4386,728.90000,0.15500000,s,m,
1526335977.1725,729.83000,0.25185005,s,l,
1526231412.2228,738.55000,0.54227318,s,l,
1526335979.641,728.82000,1.00000000,b,l,
1526540626.9988,705.00000,0.25000000,s,m,
1526574162.8699,701.69000,0.68777889,b,m,
1526404895.4478,721.38000,5.00000000,b,m,
1526335984.6451,728.79000,0.10000000,b,l,
1526335985.9854,728.10000,1.30807014,s,l,
1526443091.1406,681.00000,0.57020000,b,l,
1526335989.0268,728.11000,1.12833329,s,l,
1526335990.7248,727.95000,0.32701981,s,l,
1526204919.8128,697.41000,0.50000000,s,m,
1526335993.7797,728.37000,0.24869735,b,l,
1526335994.3878,727.16000,1.07914431,s,l,
1526224639.1961,718.56000,0.02100000,b,m,
1526204925.1101,698.00000,10.00000000,b,m,
1526335998.9357,727.54000,2.13000000,b,l,
1526335999.3902,727.00000,0.68140431,s,l,
1526467072.4545,706.56000,1.92800000,b,m,
1526467073.9931,706.54000,0.02300000,b,m,
1526336002.4976,727.00000,0.33409163,s,l,
1526204931.7419,698.00000,0.92307600,b,l,
1526336006.3779,727.16000,1.00000000,s,l,
1526336007.2573,727.16000,0.67000000,s,l,
1526476715.1826,699.67000,5.50133654,s,l,
1526230289.6078,731.98000,0.21800000,b,m,
1526543292.2402,701.91000,0.69049400,s,m,
1526467088.0996,706.48000,0.95700000,b,m,
1526250774.4298,734.00000,14.31300000,s,l,
1526467093.9543,705.75000,0.10000000,s,m,
1526204952.5242,698.45000,0.01663323,b,m,
1526204953.0212,698.45000,0.00836677,b,m,
1526464943.0447,692.48000,1.17000000,b,m,
1526242760.5504,731.19000,5.00000000,s,l,
1526204960.9181,698.20000,0.49586000,s,l,
1526204961.1077,698.20000,0.21170000,s,l,
1526204962.8305,698.20000,0.30690000,s,l,
1526336037.2054,726.79000,0.03409163,b,m,
1526438684.2146,683.94000,0.39900000,b,l,
1526204967.2548,698.88000,0.02500000,b,l,
1526336040.6498,726.79000,1.00000000,b,m,
1526522710.842,713.96000,2.58000000,b,l,
1526465769.9674,704.60000,2.30000000,b,m,
1526508637.0818,699.73000,0.16399651,b,m,
1526204976.3975,699.00000,2.84645285,b,l,
1526444375.5159,684.90000,0.02700000,b,l,
1526467124.4134,705.55000,0.05037814,s,l,
1526246494.7302,734.80000,0.40741295,b,l,
1526467127.8063,705.17000,7.23000000,s,l,
1526410050.8686,710.47000,0.00258867,b,l,
1526291520.7463,703.00000,5.00000000,s,l,
1526467132.6963,704.77000,1.16263620,s,l,
1526204990.6923,698.99000,0.02600000,b,l,
1526324801.7538,738.44000,1.36000000,b,m,
1526495301.7014,697.52000,0.25621786,s,l,
1526204995.5164,699.00000,15.00000000,b,l,
1526438685.9123,684.59000,0.39200000,b,l,
1526220459.6146,703.98000,0.02000000,b,l,
1526204998.9648,699.00000,0.06879061,s,l,
1526254108.8202,734.33000,0.03950141,b,l,
1526205002.2376,699.00000,0.04440939,s,l,
1526268469.7726,705.65000,0.10189945,b,l,
1526360124.3429,729.50000,1.15284000,s,l,
1526268344.1348,707.80000,2.53878702,b,l,
1526205010.3014,699.49000,0.02300000,b,l,
1526336083.9593,726.00000,0.06425462,s,l,
1526267703.4612,715.60000,0.11308900,s,m,
1526336085.4502,726.00000,0.04000000,s,l,
1526205014.7138,699.50000,0.01300000,b,l,
1526336087.3484,726.00000,0.47673583,s,m,
1526336088.6741,726.00000,1.99056860,s,l,
1526281563.5783,703.57000,0.04921311,s,m,
1526336091.3641,725.11000,2.03056860,s,l,
1526438105.6831,681.00000,0.39200000,b,l,
1526573986.1823,702.41000,8.22782009,s,l,
1526205024.8463,699.58000,0.02500000,b,l,
1526467169.9863,704.77000,0.14684287,s,l,
1526336101.6749,725.65000,8.49440226,b,m,
1526467174.7417,704.77000,0.47362590,s,l,
1526205032.2971,699.40000,0.02640000,s,l,
1526467177.5787,704.77000,7.25466098,s,l,
1526336107.7861,724.99000,0.21849640,b,l,
1526224658.0679,718.57000,0.02800000,b,m,
1526443051.0794,680.69000,0.97848328,s,m,
1526336116.2432,724.99000,0.28785052,b,l,
1526336117.9071,725.65000,0.62800000,b,l,
1526268351.4534,708.38000,0.14718311,b,l,
1526508220.1951,697.98000,0.02500000,b,m,
1526443114.2647,681.00000,1.18971332,b,l,
1526205054.5331,699.61000,0.45633529,s,l,
1526229190.0588,729.23000,1.49006884,s,m,
1526520435.4814,708.30000,0.50000000,b,m,
1526464961.1909,692.47000,0.02600000,b,l,
1526246509.4058,735.00000,0.00095702,s,m,
1526316481.1413,728.76000,2.41898776,b,l,
1526399407.98,718.04000,4.04111556,s,m,
1526381949.4614,735.50000,13.57100000,s,l,
1526258473.2672,729.70000,0.93908000,b,m,
1526205084.0662,699.10000,0.82000000,s,m,
1526220462.9004,704.00000,0.09000000,b,l,
1526312117.4676,724.99000,2.80070000,b,m,
1526303388.5426,695.00000,0.88160441,s,l,
1526395043.0394,710.27000,0.30000000,s,m,
1526307628.2191,727.15000,0.02100000,s,m,
1526422578.244,704.21000,22.12080000,s,m,
1526467241.3852,703.96000,0.02700000,b,m,
1526336178.0712,725.85000,0.02500000,b,m,
1526205108.5863,699.23000,4.87200000,s,l,
1526336182.07,724.98000,0.36231268,s,l,
1526205111.7532,698.80000,2.26243530,s,l,
1526306263.9277,729.36000,4.82839090,b,m,
1526336186.2387,724.92000,0.02792547,s,l,
1526205122.265,698.80000,0.98200000,s,l,
1526543136.9341,703.99000,1.03645817,s,l,
1526205125.6697,698.02000,1.84080602,s,l,
1526205126.8583,698.00000,2.60080602,s,l,
1526336201.2104,723.00000,0.10000000,s,l,
1526467275.841,704.00000,136.27611322,b,m,
1526329176.6303,733.82000,11.37640233,b,m,
1526268365.1576,706.65000,0.50000000,s,m,
1526467280.4929,703.98000,0.02000000,b,l,
1526443128.4972,680.51000,2.63523713,s,l,
1526476698.9467,701.75000,0.05000000,s,m,
1526198813.3696,685.27000,0.02200000,b,m,
1526336212.3468,724.24000,0.10827265,b,m,
1526272331.4747,693.00000,95.73800000,s,l,
1526244422.2097,738.62000,0.02200000,b,m,
1526205146.5542,698.43000,3.30200000,b,l,
1526205147.3516,698.83000,0.02500000,b,m,
1526214272.2421,696.17000,2.55000000,s,l,
1526303390.5494,694.00000,206.63224332,b,l,
1526486821.9388,700.74000,0.02200000,b,m,
1526336224.7781,724.24000,0.97900000,b,l,
1526336228.6619,724.24000,0.62800000,b,l,
1526205158.6225,697.67000,2.93680602,s,m,
1526467304.8406,705.20000,0.52247036,s,l,
1526336233.0849,724.60000,0.28200000,b,m,
1526336234.1049,723.90000,20.92997495,s,m,
1526394900.2894,715.96000,3.53175010,b,l,
1526467308.4382,704.54000,1.95862776,b,m,
1526246525.3587,735.59000,0.75467658,b,m,
1526438104.6632,680.96000,0.01997025,b,l,
1526336244.1826,724.80000,0.72541958,b,l,
1526336245.7717,724.99000,0.02800000,b,l,
1526336247.6209,724.99000,0.09000000,b,l,
1526336249.8641,724.97000,0.02557640,s,l,
1526336250.9914,724.99000,0.14081330,b,l,
1526336251.0031,724.99000,0.55154778,b,l,
1526470588.5849,710.91000,21.25508535,b,m,
1526268373.3336,706.52000,0.26261384,s,m,
1526574208.1325,700.54000,0.30797480,s,l,
1526205187.7812,697.67000,0.38019398,s,l,
1526336261.767,726.19000,0.02400000,b,l,
1526308827.8115,739.25000,2.13952083,b,l,
1526296616.2165,710.50000,0.02300000,b,m,
1526316485.4244,728.80000,0.39767645,b,l,
1526303336.5152,697.23000,0.00306649,s,m,
1526522962.0259,713.62000,0.08533934,b,m,
1526272840.1176,694.65000,0.03600000,b,m,
1526273932.8213,700.70000,0.00000662,b,l,
1526223990.6102,717.61000,9.90000000,s,m,
1526421437.6863,707.00000,1.00000000,s,l,
1526205205.6672,697.07000,1.00000000,s,m,
1526455130.2971,690.00000,1.37042478,b,m,
1526467358.6368,704.89000,0.12562563,b,l,
1526205215.2093,696.80000,1.00000000,s,m,
1526268379.4546,706.51000,19.99991297,s,m,
1526541157.0716,705.63000,0.02600000,b,l,
1526241016.1886,729.19000,0.04000000,b,m,
1526316486.5708,728.78000,0.57810000,s,l,
1526438105.7446,681.00000,0.39300000,b,l,
1526336300.9728,726.24000,4.00000000,s,m,
1526205231.0435,697.98000,0.02600000,b,m,
1526336307.3923,726.24000,1.00000000,s,l,
1526530526.1069,711.50000,0.17567654,b,l,
1526372921.8657,726.77000,0.02100000,b,l,
1526443145.9555,680.51000,4.92592351,s,m,
1526205241.6803,698.00000,3.26440272,b,l,
1526294664.0297,706.00000,0.00016902,b,l,
1526465871.2754,704.72000,4.21500000,s,l,
1526277206.882,697.72000,0.02300000,b,m,
1526205245.9618,698.50000,0.06321423,b,l,
1526478436.0843,687.11000,1.67660000,s,l,
1526196467.573,683.47000,0.06047235,b,m,
1526467399.1813,705.30000,0.02000000,b,m,
1526465757.0386,700.00000,0.00000001,b,l,
1526362970.3612,733.00000,4.88331585,b,m,
1526205269.29,698.25000,0.02500000,b,l,
1526205270.9455,698.26000,0.02500000,b,l,
1526355769.3856,725.62000,0.01000000,s,l,
1526336344.5475,725.02000,0.20026706,s,l,
1526467419.8102,704.86000,2.78324211,b,l,
1526404895.4606,721.60000,0.00000791,b,m,
1526244605.3801,735.50000,0.12400000,s,l,
1526467424.1542,705.25000,0.60000000,s,l,
1526312080.2437,726.01000,0.02100000,b,m,
1526395058.7755,709.31000,2.34661468,s,m,
1526307759.1777,726.99000,0.57400000,b,m,
1526205287.6501,698.25000,0.13090619,b,l,
1526229242.0244,731.88000,0.02600000,b,m,
1526205291.6315,698.48000,0.05200000,b,l,
1526205294.303,698.47000,0.02200000,b,l,
1526467440.7727,706.42000,0.02000000,b,m,
1526530350.6899,711.70000,1.00000000,b,l,
1526296882.7078,711.66000,0.24436074,b,m,
1526417342.358,713.46000,2.61000000,s,l,
1526268393.6296,706.50000,0.00319105,b,m,
1526336376.8873,725.14000,14.01900000,s,l,
1526312084.8373,724.97000,2.01935408,s,l,
1526336378.3732,725.07000,0.62973723,s,l,
1526336379.1108,724.94000,5.03909915,s,l,
1526440658.6907,685.30000,8.59100000,b,m,
1526271499.1974,697.40000,18.20000000,s,l,
1526189918.8187,676.13000,0.00002456,s,l,
1526232063.4458,732.60000,1.34150715,s,m,
1526268396.6717,706.00000,7.70000000,s,l,
1526223166.4516,714.97000,5.00000000,b,m,
1526446463.0294,684.67000,0.02400000,b,l,
1526224706.0583,718.60000,2.00000000,b,m,
1526220470.644,706.50000,10.00000000,b,m,
1526566701.5347,703.25000,0.02300000,b,l,
1526336403.9087,724.46000,0.12960947,b,m,
1526395051.536,711.92000,1.47234568,b,l,
1526495435.4809,699.09000,0.00200000,b,l,
1526467479.0265,703.31000,2.67240000,s,m,
1526268399.1661,706.00000,1.71746601,s,l,
1526438105.5143,681.00000,0.39600000,b,l,
1526205342.9998,698.50000,1.70138577,b,m,
1526205343.0191,699.63000,0.03600000,b,m,
1526268400.0371,705.00000,0.20000000,s,m,
1526281574.9453,704.07000,0.02200000,b,m,
1526268401.3653,705.00000,6.54089249,s,m,
1526467497.817,703.38000,0.04791100,s,m,
1526467502.6525,703.38000,0.08500000,s,l,
1526336432.921,724.00000,0.05000000,s,m,
1526570856.4118,706.62000,0.03000000,b,m,
1526574238.4589,700.56000,0.70762272,s,l,
1526420834.3835,709.95000,0.00003313,b,l,
1526336440.2146,724.49000,0.35056072,b,l,
1526268404.9109,705.01000,2.28500000,s,l,
1526465507.8384,694.00000,3.76800000,b,l,
1526336447.0851,725.00000,0.00000637,b,l,
1526367965.1838,732.54000,0.49154130,s,m,
1526290251.8065,707.10000,1.20706467,s,l,
1526336452.8463,724.37000,3.50000000,s,l,
1526336456.5813,725.55000,1.25600000,b,l,
1526205388.5871,698.60000,0.82547370,s,l,
1526205390.6847,699.67000,0.59343991,b,m,
1526233265.3831,720.59000,0.88414844,b,m,
1526242751.2859,731.50000,0.02500000,b,m,
1526205397.3424,698.31000,0.08498648,s,l,
1526205400.7267,698.18000,1.19797030,s,l,
1526481617.2796,689.36000,0.02200000,b,l,
1526205403.4003,698.04000,0.86600000,s,l,
1526574037.0913,701.55000,2.04285354,b,m,
1526508709.1133,699.50000,0.50000000,s,m,
1526205409.7295,698.00000,9.52470510,s,l,
1526336482.2887,725.01000,1.09000000,s,l,
1526268411.576,705.00000,3.40976245,s,l,
1526205418.5503,697.98000,0.45500000,b,m,
1526203015.478,681.26000,9.00000000,s,l,
1526268413.8718,705.01000,1.00000000,b,l,
1526415597.5734,712.92000,14.02000000,b,l,
1526268483.6414,705.98000,0.00300000,b,l,
1526484556.1647,700.10000,41.39002668,s,l,
1526268414.3645,705.19000,0.42493701,b,m,
1526409300.0746,710.66000,0.02600000,b,l,
1526336504.0305,725.06000,5.00000000,s,l,
1526256475.5773,721.21000,5.54100000,s,m,
1526467578.3825,703.14000,0.04000000,s,m,
1526530559.9816,712.18000,0.02000000,b,l,
1526449174.1622,681.08000,0.01663726,b,l,
1526377642.6134,730.55000,0.33583947,b,l,
1526399488.545,719.29000,0.02700000,b,m,
1526412513.7373,710.32000,0.46669132,s,l,
1526336524.3072,725.77000,0.05000000,b,m,
1526443181.55,680.00000,0.44411231,s,m,
1526336530.1215,725.09000,1.00000000,s,l,
1526336532.2786,725.04000,2.81430000,s,l,
1526336533.0697,725.04000,2.09070000,s,l,
1526336535.7552,725.00000,122.70390000,s,l,
1526336536.842,725.00000,2.06321034,s,l,
1526336537.0876,725.00000,2.30499270,s,l,
1526336538.8838,725.03000,1.00000000,b,l,
1526467611.6273,703.16000,0.04000000,s,m,
1526572156.5172,706.93000,0.02000000,b,m,
1526381962.89,735.50000,1.48778779,b,l,
1526205471.6074,697.92000,0.23243252,b,l,
1526195448.6725,678.52000,132.74200000,s,l,
1526205473.088,697.93000,1.46663363,b,l,
1526550727.7037,702.67000,0.02300000,b,m,
1526467622.199,703.15000,0.02700000,s,m,
1526205480.7643,697.92000,0.02300000,b,l,
1526336553.1792,725.00000,0.30669300,s,l,
1526336554.7054,725.00000,9.00000000,s,l,
1526467628.401,703.18000,0.02700000,s,m,
1526336557.9585,725.00000,0.98841060,s,l,
1526336560.7857,725.00000,3.00988710,s,l,
1526242298.0812,729.88000,0.02100000,b,m,
1526336562.3374,725.00000,3.00978720,s,l,
1526336564.0732,725.00000,3.00978720,s,l,
1526307766.8743,725.60000,0.26569360,s,m,
1526327458.7817,729.56000,7.70000000,b,m,
1526438105.6103,681.00000,0.39400000,b,l,
1526336572.3851,725.00000,1.00000000,s,m,
1526336573.1969,725.00000,10.34000000,s,l,
1526336574.8567,725.00000,3.00968730,s,l,
1526336575.2188,725.00000,8.98000000,s,l,
1526336576.3641,725.00000,2.81570000,s,l,
1526336577.3632,725.00000,3.00968730,s,l,
1526336579.9398,724.00000,0.62000000,s,l,
1526205508.509,696.78000,2.48592466,s,l,
1526258952.9617,730.50000,0.33922840,s,l,
1526268428.4952,704.21000,2.09760000,s,l,
1526309104.1246,732.63000,0.39563725,b,l,
1526268486.2479,706.57000,0.44994960,s,l,
1526467661.8309,703.20000,0.25117489,s,l,
1526467662.2152,703.20000,0.00065136,s,l,
1526465037.3461,693.00000,0.38670358,b,m,
1526205521.9827,696.79000,0.50000000,s,m,
1526306559.8071,728.00000,1.25000000,b,m,
1526268430.9987,704.28000,0.30777132,b,l,
1526431231.511,705.43000,0.03911537,b,l,
1526268431.0144,704.29000,0.02700000,b,l,
1526337181.2457,719.75000,1.05000000,s,m,
1526421349.2956,709.00000,3.50000000,b,m,
1526581089.4874,687.00000,0.07000000,b,m,
1526229134.1217,730.58000,0.30540534,b,l,
1526412516.0329,710.35000,1.50549317,s,l,
1526333969.9078,737.36000,0.77958206,s,m,
1526443196.1159,680.08000,0.05600000,b,m,
1526205547.1483,697.10000,5.00000000,s,l,
1526205548.1983,697.54000,0.02500000,b,l,
1526327781.1771,734.29000,0.06849554,b,m,
1526205551.8132,697.97000,0.04600000,b,l,
1526336624.9834,723.36000,0.12844699,b,l,
1526290280.3156,706.57000,0.14948568,s,m,
1526336626.6695,723.79000,8.49440226,b,l,
1526336628.1863,723.81000,2.81620000,b,l,
1526569228.05,705.15000,0.00657716,s,l,
1526336630.267,724.61000,0.00009312,s,m,
1526336633.7226,725.33000,0.51680375,b,l,
1526336634.1893,725.10000,5.00000000,s,l,
1526377663.2373,730.55000,0.13000000,b,l,
1526225521.5686,717.06000,0.02400000,b,m,
1526268437.5105,704.21000,5.00000000,s,l,
1526552427.7205,698.69000,0.00000020,s,l,
1526399510.0536,718.01000,0.05044455,s,l,
1526306547.421,727.55000,0.02429747,s,m,
1526399511.8966,718.00000,53.17236233,s,l,
1526336655.6903,725.70000,0.40000000,s,m,
1526333976.347,737.51000,0.12639627,b,m,
1526267681.4005,716.00000,9.65500000,s,l,
1526202558.9094,677.21000,0.00476733,s,m,
1526268441.1573,704.22000,0.34336119,s,l,
1526464892.7492,692.40000,0.02200000,b,l,
1526330927.9185,739.70000,4.50000000,b,l,
1526205596.8566,698.20000,0.10000000,s,m,
1526438705.9903,684.96000,0.39500000,b,l,
1526307555.6597,725.00000,0.04000000,b,l,
1526290288.4448,707.17000,0.00900000,b,m,
1526336674.8654,725.25000,8.00000000,s,l,
1526395060.6077,710.00000,63.00000000,b,m,
1526205606.1108,698.05000,0.19661309,s,l,
1526399516.988,718.00000,2.16044455,s,l,
1526207386.8386,695.48000,0.02200000,b,m,
1526306486.0216,729.50000,0.30000000,b,m,
1526355268.6848,725.81000,0.14794296,b,l,
1526336698.0789,725.24000,2.00119604,s,m,
1526438706.0622,685.00000,1.31400000,s,l,
1526313739.0932,733.81000,2.11600000,s,l,
1526210737.542,695.03000,0.02800000,b,l,
1526268448.559,704.86000,0.89050914,b,l,
1526467780.7124,703.23000,2.00000000,s,m,
1526214655.1949,699.26000,1.24400000,b,l,
1526334514.158,736.50000,0.04100000,b,m,
1526225328.0521,716.11000,0.13039546,s,m,
1526438809.6559,683.46000,3.30000000,b,l,
1526244511.3141,736.35000,0.02200000,b,m,
1526443213.4607,680.00000,0.14492000,s,l,
1526265202.4207,723.45000,0.27027750,b,l,
1526246668.1769,735.96000,0.02600000,b,l,
1526205657.0609,698.91000,1.34140000,b,m,
1526307105.4822,732.22000,0.83397115,s,l,
1526406790.9784,717.97000,1.41608591,b,l,
1526487826.5185,699.68000,0.01771167,b,l,
1526268453.3407,704.90000,1.71793746,b,l,
1526481066.2567,689.09000,0.02100000,b,l,
1526193415.8983,687.16000,0.65042374,b,l,
1526307015.5097,730.00000,10.00000000,b,l,
1526484509.3843,698.00000,2.71190832,b,l,
1526200919.558,682.56000,0.02700000,b,m,
1526268456.6456,704.89000,1.51428420,b,l,
1526336754.2557,725.25000,1.44055800,s,l,
1526464895.9796,692.42000,0.02900000,b,l,
1526202921.6812,680.50000,0.02400000,b,l,
1526524826.8373,713.90000,1.25000000,b,l,
1526322974.3197,731.99000,5.00000000,b,m,
1526504176.2929,694.38000,0.03589523,b,l,
1526336766.6205,724.35000,0.14875110,s,l,
1526394828.76,718.16000,0.10000000,s,m,
1526233219.1595,722.00000,56.10631226,s,l,
1526205699.4158,698.86000,0.02600000,b,l,
1526392715.0687,729.29000,0.02200000,b,l,
1526233576.4099,724.00000,0.15600000,s,l,
1526336778.1652,726.33000,0.55134736,b,m,
1526195448.6247,680.53000,7.27500000,s,l,
1526443224.9343,680.00000,1.00000000,s,m,
1526320024.1622,730.01000,0.03631413,b,l,
1526226180.7118,717.58000,0.80891519,s,m,
1526312153.1629,724.02000,0.21254507,s,l,
1526205721.6367,698.33000,0.27295368,s,l,
1526218290.5713,696.86000,0.02600000,b,l,
1526336795.0401,726.30000,13.59880000,b,l,
1526336796.6275,726.28000,1.27200000,b,l,
1526246618.6313,735.88000,0.17490741,b,m,
1526244431.4347,739.50000,1.00000000,b,m,
1526204976.4018,699.00000,0.07222000,b,l,
1526336800.3112,726.65000,2.58000000,b,l,
1526432137.5477,702.41000,0.86299640,b,m,
1526244511.3074,736.34000,0.02100000,b,m,
1526246620.5031,735.99000,0.06273336,b,l,
1526290316.5402,707.67000,0.02600000,b,l,
1526467883.4333,703.24000,1.00000000,s,m,
1526201739.6992,682.88000,0.02100000,b,l,
1526425201.0402,699.01000,0.04600000,b,l,
1526336815.6908,727.28000,0.02500000,b,m,
1526433930.2335,690.14000,1.00000000,s,m,
1526268467.0912,705.49000,1.35250000,s,l,
1526442231.8822,687.52000,0.02200000,b,m,
1526246623.2829,735.45000,0.02594276,s,l,
1526440484.2783,685.78000,5.00000000,s,m,
1526266941.5669,720.99000,0.15041999,b,l,
1526438105.8962,681.00000,0.13649655,b,l,
1526268469.7925,705.65000,0.00012213,b,l,
1526324683.1304,738.18000,2.69183120,b,m,
1526336837.8746,726.56000,5.00000000,s,l,
1526306487.2402,729.50000,0.36556557,b,l,
1526290316.5242,707.19000,0.02000000,b,l,
1526336842.7924,726.50000,1.94685120,s,l,
1526385666.442,731.81000,5.00000000,b,l,
1526482034.5609,688.34000,0.02800000,b,m,
1526399544.2976,716.00000,0.16061000,s,m,
1526336853.0729,726.03000,0.17442540,s,l,
1526439521.1079,681.74000,0.18273200,b,m,
1526244449.2672,738.60000,0.18400000,s,l,
1526268495.5542,707.18000,0.34862598,b,l,
1526336859.7627,726.03000,0.45423448,s,l,
1526336862.4598,724.43000,0.24339372,s,l,
1526336863.4047,724.48000,8.53000000,s,l,
1526355856.4344,725.63000,0.82739360,s,l,
1526214655.6208,700.00000,1.42300874,b,l,
1526336867.2903,724.43000,0.61584019,s,l,
1526299047.7269,712.88000,0.04800000,b,l,
1526467944.115,703.24000,7.49440226,s,m,
1526205805.5796,698.40000,0.08791391,b,l,
1526205806.3091,698.57000,0.24300000,b,m,
1526438712.4399,685.00000,4.38486351,s,l,
1526336881.8658,722.57000,0.46002533,s,m,
1526412525.5556,709.71000,1.46759296,b,m,
1526499492.297,701.00000,0.76513341,b,l,
1526465086.1497,693.58000,0.02800000,b,m,
1526231904.2734,735.20000,0.50164576,s,l,
1526508777.5116,699.74000,0.03500000,b,m,
1526205824.9808,698.42000,0.08590819,s,l,
1526205826.8091,697.80000,0.82000000,b,m,
1526205827.4597,697.79000,0.31500000,s,l,
1526421800.9252,706.07000,96.30687826,s,m,
1526205830.9888,697.80000,22.23552844,b,l,
1526268481.4601,705.80000,2.00000000,s,m,
1526336904.6158,722.99000,0.17075201,b,m,
1526433902.4482,690.71000,4.69206106,s,m,
1526275936.0241,693.27000,5.00000000,s,l,
1526303413.3028,694.17000,0.00000360,b,l,
1526268483.647,705.98000,0.17330322,b,l,
1526336922.1495,722.96000,4.30951492,b,l,
1526443247.3304,680.03000,0.87215850,b,l,
1526192581.0521,677.48000,0.02100000,b,l,
1526205854.6829,697.79000,4.50606202,s,l,
1526336927.8843,723.50000,0.21068366,b,m,
1526336932.4795,723.01000,0.46002533,s,m,
1526268486.7948,706.57000,0.45084870,s,l,
1526336935.2413,723.00000,0.50400000,s,l,
1526507579.9301,694.40000,1.50000000,b,l,
1526338330.3639,723.99000,0.06096205,b,l,
1526336939.4905,723.52000,0.23060810,b,m,
1526412726.7557,709.28000,7.93800359,b,l,
1526303414.8984,693.65000,0.50000000,s,m,
1526336945.5257,723.53000,0.91020197,b,l,
1526438135.9836,679.29000,5.49000000,s,m,
1526327108.2863,733.43000,0.09557797,b,m,
1526394046.6323,730.57000,5.67300000,b,m,
1526325237.2612,735.96000,0.08846289,b,m,
1526246177.2846,739.02000,0.28432482,s,l,
1526280807.6655,704.39000,0.02700000,b,m,
1526465099.6378,693.74000,2.22050000,b,l,
1526264134.701,726.21000,0.35527695,s,m,
1526519006.8019,713.00000,0.25000000,b,m,
1526205898.323,697.25000,0.26944916,s,l,
1526336971.9385,723.79000,0.92512134,b,m,
1526442576.308,683.74000,2.33658038,b,l,
1526504183.279,694.37000,0.21848519,s,l,
1526386341.8086,732.94000,0.39000000,s,m,
1526268499.0215,707.58000,1.88000000,b,m,
1526432137.5729,703.46000,1.04679711,b,m,
1526468052.2141,703.05000,0.15092575,s,l,
1526468054.6103,703.01000,18.46714404,s,m,
1526526478.146,717.44000,12.00040000,b,l,
1526268495.5568,707.19000,0.02000000,b,l,
1526205917.6579,697.32000,0.71220000,s,m,
1526366718.456,734.06000,1.39738029,s,l,
1526521221.6394,706.99000,0.03027587,b,l,
1526205924.1399,697.31000,1.20000000,s,m,
1526205926.2505,697.70000,0.80000000,s,m,
1526438716.3175,685.02000,5.00000000,b,l,
1526330275.3289,741.77000,1.39842675,b,m,
1526246652.2851,734.37000,0.20884258,s,m,
1526205931.8612,697.30000,0.22152500,s,m,
1526468079.8367,702.59000,1.86648714,s,l,
1526268499.024,707.95000,0.69300000,b,m,
1526342697.6897,729.58000,0.02500000,b,l,
1526205947.0937,697.33000,1.01145000,s,l,
1526205949.2673,697.28000,2.87662500,s,l,
1526205956.7983,696.63000,0.06611386,s,l,
1526395017.7321,711.00000,0.07000000,s,m,
1526549154.5984,701.41000,0.17877220,s,l,
1526468103.0976,703.20000,2.52674905,b,m,
1526469269.6133,702.03000,5.00000000,s,m,
1526205970.4536,696.08000,3.96300000,s,l,
1526223563.5412,720.67000,0.90000000,s,m,
1526395524.2355,713.44000,0.03409088,b,l,
1526468125.8636,702.00000,0.00402790,s,l,
1526370210.9808,735.46000,0.02500000,b,l,
1526310129.6363,734.29000,0.04000000,b,m,
1526233782.1588,722.67000,0.22867613,s,m,
1526337060.2205,723.69000,0.20497795,s,l,
1526337062.9143,723.00000,1.73572390,s,m,
1526205992.4251,694.40000,0.95000000,s,m,
1526337065.9595,723.49000,0.43965761,b,m,
1526369077.861,733.49000,0.17706212,b,m,
1526205995.2325,695.01000,0.08632969,s,m,
1526207851.6874,688.40000,0.12000000,s,m,
1526268509.1822,707.94000,2.95072251,b,l,
1526443272.8416,680.04000,14.66600000,s,m,
1526337078.8073,723.49000,0.27001613,b,m,
1526206009.3543,694.42000,0.17673298,s,m,
1526305949.5339,716.98000,0.00054915,b,m,
1526337083.8205,723.00000,0.29170436,s,l,
1526473635.7857,703.30000,0.50000000,s,l,
1526290357.634,707.86000,0.00262000,b,l,
1526234911.5638,724.97000,0.02400000,b,l,
1526513739.532,703.44000,0.02300000,b,l,
1526511322.4933,699.42000,0.05883077,s,l,
1526268513.7468,707.95000,1.38781893,s,l,
1526246668.1678,735.92000,0.00012098,b,l,
1526364100.5835,732.64000,7.95843916,s,l,
1526337100.6662,723.40000,0.20000000,b,m,
1526244606.5286,735.50000,0.12500000,s,l,
1526206030.7887,694.16000,0.04440939,s,m,
1526342700.4158,729.96000,0.12806131,b,l,
1526275332.7268,691.92000,27.07695252,b,m,
1526468178.322,701.86000,0.04443410,s,m,
1526222793.9746,714.00000,1.00000000,b,l,
1526508814.9525,699.99000,0.05074131,b,m,
1526508552.7821,698.01000,0.00240041,s,m,
1526206039.4061,693.80000,0.16717953,s,m,
1526231312.2207,740.00000,1.00000000,b,m,
1526206043.2674,694.10000,0.00232423,s,l,
1526433043.2741,698.29000,2.74000000,s,m,
1526225508.6705,714.84000,0.96124027,s,m,
1526206052.8431,695.40000,0.05000000,b,l,
1526189171.0687,672.91000,0.04359950,s,m,
1526395075.1776,710.00000,3.90000000,b,l,
1526469272.1756,702.00000,21.54908018,s,m,
1526280302.9031,702.00000,0.78916367,s,l,
1526337135.8328,723.00000,0.22790000,s,l,
1526337137.9429,723.00000,2.78358000,s,m,
1526306489.6682,729.50000,0.80000000,b,m,
1526215155.3538,703.38000,0.02300000,b,m,
1526493273.3452,698.86000,1.28320379,b,m,
1526337153.7433,723.00000,0.02200000,s,m,
1526337154.4159,723.00000,0.95084661,s,m,
1526337155.5111,723.00000,5.00000000,s,m,
1526337156.0578,723.00000,0.24115860,s,l,
1526337157.3764,723.00000,9.00000000,s,l,
1526337159.6749,723.00000,49.36160000,s,l,
1526337160.3082,723.00000,8.87300000,s,l,
1526337162.1473,723.00000,0.11978010,s,l,
1526337163.2596,723.00000,45.60000000,s,l,
1526337164.3481,723.00000,6.24456974,s,l,
1526337165.9392,723.00000,60.00000000,s,l,
1526337166.4039,723.00000,3.55800000,s,l,
1526337167.9923,723.00000,1.08769024,s,l,
1526337168.3803,723.00000,10.37000000,s,l,
1526337169.2645,723.00000,9.00000000,s,l,
1526206098.9373,693.55000,0.80000000,s,m,
1526337172.6084,722.20000,1.00000000,s,m,
1526337173.1864,722.20000,1.81303050,s,l,
1526337174.2344,722.00000,1.73174566,s,m,
1526337175.8277,721.04000,0.76779000,s,m,
1526337176.3612,721.04000,0.23220455,s,m,
1526337177.3237,720.20000,0.61584019,s,m,
1526337178.7166,720.20000,0.33300000,s,m,
1526300297.9474,703.28000,5.00000000,s,m,
1526337180.5686,721.00000,0.40263222,b,m,
1526337181.3111,719.04000,0.10000000,s,m,
1526395077.904,709.94000,0.90767092,s,m,
1526399601.4862,715.32000,0.02000000,b,l,
1526206120.3577,693.55000,1.54900000,b,l,
1526342703.7146,731.81000,0.91805243,b,m,
1526206122.7191,693.55000,2.50000000,s,l,
1526470739.0562,706.90000,0.39400000,s,m,
1526337199.6606,720.97000,5.00000000,b,l,
1526337200.1788,721.02000,0.76451750,b,l,
1526337201.2605,720.98000,2.00000000,s,m,
1526337202.3464,720.97000,2.61500000,s,l,
1526382380.7989,734.24000,0.15154440,b,l,
1526220497.2676,705.30000,1.00000000,s,m,
1526312223.8455,725.23000,1.03600000,b,m,
1526202997.781,681.10000,7.70000000,b,l,
1526288132.3956,709.87000,0.02700000,b,m,
1526246428.4669,732.27000,0.84114221,s,m,
1526279378.2701,703.57000,0.02000000,b,m,
1526313511.5394,733.09000,0.15084015,b,l,
1526268534.8836,705.97000,2.00000000,s,m,
1526468300.9882,701.90000,0.47251253,b,m,
1526577355.5861,693.00000,1.46035397,b,l,
1526206158.2552,693.40000,1.00000000,s,l,
1526268536.9062,706.13000,3.07590169,s,m,
1526214877.7865,703.00000,0.30000000,b,m,
1526337235.2964,722.00000,30.00000000,s,l,
1526206165.5509,694.57000,0.19033142,b,m,
1526268537.2254,706.13000,0.02000000,s,l,
1526522537.3414,712.70000,0.09383437,b,m,
1526206169.966,693.51000,1.00000000,s,l,
1526312153.1744,723.40000,8.59945493,s,l,
1526395079.463,710.00000,0.08261800,b,l,
1526527333.3304,714.97000,0.02488144,b,l,
1526333976.3798,737.94000,0.13800000,b,m,
1526325247.9385,735.87000,0.00000004,b,m,
1526281602.3626,703.57000,0.26541183,s,m,
1526268541.6214,705.97000,8.00000000,s,l,
1526485434.3513,698.00000,0.07295947,b,l,
1526409460.5527,708.70000,23.20000000,s,m,
1526337266.0652,721.01000,0.05487963,s,m,
1526279430.5809,704.84000,1.18800000,b,m,
1526337272.9397,721.00000,0.75234690,s,l,
1526224560.9835,717.05000,3.30302431,s,l,
1526337276.423,721.00000,0.49340610,s,l,
1526268509.1788,707.93000,0.63545856,b,l,
1526443535.9687,681.52000,0.81760000,s,m,
1526203009.5501,681.26000,1.45604144,s,l,
1526337288.9752,721.01000,0.90479430,s,l,
1526521223.8651,707.00000,0.02899451,b,l,
1526472008.8529,704.00000,7.08383636,s,m,
1526337302.1973,721.74000,0.50199750,b,l,
1526337305.4627,721.73000,0.02400000,b,l,
1526395081.3577,711.88000,0.04700000,s,l,
1526337308.5618,721.89000,0.00004452,b,l,
1526468381.8263,701.87000,0.05000000,b,m,
1526206238.0965,695.30000,0.65500000,b,l,
1526337311.701,721.30000,1.50000000,s,l,
1526337312.9274,721.36000,0.70000000,s,m,
1526438105.2372,681.00000,0.39800000,b,l,
1526203015.4856,681.26000,0.74110256,s,l,
1526250514.1865,735.00000,0.02200000,b,m,
1526214654.7747,699.04000,0.34290028,b,l,
1526268552.0914,705.49000,2.00000000,s,m,
1526220501.7857,705.92000,0.10690587,b,m,
1526449912.963,680.00000,3.84743055,s,m,
1526438685.8135,684.58000,0.39300000,b,l,
1526229134.1056,730.56000,0.01538000,b,l,
1526223565.9666,721.37000,0.45600000,b,m,
1526337353.9075,721.86000,0.12388421,b,l,
1526315391.3568,735.00000,0.10000000,b,l,
1526364531.8295,734.55000,0.02600000,b,l,
1526337356.3076,721.88000,0.00486108,b,l,
1526337357.4596,721.96000,0.13837957,b,l,
1526337358.4749,721.96000,0.13837957,b,l,
1526337364.0223,721.88000,0.14025181,s,l,
1526337365.2092,721.88000,0.13998867,s,l,
1526193415.9042,687.54000,0.04100000,b,l,
1526337371.1691,721.86000,0.02012995,s,l,
1526337375.5824,721.86000,0.02004807,s,l,
1526214655.7759,700.60000,1.04071098,b,m,
1526337384.5281,722.48000,4.00000000,b,m,
1526273163.3902,692.14000,8.49440226,s,m,
1526268562.6046,705.93000,1.11394109,b,l,
1526337390.3462,722.14000,0.20237123,b,m,
1526337391.6218,721.04000,2.00000000,s,l,
1526243642.7301,736.40000,5.05154730,b,m,
1526468468.1725,701.45000,0.13867726,b,m,
1526486739.2572,699.99000,0.02300000,b,l,
1526290409.0585,705.33000,0.04000000,s,l,
1526337408.6508,721.06000,0.32327640,s,l,
1526290411.3945,707.93000,3.09631475,b,l,
1526232063.4608,732.60000,0.76200000,s,m,
1526476706.7176,701.39000,0.05000000,s,l,
1526367784.2509,732.98000,0.02200000,b,l,
1526204925.1545,698.00000,0.21896000,b,m,
1526206349.4927,694.46000,0.01325319,s,m,
1526324600.545,739.00000,11.17828796,b,m,
1526468498.9245,701.46000,1.02132132,b,l,
1526339627.9445,722.98000,0.02100000,b,l,
1526438685.3393,683.94000,0.39500000,b,l,
1526228565.6011,737.81000,0.27534805,b,m,
1526438105.57,681.00000,0.39900000,b,l,
1526395450.2813,713.29000,0.03700000,b,m,
1526499834.9073,698.25000,0.05737650,b,l,
1526307076.4754,733.65000,1.27791778,b,m,
1526366721.6603,734.00000,1.50000000,b,l,
1526574031.5807,701.00000,1.00000000,b,l,
1526399644.3199,714.02000,0.24934447,s,l,
1526449563.1308,682.05000,0.02700000,b,l,
1526512362.5819,702.64000,0.04000000,b,l,
1526443336.039,680.62000,0.05188303,s,l,
1526308535.6781,731.00000,1.11000000,b,l,
1526337464.0733,721.08000,0.23590000,s,m,
1526206394.2046,695.57000,0.38558559,b,l,
1526189954.9985,676.14000,0.11131036,s,m,
1526468543.1033,701.45000,0.02700000,b,m,
1526468544.1457,701.45000,0.10724250,b,m,
1526574032.4066,700.58000,5.00000000,s,l,
1526465185.7479,693.80000,0.07570000,s,l,
1526307106.5208,731.77000,1.78500000,s,l,
1526436161.9855,690.40000,0.55676200,s,l,
1526268578.1095,706.24000,8.47140226,b,l,
1526286900.2099,704.95000,0.14800000,b,m,
1526515223.5027,707.00000,0.10000000,b,m,
1526508879.7096,699.96000,0.02200000,b,m,
1526515739.6132,714.45000,11.62103160,b,m,
1526574446.4043,700.66000,0.12400334,s,m,
1526331560.1838,739.00000,2.16529689,s,l,
1526482378.7416,689.67000,0.04100000,b,l,
1526337507.4778,722.00000,0.13869625,s,l,
1526275940.936,694.73000,0.00100000,b,m,
1526199125.6484,684.57000,0.20012563,s,l,
1526468588.8985,701.14000,0.13002338,s,l,
1526206447.7768,695.00000,15.00000000,b,m,
1526268084.6701,709.01000,2.34046064,s,l,
1526337523.9411,722.00000,2.86130375,s,l,
1526468598.946,700.93000,1.40000000,s,l,
1526224895.1991,717.47000,4.46540113,b,l,
1526268586.6304,706.50000,0.77312551,s,m,
1526364537.8486,735.00000,0.04000000,b,l,
1526574034.7582,700.59000,0.83529364,s,l,
1526206465.1341,694.80000,0.38558559,b,l,
1526203051.6439,679.82000,0.12272858,s,l,
1526312278.4333,724.40000,1.25000000,s,l,
1526423027.0118,706.90000,0.00433326,b,l,
1526337543.4458,722.18000,0.31815463,b,m,
1526220440.1672,703.97000,0.02600000,b,l,
1526573978.6806,702.35000,5.76328063,s,l,
1526287304.5448,704.70000,7.70000000,s,m,
1526200503.3198,679.66000,0.02700000,b,l,
1526206481.6339,695.00000,0.19500000,b,l,
1526493292.3296,694.84000,1.35450966,s,m,
1526224899.4171,717.50000,1.49651904,b,l,
1526434370.3831,692.11000,3.25000000,s,l,
1526399662.9408,715.87000,0.12377183,b,l,
1526522393.9195,710.62000,0.02300000,b,l,
1526206490.9938,694.81000,0.52300000,s,l,
1526272883.7772,694.40000,1.94268260,b,m,
1526476707.3997,701.00000,5.80913194,s,l,
1526337567.9603,721.15000,0.20374847,s,l,
1526206497.1204,694.82000,0.57790000,s,l,
1526220509.2669,706.38000,4.99109413,b,m,
1526206499.5786,694.82000,0.00010000,b,l,
1526224902.5174,717.50000,2.50177508,b,m,
1526308869.3525,734.98000,2.36606317,s,l,
1526571853.3534,706.32000,0.00010007,b,l,
1526206504.3824,694.81000,0.22710725,b,l,
1526206506.494,694.08000,0.03718055,s,l,
1526337581.2745,721.00000,1.75424418,s,l,
1526569671.3226,703.78000,0.60396212,s,m,
1526268595.7128,706.50000,5.00000000,s,l,
1526337593.8877,721.00000,19.42062015,s,m,
1526574036.95,700.58000,0.00206923,s,m,
1526337600.0325,721.00000,7.69569625,s,l,
1526337601.5448,721.00000,2.08800000,s,l,
1526337602.1399,721.00000,4.70000000,s,l,
1526206531.8033,695.49000,0.00371896,b,m,
1526337605.0992,721.00000,0.17337031,s,l,
1526337606.2643,721.00000,0.53936010,s,l,
1526290444.3771,707.59000,0.01100000,b,l,
1526221821.4186,709.00000,1.93000000,b,l,
1526578401.51,692.79000,0.22538292,s,l,
1526391144.6376,728.70000,0.03900000,b,m,
1526337620.0374,721.02000,0.28410000,s,l,
1526337621.6113,721.02000,0.28441530,s,l,
1526364540.6821,735.58000,2.99000000,b,l,
1526574037.0983,702.58000,1.87369849,b,m,
1526291974.2526,706.79000,0.10997000,b,l,
1526574437.9242,701.98000,0.04421003,b,m,
1526463614.7444,690.54000,1.78707357,s,l,
1526337635.0739,721.01000,0.02435160,s,l,
1526217896.2967,697.29000,0.00176433,s,l,
1526206565.3158,694.07000,0.11439767,s,l,
1526337638.9562,721.01000,0.09000000,s,m,
1526232905.3216,726.00000,0.23106101,s,l,
1526550031.7361,702.72000,0.02000000,b,m,
1526337647.7618,721.55000,0.03900000,b,l,
1526558760.7363,703.10000,1.25000000,b,l,
1526337649.5545,721.87000,0.70333206,b,l,
1526337650.4881,721.99000,0.02500000,b,l,
1526438809.6527,683.46000,3.29900000,b,l,
1526337654.4984,722.31000,0.02000000,b,l,
1526229241.9915,730.79000,0.23841358,b,m,
1526337660.4083,722.71000,0.24150000,b,l,
1526337661.2711,722.92000,5.66811994,b,l,
1526308917.0968,733.98000,2.99000000,b,l,
1526394909.7499,713.00000,1.30000000,s,m,
1526334144.6617,737.98000,0.03400000,b,l,
1526337668.9723,722.91000,0.87600000,b,l,
1526355990.5019,725.82000,2.00000000,s,m,
1526491866.5008,696.48000,0.02600000,b,l,
1526448037.1831,683.97000,0.02700000,b,l,
1526204826.9829,695.14000,0.02500000,b,l,
1526216674.1516,702.55000,0.02647574,b,m,
1526337682.164,722.60000,0.13078449,s,l,
1526574446.3902,700.69000,1.41931963,s,m,
1526337686.744,722.20000,0.76369732,s,m,
1526197797.2417,682.16000,0.46044934,s,m,
1526229242.0171,730.99000,0.02200000,b,m,
1526337690.8596,722.98000,0.23700000,s,l,
1526337692.6576,722.98000,0.88000000,s,l,
1526337693.5822,722.98000,0.05300000,s,l,
1526337694.8706,721.80000,7.52000000,s,l,
1526337696.1912,720.83000,7.70000000,s,m,
1526206625.3633,695.30000,0.19738927,b,l,
1526364104.1892,732.62000,2.76256084,b,l,
1526337699.453,720.86000,0.33000000,s,l,
1526334150.1488,738.00000,0.16242333,b,l,
1526206631.887,694.07000,0.64047706,s,l,
1526307804.0851,723.56000,0.72552191,s,m,
1526508914.959,700.00000,5.67000000,s,l,
1526468783.8381,700.70000,2.01728070,s,l,
1526281617.2397,704.05000,0.58223318,b,m,
1526425207.4687,699.08000,0.03100000,b,l,
1526275732.0366,695.10000,1.50000000,s,m,
1526468789.9986,700.66000,0.17359401,s,l,
1526442231.8927,688.00000,1.81058198,b,m,
1526292933.4886,700.85000,0.07049571,s,m,
1526337725.613,720.01000,1.00000000,s,l,
1526468799.8064,701.84000,0.02600000,b,m,
1526578405.6841,692.01000,7.53440226,s,m,
1526508918.2757,700.00000,1.33000000,s,l,
1526206662.7748,694.12000,0.02043959,s,l,
1526290465.5592,707.59000,0.16700000,b,l,
1526246263.6353,738.75000,0.37536927,b,m,
1526256475.7597,719.91000,0.06000000,s,m,
1526511190.7018,699.37000,0.62400000,s,l,
1526468813.3775,701.32000,1.00000000,s,m,
1526478454.1235,687.13000,0.01742633,s,l,
1526357412.0705,727.18000,0.11010321,b,l,
1526579725.0658,689.98000,0.02948664,s,m,
1526547413.0706,697.42000,4.68230128,s,m,
1526337748.693,721.16000,0.38516697,b,m,
1526203086.6381,679.85000,0.02800000,b,l,
1526206680.3554,694.95000,0.05100000,b,l,
1526468827.6788,701.51000,0.13446540,s,l,
1526264594.731,725.00000,0.12500000,s,m,
1526337761.4376,721.12000,0.12433729,b,m,
1526393783.4405,728.49000,0.02500000,b,m,
1526308338.2102,728.81000,1.00000000,s,m,
1526337773.4467,721.09000,0.35082683,b,m,
1526206702.2438,693.70000,2.96459317,s,m,
1526468848.0194,702.59000,0.04700000,b,l,
1526337784.8038,721.06000,0.35860477,b,m,
1526267826.2599,713.50000,0.61009518,s,l,
1526337787.2867,720.11000,0.15258802,s,l,
1526206717.6808,693.06000,7.70000000,s,m,
1526214839.9652,701.54000,0.37000000,b,l,
1526337797.03,721.06000,0.37549257,b,m,
1526272305.9463,692.30000,11.81363664,b,l,
1526455150.1369,690.92000,1.02396265,b,m,
1526224940.4085,717.41000,0.04027641,s,l,
1526337804.6107,721.08000,1.77613254,b,m,
1526276555.2295,696.26000,0.04000000,b,l,
1526224441.942,716.94000,0.15033384,b,l,
1526337808.5206,721.05000,0.39204679,b,m,
1526484778.2781,700.06000,0.02800000,b,m,
1526306019.7412,718.70000,0.17812132,b,m,
1526337814.5728,720.12000,0.06347164,s,l,
1526405131.0364,718.43000,0.00300765,s,m,
1526337820.665,721.03000,0.40859172,b,m,
1526440990.6968,687.60000,17.43527319,b,l,
1526334171.0412,737.97000,0.02600000,b,m,
1526244773.2629,736.00000,0.12400000,s,l,
1526189966.0193,676.16000,0.02400000,b,l,
1526337833.1955,720.98000,0.42511714,b,m,
1526306059.2713,716.43000,2.40106410,b,l,
1526577974.3352,694.54000,7.51640226,b,l,
1526552626.9331,696.90000,0.00598599,b,l,
1526246792.0319,735.00000,0.00159440,s,l,
1526243645.2104,734.16000,5.00000000,s,l,
1526224947.6219,717.47000,0.02400000,b,l,
1526530782.7753,712.99000,0.03098755,s,m,
1526360183.85,729.70000,0.06170643,b,m,
1526242341.0431,730.51000,0.02500000,b,m,
1526371701.5041,726.59000,0.05700000,s,l,
1526383288.0719,733.00000,10.00000000,b,l,
1526206791.3953,693.75000,0.21605696,s,m,
1526531108.0289,713.81000,0.02400000,b,m,
1526498795.014,696.01000,2.99000000,s,l,
1526303336.1856,697.62000,8.90200000,s,l,
1526337872.0668,720.01000,0.01136092,s,l,
1526377642.607,730.54000,0.23285057,b,l,
1526560952.0769,698.44000,0.05571038,b,l,
1526206813.7131,694.77000,0.01000000,b,m,
1526244422.2492,740.84000,0.04000000,b,m,
1526287160.7809,706.01000,0.21739602,s,m,
1526500890.047,695.02000,4.23764334,s,m,
1526258748.853,729.81000,0.09900000,s,l,
1526337891.6568,720.64000,0.44164395,b,m,
1526214655.7274,700.20000,2.50000000,b,m,
1526327491.7435,728.75000,2.99000000,b,l,
1526268351.4505,708.37000,0.67160391,b,l,
1526364549.4796,735.93000,1.00000000,b,m,
1526308620.3676,739.00000,0.01900000,b,m,
1526337900.6963,721.00000,4.91667343,b,l,
1526337903.8579,721.10000,0.02500000,b,l,
1526438847.0463,684.67000,0.14100000,b,l,
1526284710.1348,701.50000,0.09633138,b,m,
1526337908.2253,721.11000,0.02500000,b,l,
1526337909.2502,721.17000,0.02500000,b,l,
1526469298.3703,703.00000,1.45484361,b,l,
1526337912.8683,721.25000,0.00400000,b,l,
1526337915.4171,721.25000,0.02100000,b,l,
1526368453.15,732.00000,1.00000000,s,m,
1526248797.1618,726.99000,0.09806822,b,m,
1526351724.9663,721.36000,0.83000000,s,m,
1526482392.7264,690.20000,0.00000001,b,l,
1526316969.4046,729.15000,5.00000000,s,l,
1526220521.4352,705.33000,0.05847431,s,l,
1526246915.1902,735.27000,0.00000007,b,m,
1526515658.3983,712.50000,0.44725354,b,m,
1526521673.461,710.31000,0.02300000,b,l,
1526309113.0932,732.65000,0.10000000,b,l,
1526206865.7568,693.79000,0.19738927,s,l,
1526214840.0868,701.54000,5.50500000,b,l,
1526268654.0946,705.82000,1.14806096,s,l,
1526469016.0904,702.71000,0.03300000,b,m,
1526268657.599,704.30000,1.26000000,s,l,
1526391144.6406,728.74000,5.16000000,b,m,
1526211437.8865,696.11000,0.02000000,s,m,
1526204404.414,694.59000,0.71446221,b,l,
1526552226.8094,699.38000,1.10000000,s,m,
1526515375.9185,708.01000,0.28225582,s,l,
1526289986.0523,705.00000,1.18427942,b,l,
1526337984.5665,721.69000,0.02400000,b,l,
1526469061.3253,703.09000,1.20000000,b,m,
1526398149.4337,719.49000,0.02000000,b,m,
1526268663.2668,704.42000,2.59688505,s,m,
1526337998.3489,722.32000,0.02000000,b,l,
1526206928.4912,694.00000,0.19746609,b,l,
1526578414.9577,691.53000,1.16383476,s,l,
1526206930.3641,694.00000,1.16100000,b,l,
1526338004.6648,722.58000,0.02300000,b,l,
1526338006.2091,722.58000,0.00100000,b,l,
1526268665.506,704.30000,1.00000000,s,m,
1526235026.5412,727.41000,0.07117961,s,l,
1526338011.1057,723.02000,0.02700000,b,l,
1526499853.2563,696.98000,1.95609115,s,l,
1526338017.3701,723.09000,0.02100000,b,l,
1526214839.7479,701.54000,0.37100000,b,l,
1526338020.7327,723.20000,0.02400000,b,l,
1526211795.8594,697.00000,0.04806307,s,m,
1526338023.194,723.20000,0.02000000,b,l,
1526338026.9777,723.39000,0.00000006,b,l,
1526232553.7289,727.49000,0.21556229,s,m,
1526338028.0314,723.68000,0.02000000,b,l,
1526486760.6457,701.00000,0.04255114,b,m,
1526530813.7213,713.16000,0.05200000,b,l,
1526251076.0605,734.86000,0.02100000,b,l,
1526338033.5175,723.76000,0.02000000,b,l,
1526493734.1224,695.68000,5.99000000,b,m,
1526455906.6444,689.30000,1.23800000,s,l,
1526290357.6368,707.87000,0.02000000,b,l,
1526478456.6276,686.77000,2.88656770,s,l,
1526303266.7805,700.76000,0.24225077,b,m,
1526222157.1714,708.00000,4.00000000,s,l,
1526338052.9806,723.25000,0.50000000,s,l,
1526524371.6937,713.77000,0.10677218,b,l,
1526290519.7754,707.92000,0.02000000,b,l,
1526268674.4085,704.43000,1.00000000,s,l,
1526469140.159,703.04000,0.02600000,b,l,
1526338071.7141,723.31000,0.46100000,b,m,
1526268676.4716,704.43000,1.77210000,s,l,
1526338074.2864,723.30000,0.45789090,b,m,
1526256475.5906,721.21000,22.23552844,s,m,
1526338079.6553,723.81000,4.99936530,b,l,
1526338082.1046,724.05000,0.46100000,b,m,
1526412565.3617,708.50000,0.02000000,s,m,
1526226154.0981,718.81000,0.19258786,b,m,
1526338090.3396,724.00000,8.63016892,s,l,
1526234519.6998,723.83000,0.03500000,b,m,
1526338095.6791,723.99000,0.46100000,b,m,
1526338097.2174,722.34000,2.58000000,s,m,
1526574515.1224,700.26000,0.29365439,b,l,
1526207030.4111,693.95000,0.80268304,s,l,
1526272901.1764,694.88000,0.03600000,b,l,
1526565797.8744,702.00000,3.35076423,b,l,
1526412482.9786,709.60000,3.60000000,b,l,
1526207040.2831,693.97000,0.30579090,b,l,
1526447905.2493,682.56000,0.00001172,s,m,
1526226143.1502,719.40000,0.20000000,b,m,
1526422591.6197,705.20000,4.66217878,s,m,
1526228546.753,736.45000,0.10000000,b,m,
1526503509.9161,695.95000,0.09628487,b,l,
1526362548.2868,730.35000,0.02100000,b,l,
1526469200.2971,702.68000,0.39685800,s,l,
1526307141.2423,727.19000,0.14454590,s,m,
1526469202.1849,702.68000,0.04555440,s,l,
1526272902.463,695.57000,2.00000000,b,l,
1526338137.8077,723.92000,0.11700000,b,m,
1526306288.6118,730.00000,3.00000000,b,l,
1526484548.262,700.62000,0.34600000,s,l,
1526426095.8426,703.99000,0.02700000,b,l,
1526424432.9494,695.00000,4.97542378,s,l,
1526469221.8412,702.96000,1.71328700,b,m,
1526227944.1984,726.20000,19.40729730,s,m,
1526269834.6728,698.30000,5.87976235,s,m,
1526342871.3812,735.00000,0.20749789,b,m,
1526399762.8693,715.42000,0.00311630,s,m,
1526446878.518,681.00000,0.14684287,s,l,
1526476711.5705,701.00000,3.41000000,s,l,
1526207095.9216,694.99000,0.03500000,b,l,
1526554399.0689,697.84000,5.38131906,s,m,
1526322208.4039,731.00000,4.83500000,s,l,
1526222315.8359,708.27000,0.02300000,b,m,
1526256828.2324,717.68000,0.81657606,b,l,
1526268693.6916,703.99000,3.15249999,b,l,
1526513515.8782,703.01000,0.48257976,b,m,
1526331810.0578,738.14000,0.02200000,s,m,
1526268695.093,703.60000,24.90394043,s,l,
1526229419.7119,735.22000,4.99101653,s,l,
1526382017.6762,732.57000,6.18100000,s,m,
1526364559.844,736.00000,0.30000000,s,m,
1526469269.5696,702.77000,13.50000000,s,m,
1526469272.1575,702.78000,13.50000000,s,m,
1526320914.076,732.20000,0.30849449,s,l,
1526338203.6285,723.88000,0.02400000,b,l,
1526338206.2017,723.10000,0.70000000,s,l,
1526338207.4746,723.10000,0.74000000,s,l,
1526207136.1117,695.53000,0.02500000,b,l,
1526338209.3133,723.10000,0.74000000,s,l,
1526310469.8721,731.27000,0.04491780,s,l,
1526338212.1172,723.30000,0.47659908,b,m,
1526577898.946,693.71000,5.00000000,s,m,
1526224895.18,717.46000,0.02000000,b,l,
1526327611.3358,731.79000,2.61817487,s,l,
1526306431.5711,725.11000,0.41206751,s,l,
1526338220.172,723.20000,0.10218430,s,l,
1526421618.4961,708.00000,2.72992426,s,m,
1526470739.0087,707.24000,5.49000000,s,m,
1526338223.0461,722.90000,0.19491991,b,m,
1526469298.3653,703.00000,0.17214075,b,l,
1526469299.8355,703.00000,4.06110582,b,l,
1526207157.2548,695.56000,0.02600000,b,l,
1526307107.7443,730.63000,2.58000000,s,m,
1526421620.4639,706.33000,0.26000000,s,m,
1526338234.646,722.79000,0.17694637,b,m,
1526469307.3015,703.06000,0.04300000,b,l,
1526309115.2626,732.65000,0.05200000,b,l,
1526469311.9931,703.14000,0.02600000,b,l,
1526469312.0206,703.18000,0.02300000,b,l,
1526304629.5288,684.88000,0.40962857,s,m,
1526443467.2075,680.94000,0.02600000,b,l,
1526438304.0365,680.00000,50.00000000,s,l,
1526338247.3542,722.78000,0.02500000,b,m,
1526469321.5893,703.70000,1.58618404,b,l,
1526464491.3931,691.46000,0.00280240,s,m,
1526207183.1824,695.54000,0.02600000,b,l,
1526207184.2448,695.58000,0.00000227,s,l,
1526456216.3631,687.90000,0.20552386,s,l,
1526338259.2342,722.88000,0.02100000,b,m,
1526396841.3789,713.26000,1.10600000,b,m,
1526297283.1912,714.35000,0.00000011,b,l,
1526290554.3623,707.93000,10.00000000,b,l,
1526338271.1666,722.78000,0.02100000,b,m,
1526438104.6064,680.92000,0.99600000,b,l,
1526276818.8986,698.60000,2.00000000,s,m,
1526225019.4385,717.00000,2.27300000,b,m,
1526338276.399,722.90000,0.62041552,b,l,
1526268710.0425,703.00000,5.34338524,s,m,
1526443473.4361,680.11000,0.06000000,s,m,
1526401748.4278,725.67000,0.03583821,b,m,
1526338283.1445,723.00000,0.07012680,b,m,
1526338284.108,722.00000,0.10000000,s,l,
1526443474.402,681.05000,0.02800000,b,l,
1526552701.9902,697.50000,3.68246858,b,l,
1526491177.9361,694.79000,45.28698526,b,l,
1526469362.3983,704.00000,0.34165800,s,l,
1526312403.6356,723.93000,0.00000498,s,m,
1526469366.7081,703.40000,0.20749230,s,l,
1526386890.0947,733.90000,0.02500000,b,l,
1526338297.339,723.17000,0.12382711,b,m,
1526469311.9998,703.15000,0.02600000,b,l,
1526447120.6961,683.00000,1.02858059,s,m,
1526338304.4304,723.04000,0.62041552,b,l,
1526338306.7671,723.94000,0.64512327,b,m,
1526268715.1865,703.00000,4.96000000,s,l,
1526229070.8399,730.92000,0.08519929,s,m,
1526338312.3385,723.99000,0.54800000,b,l,
1526469386.5279,703.81000,0.42557400,s,l,
1526476712.9242,701.01000,0.18836500,b,l,
1526338318.7751,724.00000,0.68950276,b,m,
1526443480.4624,681.04000,0.02700000,b,l,
1526552707.0641,697.70000,1.50000000,b,l,
1526268718.4944,703.50000,5.00000000,b,m,
1526277273.3964,698.34000,0.02200000,b,l,
1526338330.3695,724.00000,1.58862562,b,l,
1526469312.0042,703.16000,0.02000000,b,l,
1526566175.1766,702.28000,0.04600000,b,l,
1526408875.5538,708.75000,0.28631623,s,l,
1526224899.411,717.45000,0.02400000,b,l,
1526338338.4123,723.99000,3.00000000,b,m,
1526521491.2808,708.64000,0.05340735,b,l,
1526306497.3639,729.99000,0.34400000,b,l,
1526338345.3532,723.99000,2.00000000,b,m,
1526409760.213,707.74000,0.49871007,s,m,
1526380844.168,738.00000,2.30348400,b,l,
1526338358.7916,723.28000,1.85000000,b,m,
1526496292.9408,699.71000,0.55300000,b,m,
1526268724.5724,703.00000,0.07300000,s,m,
1526443487.2848,681.03000,0.02400000,b,l,
1526338366.2718,723.00000,0.67493012,b,m,
1526307826.3935,724.00000,0.30200000,b,l,
1526268726.02,703.00000,51.71458669,s,l,
