time,bid,ask
1526202368,678.85000,679.68000
1526464512,691.50000,692.37000
1526464514,691.46000,692.37000
1526464518,691.47000,692.37000
1526464521,691.50000,692.37000
1526202378,678.85000,679.67000
1526464523,691.47000,692.37000
1526464527,691.46000,692.37000
1526202384,678.86000,679.67000
1526464529,691.50000,692.37000
1526202386,678.87000,679.68000
1526202387,678.86000,679.68000
1526202391,678.86000,679.66000
1526464537,691.50000,692.37000
1526464540,691.47000,692.37000
1526202399,678.86000,679.69000
1526464546,691.50000,692.37000
1526202404,678.86000,679.67000
1526464550,691.48000,692.37000
1526202408,677.96000,679.67000
1526202410,678.03000,679.67000
1526202411,678.10000,679.69000
1526464556,691.48000,692.37000
1526202413,678.11000,679.68000
1526202414,678.11000,679.20000
1526202415,678.12000,679.20000
1526202417,678.20000,679.20000
1526464563,691.50000,692.37000
1526202420,678.21000,679.20000
1526202421,678.30000,679.20000
1526202423,678.31000,679.20000
1526464568,691.47000,692.38000
1526202427,678.31000,679.69000
1526202428,678.32000,679.68000
1526464573,691.47000,692.38000
1526464574,691.47000,692.37000
1526202431,678.32000,679.67000
1526464576,691.47000,692.38000
1526464577,691.50000,692.38000
1526202434,678.32000,679.66000
1526464579,691.47000,692.38000
1526464582,691.47000,691.55000
1526202439,678.21000,678.30000
1526464584,691.48000,691.55000
1526464586,691.50000,691.55000
1526464587,691.47000,691.55000
1526464589,691.51000,691.55000
1526202446,678.22000,678.30000
1526202457,678.23000,678.30000
1526464610,691.52000,691.55000
1526202473,678.21000,678.30000
1526202476,678.22000,678.30000
1526202477,678.23000,678.30000
1526464624,691.51000,691.55000
1526464531,691.46000,692.37000
1526202486,678.30000,679.66000
1526202487,678.23000,679.66000
1526202488,678.24000,679.66000
1526202489,678.24000,679.65000
1526202490,678.24000,679.60000
1526202495,678.24000,679.60000
1526202497,678.30000,679.60000
1526202498,678.31000,679.60000
1526202500,678.32000,679.60000
1526202502,678.32000,679.59000
1526202503,678.33000,679.59000
1526202509,678.40000,679.59000
1526202515,678.34000,679.59000
1526202518,678.34000,679.58000
1526202519,678.35000,679.58000
1526464673,692.38000,692.39000
1526202533,678.36000,679.58000
1526202538,678.36000,679.50000
1526508231,697.79000,698.49000
1526202543,678.36000,679.57000
1526202544,678.37000,679.57000
1526202546,678.37000,679.50000
1526202547,678.38000,679.50000
1526202551,678.38000,679.57000
1526202558,677.21000,679.57000
1526464703,691.51000,692.39000
1526202560,677.22000,679.56000
1526202561,677.23000,679.56000
1526202563,677.30000,679.56000
1526202564,678.20000,679.56000
1526464711,691.51000,692.38000
1526202568,678.20000,678.90000
1526202572,678.30000,678.55000
1526464720,691.46000,692.38000
1526202578,678.31000,678.55000
1526202579,678.32000,678.55000
1526202582,678.32000,679.57000
1526202583,678.32000,679.56000
1526464729,691.50000,692.37000
1526464731,691.46000,692.37000
1526202588,678.32000,678.63000
1526464734,691.50000,692.37000
1526202591,678.31000,678.63000
1526202593,678.33000,678.63000
1526202598,678.33000,679.57000
1526202602,678.33000,679.56000
1526202603,676.91000,678.49000
1526464748,691.46000,692.35000
1526202605,677.14000,678.49000
1526202606,678.20000,678.49000
1526464751,691.50000,692.35000
1526464754,691.46000,692.35000
1526202611,678.20000,678.49000
1526464756,691.50000,692.34000
1526202615,678.21000,678.49000
1526202618,678.21000,679.54000
1526202619,678.21000,679.53000
1526464765,691.46000,692.34000
1526202623,678.21000,679.50000
1526464770,691.50000,692.34000
1526202627,678.21000,679.52000
1526202629,678.21000,679.51000
1526202630,678.21000,679.40000
1526202412,678.10000,679.68000
1526202634,678.21000,679.39000
1526464779,691.50000,692.34000
1526202638,678.22000,679.38000
1526202641,678.22000,679.37000
1526464787,691.50000,692.34000
1526202646,678.22000,679.54000
1526464791,691.36000,691.39000
1526202648,678.22000,679.53000
1526202651,678.22000,679.40000
1526202652,678.23000,679.40000
1526202654,678.24000,679.58000
1526464799,691.48000,692.34000
1526202656,678.26000,679.58000
1526202657,678.26000,679.60000
1526464802,691.50000,692.33000
1526202659,678.30000,679.60000
1526202660,678.31000,679.80000
1526202663,678.30000,679.96000
1526202664,678.31000,679.95000
1526202665,678.32000,679.95000
1526464811,691.37000,692.33000
1526202668,678.40000,679.95000
1526202669,679.20000,679.95000
1526464814,691.40000,692.33000
1526202673,679.20000,680.08000
1526202674,678.73000,680.64000
1526202676,679.20000,680.63000
1526202677,679.20000,680.62000
1526202678,679.20000,680.40000
1526202680,679.45000,680.40000
1526464564,691.47000,692.37000
1526202682,679.45000,680.62000
1526202683,679.80000,680.62000
1526202686,680.46000,680.62000
1526202688,680.46000,680.69000
1526202689,680.46000,680.70000
1526202692,680.50000,680.70000
1526202697,680.46000,680.70000
1526202698,680.50000,680.70000
1526202699,680.51000,680.70000
1526464846,691.44000,692.33000
1526464847,691.50000,692.33000
1526464850,691.44000,692.33000
1526202707,680.52000,680.70000
1526464854,691.50000,692.33000
1526464857,691.44000,692.33000
1526202714,680.53000,680.70000
1526464860,691.50000,692.33000
1526464862,691.45000,692.33000
1526464864,691.50000,692.33000
1526464867,691.46000,692.33000
1526464868,691.51000,692.33000
1526202728,680.52000,680.53000
1526464876,691.52000,692.33000
1526202740,680.47000,680.53000
1526202743,680.52000,680.53000
1526464888,691.96000,692.33000
1526464889,692.34000,692.38000
1526464891,692.35000,692.38000
1526464892,692.41000,692.42000
1526246122,739.14000,739.84000
1526464895,692.35000,692.42000
1526464896,692.44000,692.45000
1526464898,692.40000,692.45000
1526464901,692.20000,692.45000
1526464902,692.41000,692.45000
1526202761,680.00000,680.53000
1526464908,692.42000,692.45000
1526202765,680.10000,680.53000
1526464912,692.43000,692.45000
1526202770,680.10000,681.70000
1526202771,680.00000,681.05000
1526202773,680.11000,680.52000
1526464930,692.44000,692.46000
1526202787,680.00000,680.52000
1526202788,680.12000,680.52000
1526464935,692.45000,692.46000
1526464943,692.45000,692.48000
1526202802,680.00000,680.52000
1526202804,680.13000,680.52000
1526202817,680.14000,680.52000
1526464963,692.45000,692.46000
1526464964,692.42000,692.46000
1526464969,692.45000,692.46000
1526464970,692.42000,692.46000
1526464971,692.42000,692.45000
1526202831,680.14000,680.51000
1526202832,680.15000,680.51000
1526229116,729.39000,730.20000
1526202836,680.15000,680.50000
1526464982,691.70000,692.44000
1526464984,692.43000,692.44000
1526464988,691.70000,692.44000
1526464990,691.70000,692.50000
1526202847,680.00000,680.50000
1526202848,680.16000,680.50000
1526464998,692.40000,692.50000
1526465001,691.71000,692.50000
1526465003,691.71000,692.49000
1526465004,691.90000,692.49000
1526202861,679.82000,680.50000
1526202862,680.17000,680.50000
1526465007,691.71000,692.49000
1526465008,691.72000,692.49000
1526465009,692.42000,692.49000
1526202867,680.17000,680.49000
1526202870,680.17000,680.48000
1526202874,680.33000,680.48000
1526465019,692.42000,692.50000
1526202876,680.33000,680.47000
1526202877,680.34000,680.47000
1526465024,692.43000,692.49000
1526202888,680.44000,680.47000
1526465035,692.43000,692.50000
1526465037,692.43000,693.77000
1526465038,692.50000,693.59000
1526465040,692.43000,693.59000
1526202897,680.45000,680.47000
1526465043,692.52000,693.58000
1526465045,692.43000,693.58000
1526465046,692.60000,693.58000
1526202904,680.47000,680.48000
1526465049,692.51000,693.57000
1526465055,692.60000,693.57000
1526202913,680.46000,680.48000
1526465058,692.52000,693.57000
1526465060,692.60000,693.57000
1526465062,692.52000,693.57000
1526202921,680.48000,681.10000
1526202922,680.48000,681.08000
1526202923,680.49000,680.98000
1526465069,692.53000,693.57000
1526465070,692.54000,693.57000
1526465071,692.53000,693.57000
1526202928,680.49000,680.97000
1526465076,692.60000,693.57000
1526465079,692.56000,693.57000
1526202938,680.50000,680.97000
1526465086,692.56000,693.85000
1526465087,692.56000,693.75000
1526465089,692.60000,693.75000
1526202946,680.50000,680.96000
1526465092,692.56000,693.74000
1526465095,692.54000,693.74000
1526465097,692.54000,693.73000
1526465098,692.60000,693.73000
1526465099,693.80000,693.84000
1526465103,692.54000,693.78000
1526202960,680.50000,680.97000
1526465106,692.70000,693.83000
1526465109,692.54000,693.83000
1526465111,692.56000,693.83000
1526465114,692.57000,693.83000
1526465115,692.60000,693.83000
1526202974,679.83000,680.50000
1526202976,679.83000,680.49000
1526202979,679.82000,680.49000
1526465124,692.60000,693.83000
1526465126,692.57000,693.82000
1526202983,679.83000,680.49000
1526202984,679.83000,680.48000
1526202985,679.83000,680.47000
1526465132,692.60000,693.82000
1526508306,697.82000,698.75000
1526465134,692.60000,693.83000
1526465135,692.59000,693.83000
1526465136,692.59000,693.81000
1526465140,692.62000,693.81000
1526202997,681.26000,681.40000
1526203000,681.26000,681.39000
1526203002,681.26000,681.38000
1526203003,681.26000,681.37000
1526203005,681.26000,681.30000
1526203006,681.26000,681.37000
1526203008,681.26000,681.37000
1526203009,681.26000,681.30000
1526203011,681.26000,681.29000
1526203013,681.26000,681.27000
1526203015,679.82000,679.94000
1526203017,679.82000,679.93000
1526203039,679.82000,679.92000
1526203048,679.82000,679.88000
1526203051,679.13000,679.55000
1526203057,678.50000,679.55000
1526203058,679.14000,679.91000
1526203061,678.44000,679.91000
1526203064,678.45000,679.91000
1526203065,678.60000,679.91000
1526203069,678.60000,679.58000
1526203070,678.45000,679.58000
1526203071,678.46000,679.58000
1526203072,678.60000,679.58000
1526203076,678.60000,679.90000
1526203077,679.00000,679.87000
1526203080,679.00000,679.86000
1526203083,678.97000,679.86000
1526203084,679.01000,679.85000
1526203086,679.10000,679.87000
1526203090,679.02000,679.87000
1526203091,679.02000,679.90000
1526203092,679.02000,679.87000
1526203094,679.02000,679.86000
1526203095,679.10000,679.86000
1526203099,679.02000,679.86000
1526203102,679.02000,679.85000
1526203103,679.10000,679.85000
1526203108,679.02000,679.85000
1526203110,679.02000,679.84000
1526203111,679.10000,679.84000
1526203117,679.11000,679.84000
1526203121,679.20000,679.84000
1526203124,679.20000,679.83000
1526203125,679.11000,679.83000
1526203131,679.20000,679.83000
1526203136,679.12000,679.83000
1526203140,679.30000,679.83000
1526203145,679.12000,679.83000
1526203148,678.81000,679.83000
1526203151,679.30000,679.83000
1526203155,678.81000,679.83000
1526203162,678.90000,679.83000
1526203167,678.82000,679.83000
1526465313,692.70000,693.79000
1526465314,692.70000,693.78000
1526203171,679.00000,679.83000
1526203176,678.82000,679.83000
1526465321,692.70000,693.77000
1526203178,678.82000,679.41000
1526203179,679.00000,679.41000
1526465324,692.63000,693.77000
1526465326,692.63000,693.76000
1526203184,678.82000,679.41000
1526203185,679.30000,679.77000
1526203187,679.30000,679.83000
1526465332,692.64000,693.76000
1526465333,692.64000,693.75000
1526203190,678.82000,679.79000
1526203191,678.83000,679.82000
1526203192,678.83000,679.83000
1526203193,679.30000,679.82000
1526465338,692.70000,693.75000
1526465340,692.64000,693.75000
1526203199,678.83000,679.82000
1526465344,692.63000,693.74000
1526203201,678.83000,679.77000
1526203203,678.90000,679.76000
1526203204,678.90000,679.77000
1526203208,678.83000,679.77000
1526203210,678.90000,679.82000
1526203211,678.90000,679.59000
1526465356,692.63000,693.74000
1526203214,678.83000,679.59000
1526203215,678.83000,679.58000
1526465360,692.70000,693.74000
1526203218,678.90000,679.58000
1526203220,678.90000,679.59000
1526465366,692.63000,693.73000
1526203223,678.83000,679.59000
1526203225,678.90000,679.59000
1526465370,692.63000,693.73000
1526203229,678.90000,679.59000
1526465376,692.70000,693.72000
1526203234,678.83000,679.59000
1526203235,678.90000,679.59000
1526203240,678.83000,679.59000
1526465387,692.63000,693.71000
1526465390,692.70000,693.71000
1526203247,678.90000,679.58000
1526465393,692.63000,693.71000
1526203252,678.90000,679.58000
1526203253,678.90000,679.59000
1526203256,678.83000,679.59000
1526203257,678.90000,679.59000
1526465403,692.63000,693.71000
1526465406,692.70000,693.71000
1526203263,678.91000,679.59000
1526465408,692.63000,693.71000
1526203265,678.91000,679.58000
1526203267,678.91000,679.59000
1526465414,692.63000,693.81000
1526465417,692.70000,693.81000
1526465420,692.63000,693.81000
1526465422,692.63000,693.83000
1526203280,678.91000,679.58000
1526203282,678.91000,679.59000
1526203283,679.00000,679.57000
1526465430,692.70000,693.82000
1526203287,678.91000,679.59000
1526465433,692.63000,693.82000
1526465437,692.70000,693.82000
1526465439,692.63000,693.81000
1526465443,692.70000,693.81000
1526465445,692.63000,693.81000
1526465447,692.70000,693.81000
1526465448,692.70000,693.80000
1526465450,692.63000,693.80000
1526465451,692.64000,693.80000
1526203309,678.91000,679.58000
1526465456,692.64000,693.80000
1526465457,693.77000,693.80000
1526465459,693.77000,693.79000
1526203317,679.40000,679.59000
1526465463,693.78000,693.79000
1526465464,693.80000,693.81000
1526465465,693.82000,693.83000
1526465467,693.80000,693.83000
1526508362,697.86000,699.30000
1526465470,693.81000,693.83000
1526203328,679.40000,679.58000
1526203329,678.57000,679.59000
1526203330,678.58000,679.58000
1526203331,678.58000,679.57000
1526203332,679.10000,679.57000
1526203335,679.10000,679.56000
1526203337,678.59000,679.56000
1526203341,678.90000,679.56000
1526203346,678.60000,679.56000
1526203347,678.80000,679.56000
1526203352,678.80000,679.56000
1526203357,678.90000,679.56000
1526465504,693.82000,693.83000
1526203361,678.81000,679.56000
1526203363,678.90000,679.56000
1526203364,678.91000,679.56000
1526465509,693.82000,694.88000
1526465511,694.40000,694.89000
1526465512,694.40000,694.88000
1526203369,678.91000,679.55000
1526203371,678.92000,679.55000
1526508370,699.60000,699.74000
1526465518,694.03000,694.88000
1526465519,694.03000,694.87000
1526465521,694.41000,694.86000
1526465523,694.42000,694.86000
1526203380,678.92000,679.54000
1526203383,678.92000,679.54000
1526465529,694.42000,694.85000
1526465530,694.43000,694.85000
1526203390,678.92000,679.55000
1526465536,694.50000,694.85000
1526465539,694.44000,694.85000
1526465541,694.50000,694.85000
1526465544,694.44000,694.85000
1526465546,694.60000,694.85000
1526465549,694.61000,694.85000
1526465551,694.70000,694.84000
1526465553,694.62000,694.89000
1526465554,694.63000,694.89000
1526465558,694.64000,694.89000
1526465560,694.70000,694.89000
1526465561,694.70000,694.88000
1526203418,678.93000,679.55000
1526465563,694.66000,694.89000
1526465565,694.70000,694.89000
1526465569,694.71000,694.89000
1526465574,694.80000,694.89000
1526203433,678.94000,679.55000
1526465580,694.82000,694.89000
1526508381,697.86000,699.18000
1526465586,694.82000,696.53000
1526465589,694.82000,696.36000
1526465590,695.40000,696.36000
1526203447,679.20000,679.55000
1526465593,694.82000,696.36000
1526465594,694.82000,696.35000
1526465596,695.20000,696.34000
1526465598,695.20000,696.33000
1526465599,694.82000,696.33000
1526465601,694.82000,695.20000
1526465602,694.82000,696.33000
1526465603,695.41000,696.32000
1526203462,679.20000,679.58000
1526203463,679.20000,679.55000
1526203464,679.20000,679.58000
1526203465,679.20000,679.55000
1526203467,679.20000,679.58000
1526203474,679.20000,679.39000
1526465621,695.41000,696.32000
1526203479,679.21000,679.39000
1526465625,695.41000,696.31000
1526465627,695.44000,696.31000
1526203484,679.21000,679.55000
1526465629,695.41000,696.32000
1526465632,695.48000,696.32000
1526203490,679.21000,679.30000
1526465637,695.41000,696.32000
1526203494,679.22000,679.30000
1526465639,695.52000,696.32000
1526203496,679.31000,679.55000
1526203497,679.22000,679.58000
1526203499,679.55000,679.84000
1526203500,679.87000,679.90000
1526203501,679.87000,680.14000
1526203502,680.39000,680.77000
1526203503,680.77000,681.00000
1526465649,695.41000,696.33000
1526203506,680.78000,681.00000
1526203507,681.00000,681.96000
1526203508,681.39000,681.96000
1526203509,681.77000,681.96000
1526203510,681.00000,682.33000
1526203513,681.80000,682.33000
1526203515,681.80000,682.45000
1526203518,681.81000,682.45000
1526203522,681.82000,682.45000
1526203526,681.82000,683.00000
1526203527,681.90000,683.00000
1526465673,695.41000,696.30000
1526203530,681.90000,682.74000
1526465675,695.46000,696.30000
1526203533,681.83000,682.74000
1526203534,681.82000,682.74000
1526465679,695.41000,696.30000
1526203538,681.81000,682.74000
1526203541,681.81000,682.73000
1526203543,681.81000,682.72000
1526465690,695.49000,696.30000
1526203550,681.81000,682.71000
1526203552,681.82000,682.71000
1526203553,681.82000,682.74000
1526203556,681.82000,682.81000
1526203557,681.81000,682.73000
1526465704,696.10000,696.29000
1526465705,696.10000,696.28000
1526203562,681.81000,682.81000
1526465707,696.31000,696.33000
1526465708,696.11000,696.33000
1526203565,681.81000,683.00000
1526465710,696.28000,696.33000
1526203567,681.82000,682.81000
1526465712,696.13000,696.33000
1526465713,696.20000,696.28000
1526465714,696.21000,696.33000
1526465717,696.22000,696.33000
1526465718,696.80000,696.97000
1526203577,681.82000,682.99000
1526465722,697.40000,697.56000
1526465724,697.41000,697.56000
1526465726,697.42000,697.56000
1526465727,697.50000,697.56000
1526465730,697.43000,697.96000
1526203587,681.83000,682.99000
1526465734,697.99000,698.31000
1526465735,698.10000,698.31000
1526465736,698.31000,698.88000
1526203594,681.83000,682.98000
1526465740,698.99000,699.26000
1526203598,681.83000,682.97000
1526465743,699.09000,699.26000
1526203601,681.83000,682.96000
1526465746,699.39000,699.53000
1526465747,699.40000,699.53000
1526465750,699.79000,699.99000
1526465751,699.79000,700.00000
1526465752,699.79000,699.98000
1526465753,699.90000,699.98000
1526465755,699.91000,699.98000
1526203613,681.84000,682.96000
1526465758,699.92000,700.00000
1526465759,699.98000,700.00000
1526465760,700.00000,700.99000
1526465761,701.44000,703.10000
1526465762,701.44000,701.97000
1526465765,701.44000,702.62000
1526465766,701.44000,701.90000
1526203623,681.85000,682.96000
1526465768,701.46000,701.96000
1526203625,681.86000,683.30000
1526203626,682.30000,683.30000
1526465771,701.45000,701.95000
1526465773,701.47000,701.95000
1526203630,682.31000,683.56000
1526465776,701.47000,703.08000
1526203633,684.19000,684.51000
1526203634,683.39000,684.51000
1526203635,683.56000,684.51000
1526203636,683.94000,684.51000
1526465781,701.49000,703.09000
1526203638,684.19000,684.52000
1526203639,683.94000,684.52000
1526203640,684.29000,684.52000
1526465785,701.52000,703.09000
1526203642,684.29000,684.85000
1526465788,702.00000,703.52000
1526465789,701.52000,703.52000
1526465790,702.01000,703.52000
1526203647,684.40000,684.85000
1526465792,702.02000,702.40000
1526508416,697.87000,698.99000
1526465794,702.02000,702.61000
1526203651,684.41000,685.23000
1526203653,684.42000,685.22000
1526203654,684.70000,685.22000
1526203655,684.42000,685.22000
1526203656,684.70000,685.22000
1526465801,702.04000,702.58000
1526203659,684.70000,686.40000
1526203660,685.40000,686.40000
1526203661,686.23000,686.40000
1526203662,685.41000,686.40000
1526203663,686.52000,686.67000
1526203664,685.90000,686.67000
1526203668,685.91000,686.67000
1526203671,685.91000,686.77000
1526203672,685.92000,686.77000
1526203673,686.20000,686.81000
1526203676,686.20000,687.00000
1526465823,702.41000,702.57000
1526203680,686.21000,687.29000
1526203681,687.06000,687.29000
1526203682,686.80000,687.29000
1526203683,688.40000,689.26000
1526203684,688.40000,689.26000
1526203685,689.09000,689.26000
1526203688,688.96000,689.50000
1526203691,688.41000,689.50000
1526203692,689.56000,689.70000
1526203693,689.60000,689.70000
1526203695,689.61000,690.00000
1526203696,689.70000,690.00000
1526203697,689.70000,690.00000
1526203698,690.21000,690.42000
1526465844,702.54000,702.89000
1526203702,690.30000,690.42000
1526203703,690.42000,692.70000
1526203704,690.42000,691.99000
1526203705,690.42000,693.00000
1526203706,691.10000,693.00000
1526203707,691.10000,691.98000
1526465852,702.90000,707.60000
1526203709,691.10000,693.00000
1526203710,691.10000,691.70000
1526203711,691.11000,691.70000
1526203712,691.25000,691.70000
1526203714,691.20000,691.70000
1526465859,703.70000,705.24000
1526465860,704.90000,705.25000
1526203717,691.73000,692.98000
1526203718,691.74000,692.98000
1526203719,691.74000,692.97000
1526203720,691.74000,692.53000
1526465866,704.92000,705.23000
1526203723,691.85000,692.53000
1526465868,704.93000,705.22000
1526203726,691.75000,692.53000
1526203727,691.89000,692.52000
1526203728,693.00000,693.40000
1526203729,691.96000,693.40000
1526203730,692.53000,693.40000
1526203731,692.53000,693.00000
1526465876,703.51000,704.00000
1526203733,692.54000,692.97000
1526465879,703.51000,704.11000
1526465880,703.37000,704.11000
1526203738,691.76000,692.96000
1526465883,702.54000,704.10000
1526203740,691.96000,692.97000
1526465886,702.54000,702.90000
1526203743,692.23000,692.96000
1526465888,702.54000,704.11000
1526203745,692.51000,693.40000
1526203746,692.51000,692.96000
1526465891,702.81000,704.00000
1526203748,692.24000,693.00000
1526203749,692.52000,692.95000
1526203750,692.52000,693.00000
1526203751,692.23000,692.24000
1526465896,703.70000,703.99000
1526203756,692.23000,693.41000
1526203757,692.23000,692.99000
1526465902,703.70000,703.78000
1526203763,692.69000,692.97000
1526203765,692.69000,693.41000
1526203769,692.69000,693.50000
1526465915,703.71000,703.77000
1526465916,703.71000,703.76000
1526465917,702.82000,703.53000
1526465918,702.82000,703.76000
1526203776,692.69000,693.49000
1526203777,693.48000,693.49000
1526465923,703.53000,703.76000
1526203781,693.48000,693.50000
1526465926,702.83000,703.69000
1526465927,702.54000,703.36000
1526465928,702.51000,702.78000
1526203787,692.69000,693.50000
1526203788,692.81000,693.50000
1526465933,701.48000,702.00000
1526203790,692.82000,693.50000
1526465938,701.49000,702.00000
1526203797,694.00000,694.72000
1526203798,694.01000,694.72000
1526203799,694.01000,694.30000
1526465944,701.48000,701.99000
1526465945,701.48000,702.00000
1526203803,694.02000,694.30000
1526465948,701.49000,701.99000
1526203805,694.20000,694.98000
1526203806,694.63000,694.98000
1526465951,701.49000,702.00000
1526465953,701.49000,701.99000
1526203810,694.41000,694.98000
1526465955,701.49000,701.98000
1526203812,694.41000,694.97000
1526203813,694.41000,694.90000
1526203814,694.41000,694.97000
1526203815,694.41000,694.98000
1526203818,694.41000,694.97000
1526465963,701.50000,701.97000
1526203820,694.41000,694.98000
1526203821,692.82000,694.96000
1526203822,692.82000,694.40000
1526203824,692.83000,694.95000
1526203825,693.40000,694.95000
1526203826,693.40000,694.40000
1526464755,691.46000,692.34000
1526203828,693.40000,694.39000
1526203830,693.40000,694.38000
1526203831,693.01000,694.38000
1526465976,701.60000,701.96000
1526203833,693.40000,694.38000
1526203834,693.40000,694.37000
1526465982,701.60000,701.97000
1526203839,693.40000,694.36000
1526465984,702.03000,703.42000
1526465986,702.51000,703.41000
1526203843,693.40000,694.35000
1526465989,702.52000,703.41000
1526465990,702.52000,703.40000
1526465991,702.54000,703.40000
1526465993,702.55000,703.39000
1526203850,693.41000,694.37000
1526464759,691.46000,692.34000
1526465996,702.55000,703.38000
1526465998,702.58000,703.38000
1526203856,693.41000,694.39000
1526203858,693.41000,694.10000
1526466005,702.55000,703.20000
1526466006,702.05000,703.20000
1526466007,702.04000,703.20000
1526466008,702.04000,703.23000
1526466009,702.05000,703.23000
1526203866,693.41000,694.09000
1526466011,702.05000,703.00000
1526466013,702.05000,703.19000
1526203870,693.40000,694.09000
1526466016,702.05000,703.18000
1526203873,693.40000,694.08000
1526203874,693.12000,694.08000
1526466019,702.06000,703.00000
1526203876,693.12000,694.07000
1526466021,702.06000,702.99000
1526466022,702.59000,702.99000
1526203879,693.12000,693.70000
1526466024,702.59000,703.16000
1526466025,702.59000,702.80000
1526203882,694.00000,694.07000
1526466028,702.59000,703.15000
1526203885,693.12000,693.50000
1526203886,693.12000,693.86000
1526466031,702.59000,703.09000
1526508456,697.87000,698.97000
1526466035,702.59000,703.11000
1526203892,693.12000,693.85000
1526466038,702.59000,703.09000
1526508457,698.03000,698.97000
1526203896,693.12000,693.60000
1526203900,693.12000,693.59000
1526466046,702.59000,703.08000
1526203904,693.12000,693.58000
1526466049,702.59000,703.08000
1526466050,702.59000,703.07000
1526203910,692.09000,693.58000
1526203912,692.09000,693.57000
1526203913,692.06000,693.58000
1526203914,692.60000,693.58000
1526466060,702.59000,703.05000
1526203918,694.00000,694.05000
1526203920,694.00000,694.04000
1526203921,694.00000,694.07000
1526466066,702.59000,703.05000
1526203924,694.00000,694.05000
1526203926,694.00000,694.06000
1526466071,701.70000,702.57000
1526466074,701.55000,702.57000
1526466075,701.55000,702.56000
1526466076,701.56000,702.56000
1526466078,701.57000,702.56000
1526464773,691.46000,692.34000
1526466081,701.57000,702.55000
1526203939,695.30000,695.66000
1526203940,695.30000,695.65000
1526203942,694.00000,695.30000
1526203944,694.00000,695.29000
1526203946,694.00000,694.82000
1526203948,694.01000,694.82000
1526203949,694.01000,694.81000
1526466094,701.58000,702.50000
1526203951,694.01000,694.70000
1526466097,701.58000,702.49000
1526466099,701.58000,702.48000
1526203957,694.01000,694.69000
1526203958,694.01000,694.20000
1526203960,694.01000,694.69000
1526203963,694.01000,694.68000
1526203964,694.01000,694.10000
1526466110,701.63000,702.47000
1526203967,694.01000,694.09000
1526466113,702.53000,702.55000
1526466118,702.53000,702.54000
1526203978,694.01000,694.67000
1526203979,694.01000,694.68000
1526203980,694.01000,694.67000
1526203981,694.02000,694.67000
1526203983,694.02000,694.66000
1526466128,701.70000,702.53000
1526466129,701.70000,702.54000
1526466130,702.05000,702.54000
1526203987,694.67000,694.68000
1526466132,701.64000,702.55000
1526466133,702.55000,702.86000
1526466134,702.30000,702.86000
1526466136,702.30000,702.55000
1526466137,702.30000,702.86000
1526466138,702.30000,702.85000
1526466139,702.31000,702.85000
1526466141,702.32000,702.85000
1526466145,702.33000,702.85000
1526204005,694.67000,695.77000
1526204006,694.67000,695.35000
1526204007,694.67000,694.87000
1526466152,702.35000,703.04000
1526466153,702.36000,703.04000
1526204010,694.67000,695.34000
1526466155,702.37000,703.04000
1526466162,702.40000,703.04000
1526204019,694.67000,695.94000
1526204021,694.67000,695.93000
1526466166,702.41000,703.04000
1526204023,694.68000,695.93000
1526466168,702.50000,703.04000
1526466171,702.42000,703.04000
1526204029,695.00000,695.93000
1526204030,695.00000,695.92000
1526466175,702.47000,703.04000
1526466176,702.50000,703.04000
1526204033,695.77000,695.92000
1526466178,702.60000,703.04000
1526204035,695.40000,695.77000
1526464790,691.46000,692.34000
1526204038,695.40000,695.93000
1526204040,695.77000,695.93000
1526204041,695.41000,697.00000
1526466186,702.61000,703.04000
1526204043,696.00000,696.11000
1526466189,703.00000,703.04000
1526466191,703.30000,703.39000
1526204048,696.01000,696.11000
1526204050,696.00000,696.11000
1526204052,696.02000,696.11000
1526466198,703.33000,703.72000
1526204055,696.11000,696.98000
1526204056,696.03000,696.98000
1526466201,703.93000,704.06000
1526204059,696.03000,696.98000
1526204060,696.50000,696.98000
1526204061,696.50000,696.97000
1526204062,696.50000,696.98000
1526204064,696.50000,696.90000
1526466209,703.96000,704.05000
1526204066,696.03000,696.90000
1526204067,696.03000,696.89000
1526204069,696.03000,697.50000
1526204070,696.03000,697.10000
1526204072,696.03000,696.90000
1526204074,696.10000,696.90000
1526204075,696.10000,696.89000
1526466220,703.99000,705.20000
1526466221,704.00000,705.20000
1526204078,696.10000,696.90000
1526204079,696.10000,696.60000
1526204080,696.03000,696.50000
1526466225,704.30000,705.20000
1526204082,696.03000,696.49000
1526204085,696.00000,696.49000
1526508487,698.05000,698.97000
1526466231,704.83000,705.19000
1526466234,704.86000,705.19000
1526466235,704.87000,705.19000
1526204093,696.00000,696.30000
1526466238,704.86000,705.19000
1526204095,695.03000,696.30000
1526204096,695.00000,695.97000
1526204097,695.00000,695.62000
1526204098,695.00000,695.03000
1526204099,695.00000,695.62000
1526204100,695.00000,695.50000
1526204101,695.00000,695.61000
1526204102,695.00000,695.60000
1526204103,695.00000,695.50000
1526204107,695.00000,695.04000
1526466253,705.00000,705.19000
1526204110,694.38000,695.00000
1526466256,704.74000,704.90000
1526204113,694.38000,694.60000
1526204114,693.51000,694.60000
1526204116,693.51000,694.59000
1526466261,704.06000,704.50000
1526466263,704.06000,704.45000
1526204120,693.51000,694.58000
1526464804,691.37000,692.33000
1526204122,693.10000,694.58000
1526466267,704.06000,704.44000
1526204124,693.52000,694.58000
1526466269,704.07000,704.43000
1526204126,693.50000,694.58000
1526204127,693.53000,694.58000
1526508496,698.25000,698.96000
1526466275,704.07000,704.20000
1526466277,704.07000,704.19000
1526466280,703.78000,704.00000
1526204137,693.54000,694.58000
1526204138,693.80000,694.58000
1526466285,703.78000,703.99000
1526204143,693.90000,694.58000
1526464808,691.40000,692.33000
1526466292,703.78000,704.00000
1526204149,694.30000,694.58000
1526466296,703.78000,703.99000
1526466297,703.78000,704.00000
1526204156,694.40000,694.58000
1526466303,703.78000,703.99000
1526204162,694.40000,694.58000
1526204167,694.90000,695.49000
1526466313,703.78000,703.98000
1526204170,694.90000,695.10000
1526466316,703.78000,704.00000
1526204173,694.90000,695.49000
1526466318,703.90000,704.00000
1526466321,703.78000,704.00000
1526204178,695.00000,695.49000
1526246347,735.43000,735.50000
1526204180,695.01000,695.48000
1526204181,695.01000,695.49000
1526204182,695.02000,695.49000
1526204183,695.01000,695.48000
1526204184,695.01000,695.49000
1526204186,695.02000,695.49000
1526204187,695.48000,695.49000
1526466333,703.78000,704.00000
1526466334,703.79000,704.00000
1526204191,696.00000,696.40000
1526204193,695.48000,696.00000
1526466338,704.22000,704.79000
1526204195,695.02000,696.00000
1526204196,695.02000,695.99000
1526466341,704.22000,704.79000
1526464817,691.37000,692.33000
1526204201,695.00000,695.99000
1526204202,695.00000,695.98000
1526466347,704.02000,704.78000
1526466348,704.20000,704.78000
1526204205,695.03000,695.98000
1526204207,695.20000,695.98000
1526204209,695.03000,696.38000
1526204210,695.80000,695.97000
1526204211,695.80000,695.97000
1526204214,695.60000,695.97000
1526204215,695.80000,695.96000
1526466362,704.06000,704.76000
1526204221,695.80000,695.95000
1526204222,695.03000,695.95000
1526204223,695.03000,695.96000
1526204224,695.13000,695.95000
1526204226,695.14000,695.95000
1526464822,691.42000,692.33000
1526466374,704.08000,704.76000
1526204233,695.20000,695.95000
1526204234,695.20000,696.44000
1526204235,695.20000,696.43000
1526204236,695.20000,695.94000
1526204237,695.21000,695.94000
1526204238,695.21000,695.93000
1526466384,704.10000,704.76000
1526466385,704.10000,704.75000
1526204244,695.05000,695.93000
1526204245,695.05000,695.77000
1526466391,704.10000,704.74000
1526466393,704.10000,704.70000
1526466394,704.10000,704.50000
1526466395,704.10000,704.49000
1526204252,695.05000,695.90000
1526464826,691.41000,692.33000
1526204254,693.82000,695.55000
1526466399,704.10000,704.99000
1526204256,693.83000,695.54000
1526466402,704.10000,704.90000
1526204259,693.83000,695.53000
1526466404,703.78000,704.07000
1526204261,693.82000,695.53000
1526204262,694.40000,695.53000
1526204265,694.40000,695.52000
1526466411,702.88000,704.48000
1526466412,702.66000,703.78000
1526466413,702.66000,704.06000
1526466414,702.90000,704.05000
1526204272,694.30000,695.51000
1526204273,694.30000,695.50000
1526204275,694.30000,695.49000
1526464830,691.42000,692.33000
1526204278,693.85000,695.49000
1526204279,693.85000,695.49000
1526466424,702.74000,704.03000
1526466425,702.66000,703.99000
1526204282,694.20000,695.48000
1526466427,703.06000,704.03000
1526466429,703.06000,704.02000
1526204287,693.85000,695.48000
1526204288,693.85000,695.46000
1526204289,694.20000,695.46000
1526466435,702.92000,704.00000
1526204292,694.20000,695.45000
1526466438,702.92000,704.47000
1526204295,694.20000,695.44000
1526204296,693.85000,695.43000
1526466441,702.92000,704.45000
1526204298,693.85000,695.42000
1526204299,694.20000,695.42000
1526466445,702.90000,704.44000
1526204302,694.20000,695.41000
1526204304,693.85000,695.30000
1526204305,693.80000,695.30000
1526204307,693.81000,695.30000
1526204308,693.86000,694.99000
1526204309,693.90000,694.99000
1526204310,693.90000,694.98000
1526466455,703.10000,704.40000
1526466457,702.95000,704.40000
1526204315,693.86000,694.90000
1526204318,693.81000,694.78000
1526466463,703.00000,704.42000
1526466465,703.08000,704.42000
1526204322,693.81000,694.77000
1526466467,703.08000,704.42000
1526466468,703.09000,704.42000
1526204328,693.81000,694.62000
1526466473,703.10000,704.48000
1526466475,703.16000,704.48000
1526204332,692.50000,694.61000
1526204333,693.82000,694.61000
1526466478,704.46000,704.48000
1526204339,693.82000,694.60000
1526466484,704.46000,704.47000
1526204344,693.82000,694.59000
1526508532,698.22000,698.96000
1526466491,703.20000,704.45000
1526204348,693.82000,694.50000
1526466493,703.11000,704.47000
1526466494,703.03000,704.44000
1526204351,692.51000,694.50000
1526466496,703.50000,704.44000
1526204353,692.51000,694.49000
1526204354,693.20000,694.49000
1526204355,693.40000,694.50000
1526204357,693.20000,694.43000
1526204358,693.20000,694.42000
1526204359,693.20000,694.00000
1526466504,703.40000,704.09000
1526204361,692.58000,693.20000
1526204363,693.00000,693.20000
1526204364,693.10000,693.20000
1526204367,693.26000,694.41000
1526204368,693.10000,693.19000
1526466514,703.42000,704.08000
1526466515,703.64000,704.08000
1526204373,693.10000,694.41000
1526204376,693.10000,694.40000
1526204377,693.70000,694.40000
1526204378,693.70000,693.75000
1526466523,703.65000,704.05000
1526466524,704.08000,704.09000
1526204383,693.70000,693.75000
1526204385,693.70000,694.39000
1526204388,693.90000,694.39000
1526204389,693.90000,694.02000
1526466538,704.42000,704.44000
1526204395,693.70000,694.02000
1526204396,693.70000,694.39000
1526204397,693.90000,694.01000
1526466542,704.43000,704.44000
1526466545,704.57000,704.85000
1526204404,695.00000,695.15000
1526466550,704.58000,704.85000
1526204411,695.00000,695.14000
1526466557,704.59000,704.85000
1526466559,704.60000,704.85000
1526204418,695.00000,695.30000
1526466563,704.60000,705.01000
1526204420,695.00000,695.30000
1526204423,695.00000,695.29000
1526204424,695.00000,695.28000
1526204426,695.00000,695.29000
1526204428,695.00000,695.18000
1526466573,704.39000,705.01000
1526204430,695.00000,695.17000
1526466576,704.40000,705.01000
1526204437,695.00000,695.16000
1526246404,733.01000,734.17000
1526466587,703.86000,705.01000
1526204444,695.00000,695.15000
1526466590,703.87000,705.01000
1526204447,695.00000,695.14000
1526466594,703.88000,705.01000
1526204452,695.00000,695.13000
1526466601,703.89000,705.01000
1526466609,703.90000,705.01000
1526466615,703.91000,705.01000
1526204472,695.00000,695.12000
1526466620,704.10000,705.01000
1526466622,703.92000,705.01000
1526204481,695.00000,695.13000
1526204482,695.00000,695.11000
1526466627,703.93000,705.01000
1526466630,703.94000,705.01000
1526466631,703.94000,705.22000
1526466633,703.94000,705.20000
1526466636,703.94000,705.23000
1526466637,703.93000,705.00000
1526466638,703.93000,705.23000
1526466641,703.93000,705.19000
1526204499,695.00000,695.10000
1526466644,703.93000,705.18000
1526466649,703.93000,705.17000
1526466654,703.93000,705.10000
1526466655,703.93000,705.16000
1526204512,695.00000,695.09000
1526204515,695.01000,695.09000
1526466660,703.93000,705.15000
1526204517,695.00000,695.09000
1526466663,703.93000,705.10000
1526466664,703.93000,705.15000
1526204521,695.00000,695.08000
1526466666,703.93000,705.12000
1526204523,695.00000,695.07000
1526466671,703.93000,705.10000
1526466673,703.93000,705.11000
1526466677,703.93000,705.10000
1526204542,695.00000,695.06000
1526466687,703.93000,705.09000
1526204544,695.00000,695.08000
1526204545,695.07000,695.08000
1526204546,695.00000,695.07000
1526204548,693.80000,695.07000
1526246422,733.11000,734.11000
1526204550,693.80000,694.99000
1526204551,694.00000,695.07000
1526204558,693.80000,695.07000
1526204560,694.00000,695.07000
1526466705,705.00000,705.05000
1526204567,693.81000,695.07000
1526204569,694.00000,695.07000
1526204573,694.00000,695.06000
1526466718,705.00000,705.04000
1526204576,693.81000,695.06000
1526204580,694.00000,695.06000
1526246428,732.01000,734.10000
1526204586,693.81000,695.06000
1526204587,693.81000,695.07000
1526204588,694.10000,695.05000
1526466733,705.00000,705.03000
1526204595,693.82000,695.05000
1526204596,695.00000,695.05000
1526204601,695.00000,695.07000
1526466746,705.00000,705.04000
1526204603,695.00000,695.04000
1526204616,693.83000,695.00000
1526204618,693.83000,695.03000
1526204620,694.10000,695.03000
1526466767,705.00000,705.03000
1526466769,705.00000,705.02000
1526204636,694.11000,695.03000
1526466784,705.01000,705.02000
1526466785,705.02000,705.03000
1526204647,694.11000,695.02000
1526466794,705.01000,705.03000
1526466797,705.02000,705.03000
1526466806,705.01000,705.03000
1526466807,705.00000,705.03000
1526466808,705.01000,705.03000
1526204667,694.11000,695.01000
1526466814,704.44000,704.95000
1526466816,704.27000,704.95000
1526204673,694.57000,695.01000
1526466819,703.86000,704.86000
1526466820,703.87000,704.80000
1526204677,694.57000,695.00000
1526466822,703.86000,704.79000
1526466824,703.85000,704.64000
1526466825,703.75000,704.64000
1526204684,694.11000,695.00000
1526204686,694.89000,695.00000
1526466831,703.02000,704.64000
1526466832,703.20000,704.63000
1526466835,703.02000,704.63000
1526204693,694.89000,694.99000
1526466838,703.02000,704.60000
1526204695,694.11000,694.99000
1526204696,694.99000,695.01000
1526204697,695.00000,695.01000
1526466842,703.21000,704.50000
1526204700,694.11000,694.99000
1526466845,703.21000,704.62000
1526204703,694.11000,695.01000
1526466853,703.21000,704.60000
1526466855,703.23000,704.62000
1526466865,703.02000,704.62000
1526466867,703.02000,704.61000
1526466869,703.02000,704.40000
1526466870,703.03000,704.40000
1526204727,694.11000,695.00000
1526204729,694.11000,694.99000
1526466874,703.03000,704.56000
1526466875,703.03000,704.20000
1526466877,703.03000,704.56000
1526466880,703.02000,704.56000
1526204738,694.11000,694.98000
1526466883,703.02000,704.20000
1526466886,703.02000,704.50000
1526466890,703.03000,704.40000
1526466891,703.03000,704.50000
1526466894,703.03000,704.40000
1526204752,694.11000,694.97000
1526466897,703.03000,704.54000
1526466899,703.03000,704.10000
1526466900,703.02000,704.10000
1526466902,703.02000,704.54000
1526466904,703.02000,704.07000
1526466909,703.02000,704.00000
1526204767,694.11000,694.96000
1526466912,703.02000,704.07000
1526466914,703.02000,703.98000
1526466915,703.03000,703.98000
1526204773,694.11000,695.00000
1526204774,694.96000,695.00000
1526508604,698.10000,698.49000
1526466924,703.03000,704.01000
1526466930,703.03000,704.00000
1526464915,692.44000,692.45000
1526466932,703.03000,704.01000
1526204789,694.96000,695.02000
1526466934,703.03000,704.15000
1526466935,703.03000,704.14000
1526466939,703.03000,704.00000
1526466942,703.03000,704.14000
1526204799,694.96000,695.01000
1526466944,703.03000,704.00000
1526466946,703.03000,704.31000
1526466947,703.03000,704.30000
1526466948,703.03000,704.00000
1526466950,703.02000,704.00000
1526204807,694.96000,695.00000
1526466954,703.03000,704.10000
1526466956,703.03000,704.29000
1526466957,703.46000,704.29000
1526204814,694.96000,694.99000
1526204818,694.96000,695.00000
1526204819,694.96000,695.00000
1526466966,704.99000,705.01000
1526466969,704.99000,705.03000
1526466970,705.22000,705.23000
1526204827,695.10000,695.47000
1526466972,705.10000,705.23000
1526466973,705.20000,705.23000
1526204830,695.10000,696.48000
1526204831,695.10000,696.46000
1526204832,695.11000,696.46000
1526204833,695.11000,696.49000
1526466978,705.45000,705.65000
1526204836,695.70000,696.45000
1526466981,705.21000,705.65000
1526204838,695.70000,696.49000
1526466983,705.21000,705.64000
1526204840,695.70000,697.00000
1526204842,695.70000,696.96000
1526204845,695.70000,696.95000
1526466990,705.45000,706.46000
1526204847,695.71000,696.95000
1526466994,706.00000,706.40000
1526204852,695.90000,697.00000
1526204853,696.00000,697.00000
1526204856,696.01000,697.00000
1526467002,705.50000,706.45000
1526204859,696.02000,696.99000
1526204860,696.02000,697.00000
1526204861,696.20000,697.00000
1526204862,696.20000,696.99000
1526204865,696.20000,696.98000
1526204866,696.21000,696.98000
1526204868,696.21000,696.98000
1526467013,706.00000,706.40000
1526204870,696.21000,697.73000
1526204871,696.30000,697.73000
1526204872,696.98000,697.73000
1526204873,697.00000,697.50000
1526204876,697.01000,697.50000
1526467022,705.86000,706.45000
1526204879,697.01000,697.49000
1526204881,697.10000,697.49000
1526467026,705.88000,706.45000
1526467027,705.88000,706.40000
1526467030,705.88000,706.45000
1526204888,697.01000,697.10000
1526467034,705.88000,706.56000
1526204891,697.01000,697.49000
1526204892,697.20000,697.49000
1526204893,697.20000,697.96000
1526204895,697.20000,697.95000
1526467041,705.88000,706.57000
1526204898,697.01000,697.95000
1526204899,697.10000,697.95000
1526204900,697.40000,697.95000
1526467047,705.88000,706.78000
1526467048,705.88000,706.57000
1526467049,705.86000,706.56000
1526467050,705.88000,706.56000
1526204907,697.41000,697.94000
1526467052,705.88000,706.55000
1526467054,705.86000,706.55000
1526467056,705.74000,706.55000
1526204914,697.41000,697.93000
1526467062,705.75000,706.50000
1526467064,705.75000,706.55000
1526467065,705.75000,706.49000
1526204923,697.41000,697.94000
1526204924,697.41000,698.00000
1526204926,697.42000,698.00000
1526204927,697.50000,698.00000
1526467072,705.75000,706.56000
1526467073,705.75000,706.54000
1526467074,705.75000,706.56000
1526204931,698.00000,698.46000
1526467082,705.75000,706.47000
1526467084,705.75000,706.46000
1526204943,698.10000,698.46000
1526467088,705.75000,706.48000
1526467091,705.75000,706.47000
1526204948,698.10000,698.45000
1526204949,698.01000,698.45000
1526204951,698.10000,698.44000
1526204952,698.10000,698.45000
1526204953,698.10000,698.89000
1526467100,705.75000,706.50000
1526204958,698.01000,698.88000
1526204959,698.20000,698.88000
1526467104,705.75000,706.55000
1526204964,698.40000,698.88000
1526204965,698.50000,698.88000
1526467110,705.75000,706.50000
1526204967,698.51000,699.00000
1526204968,698.80000,699.00000
1526204971,698.81000,699.00000
1526467118,705.75000,706.06000
1526508637,698.15000,699.72000
1526467120,705.55000,705.67000
1526204978,698.90000,699.00000
1526467124,705.22000,705.31000
1526467125,705.22000,705.35000
1526467127,705.17000,705.35000
1526204984,698.81000,699.00000
1526464948,692.45000,692.47000
1526204986,698.91000,699.00000
1526467131,704.77000,705.17000
1526467132,704.77000,705.34000
1526204989,698.91000,698.99000
1526204990,698.92000,699.00000
1526467136,704.77000,705.20000
1526467138,704.77000,705.34000
1526204995,699.00000,699.50000
1526204998,698.81000,698.92000
1526204999,698.90000,698.92000
1526205000,698.90000,699.50000
1526205001,699.00000,699.50000
1526205004,699.01000,699.50000
1526205006,699.01000,699.49000
1526205007,699.02000,699.49000
1526467153,704.77000,705.32000
1526205010,699.02000,699.50000
1526205011,699.03000,699.50000
1526467157,704.77000,705.31000
1526205014,699.03000,699.60000
1526467160,704.77000,705.31000
1526205017,699.03000,699.59000
1526467164,704.77000,705.20000
1526205021,699.31000,699.59000
1526467166,704.78000,705.30000
1526205023,699.31000,699.58000
1526205024,699.31000,699.68000
1526467169,704.77000,705.30000
1526467172,704.77000,705.20000
1526205030,699.40000,699.68000
1526467177,703.53000,704.00000
1526467178,703.51000,704.00000
1526205037,699.41000,699.68000
1526467183,703.51000,704.00000
1526205041,699.03000,699.68000
1526205043,699.61000,699.68000
1526467188,703.52000,703.99000
1526205045,699.61000,699.67000
1526467190,703.60000,703.99000
1526467191,703.52000,703.99000
1526205054,699.03000,699.61000
1526205056,699.03000,699.67000
1526205058,699.50000,699.67000
1526467205,703.52000,703.98000
1526467206,703.60000,703.98000
1526205063,699.50000,699.66000
1526467208,703.52000,703.98000
1526205065,699.03000,699.66000
1526205069,699.50000,699.66000
1526467215,703.60000,703.97000
1526205072,699.50000,699.65000
1526467217,703.52000,703.97000
1526467221,703.35000,703.97000
1526205078,698.90000,699.65000
1526467224,703.60000,703.97000
1526205081,699.10000,699.65000
1526205083,699.10000,699.64000
1526467232,703.35000,703.95000
1526205090,699.11000,699.64000
1526205092,699.23000,699.64000
1526205093,699.23000,699.63000
1526205095,699.23000,699.62000
1526467240,703.40000,703.95000
1526467241,703.40000,704.00000
1526467243,703.36000,704.00000
1526205100,699.23000,699.61000
1526467245,703.36000,703.99000
1526467246,703.35000,703.99000
1526205104,699.23000,699.50000
1526467249,703.40000,703.99000
1526205106,699.23000,699.33000
1526467251,703.40000,703.98000
1526205108,698.94000,699.33000
1526205109,698.94000,699.33000
1526205110,698.80000,698.94000
1526205111,698.80000,699.32000
1526205112,698.80000,698.93000
1526467257,703.40000,703.98000
1526205116,698.80000,698.86000
1526205122,698.80000,698.85000
1526467268,703.35000,703.98000
1526205125,698.02000,698.85000
1526205126,698.00000,698.85000
1526205127,698.00000,698.59000
1526467274,703.41000,703.97000
1526467275,703.41000,703.99000
1526205133,698.00000,698.58000
1526467279,703.41000,703.98000
1526205136,698.00000,698.57000
1526467282,704.30000,704.90000
1526205142,698.00000,698.56000
1526205143,698.00000,698.50000
1526205144,698.00000,698.56000
1526205145,698.00000,698.49000
1526205146,698.00000,698.43000
1526205147,698.00000,698.85000
1526467292,703.70000,704.90000
1526467294,703.70000,704.92000
1526467295,704.30000,704.92000
1526467298,704.30000,704.90000
1526205156,698.00000,698.43000
1526467301,704.30000,704.92000
1526467302,705.20000,705.27000
1526467304,704.30000,704.54000
1526205161,697.67000,698.42000
1526467308,704.30000,704.54000
1526467309,704.30000,704.53000
1526205172,697.67000,698.41000
1526205173,697.67000,698.40000
1526467320,704.30000,704.53000
1526205178,697.67000,698.24000
1526205182,697.67000,698.23000
1526205183,697.67000,698.20000
1526205186,697.67000,698.03000
1526205187,697.07000,697.67000
1526205188,697.45000,697.67000
1526205189,697.45000,698.03000
1526205191,697.07000,698.03000
1526467339,703.58000,704.53000
1526205196,697.07000,698.23000
1526205200,697.07000,698.10000
1526508675,699.51000,699.67000
1526205204,697.07000,698.09000
1526205205,697.07000,698.00000
1526205207,696.79000,697.99000
1526467354,703.58000,704.53000
1526205214,696.79000,697.98000
1526205215,696.80000,697.98000
1526467360,703.58000,704.88000
1526205218,696.81000,697.98000
1526467363,703.58000,704.60000
1526467365,703.51000,704.85000
1526205224,696.81000,697.97000
1526467369,703.59000,704.84000
1526205227,697.10000,697.97000
1526467372,703.59000,704.70000
1526467375,703.59000,704.84000
1526205232,697.11000,698.00000
1526467377,703.59000,704.83000
1526290227,707.00000,707.20000
1526205236,697.20000,698.00000
1526205237,697.21000,697.99000
1526467382,703.59000,704.80000
1526205239,697.22000,697.99000
1526205240,697.30000,697.99000
1526205241,698.00000,698.09000
1526464991,691.71000,692.50000
1526205246,698.00000,698.28000
1526467392,703.60000,704.79000
1526205249,698.00000,698.27000
1526205255,698.01000,698.27000
1526205256,698.01000,698.26000
1526467401,703.60000,704.86000
1526467404,703.60000,704.85000
1526205263,698.02000,698.25000
1526467408,703.51000,704.82000
1526467412,703.51000,704.80000
1526205269,698.25000,698.26000
1526205270,698.01000,698.50000
1526467415,704.49000,704.85000
1526205273,698.10000,698.50000
1526467418,704.49000,704.85000
1526467419,705.33000,705.66000
1526205278,698.10000,698.49000
1526205279,698.01000,698.49000
1526205280,698.02000,698.49000
1526205281,698.02000,698.48000
1526205282,698.20000,698.25000
1526467428,705.30000,705.65000
1526205285,698.20000,698.24000
1526205286,698.21000,698.24000
1526205287,698.38000,698.48000
1526205288,698.27000,698.48000
1526467434,705.20000,705.65000
1526205291,698.48000,698.49000
1526467436,704.76000,705.65000
1526205293,698.27000,698.47000
1526205294,698.27000,698.50000
1526467440,704.76000,706.43000
1526467441,704.76000,706.40000
1526205298,698.28000,698.50000
1526467443,704.76000,706.39000
1526467444,704.76000,705.92000
1526467445,704.76000,705.60000
1526205302,698.28000,698.49000
1526467447,704.76000,705.59000
1526205306,698.28000,698.48000
1526205308,698.28000,698.47000
1526205309,698.30000,698.47000
1526467454,704.77000,705.48000
1526205312,698.30000,698.46000
1526205313,698.31000,698.46000
1526467459,704.77000,705.47000
1526467465,704.77000,705.46000
1526205326,698.40000,698.46000
1526467474,704.77000,705.44000
1526205332,698.32000,698.46000
1526467478,704.77000,705.44000
1526467479,703.31000,705.44000
1526467480,703.30000,705.44000
1526467481,703.31000,705.44000
1526205338,698.32000,698.45000
1526467483,703.40000,705.45000
1526467484,703.40000,705.24000
1526467486,703.34000,705.00000
1526205343,698.32000,699.68000
1526467488,703.34000,704.40000
1526467490,703.35000,704.40000
1526467491,703.35000,704.46000
1526205348,698.60000,699.67000
1526467493,703.35000,704.30000
1526467496,703.38000,704.10000
1526205353,698.32000,699.67000
1526205354,698.34000,699.67000
1526205356,698.60000,699.66000
1526467502,703.38000,704.40000
1526467503,703.35000,704.40000
1526205362,698.34000,699.66000
1526467507,703.35000,704.39000
1526205364,698.34000,699.65000
1526205365,698.70000,699.65000
1526205366,698.70000,699.64000
1526467511,703.35000,704.38000
1526467513,703.35000,704.37000
1526467514,703.40000,704.37000
1526205371,698.34000,699.63000
1526467516,703.35000,704.37000
1526205373,698.35000,699.63000
1526467519,703.04000,704.37000
1526467520,703.02000,704.37000
1526205377,698.60000,699.62000
1526467523,703.03000,704.36000
1526205381,698.34000,699.62000
1526205382,698.34000,699.61000
1526467527,703.06000,704.37000
1526205384,698.60000,699.61000
1526467529,703.04000,704.37000
1526205389,698.60000,699.60000
1526205390,698.34000,699.68000
1526205391,698.34000,699.60000
1526467536,703.04000,704.37000
1526205393,698.34000,699.10000
1526205397,698.18000,699.10000
1526467543,703.11000,704.30000
1526467544,703.11000,704.37000
1526205401,698.05000,699.08000
1526205402,698.05000,698.17000
1526205403,698.00000,698.17000
1526205404,698.05000,698.17000
1526467550,703.11000,704.30000
1526467552,703.12000,704.30000
1526205409,698.00000,698.16000
1526467554,703.12000,704.29000
1526205411,697.92000,697.99000
1526205413,696.80000,698.16000
1526205414,696.80000,697.98000
1526467559,703.12000,704.30000
1526467560,703.11000,704.30000
1526205417,696.80000,697.97000
1526205418,696.80000,697.98000
1526467563,703.11000,704.37000
1526205420,696.78000,697.98000
1526205422,696.78000,697.90000
1526465021,692.43000,692.50000
1526467568,703.14000,704.30000
1526205425,696.78000,697.98000
1526467570,703.14000,704.37000
1526205427,696.90000,697.98000
1526205429,696.90000,697.97000
1526205432,696.78000,697.97000
1526467577,703.14000,704.30000
1526467579,703.14000,704.37000
1526205438,696.78000,697.96000
1526205439,696.78000,697.95000
1526467584,703.14000,704.30000
1526467587,703.14000,704.29000
1526467588,703.15000,704.29000
1526205446,696.78000,697.90000
1526467592,703.16000,704.29000
1526467593,703.16000,704.37000
1526509268,698.72000,699.74000
1526205453,696.78000,697.89000
1526467599,703.16000,704.29000
1526467602,703.16000,704.37000
1526467607,703.16000,704.30000
1526467610,703.16000,704.29000
1526205470,696.79000,697.89000
1526205471,696.79000,697.93000
1526205472,697.89000,697.93000
1526467617,703.14000,704.37000
1526205475,697.89000,697.92000
1526205478,696.80000,697.92000
1526205480,697.92000,697.93000
1526205481,696.80000,697.93000
1526467628,703.18000,704.37000
1526205486,696.81000,697.93000
1526205487,697.46000,697.93000
1526205489,697.46000,697.62000
1526467634,703.19000,704.37000
1526205495,697.46000,697.61000
1526205502,696.78000,697.60000
1526205513,696.78000,697.59000
1526205518,696.79000,697.59000
1526205521,696.79000,697.58000
1526205524,696.79000,697.57000
1526467671,703.21000,704.37000
1526205528,696.79000,697.56000
1526205533,696.80000,697.55000
1526467681,703.21000,704.00000
1526465041,692.52000,693.59000
1526205546,697.10000,697.54000
1526205548,697.66000,697.86000
1526467693,703.40000,704.00000
1526205551,698.01000,698.15000
1526205552,698.01000,698.16000
1526205556,698.01000,699.08000
1526467702,703.50000,704.00000
1526205559,698.02000,699.08000
1526467705,703.23000,704.00000
1526467706,703.34000,704.00000
1526467707,703.34000,703.99000
1526467708,703.40000,703.99000
1526467710,703.34000,703.99000
1526205568,698.03000,699.08000
1526467715,703.24000,703.99000
1526467717,703.50000,703.99000
1526467720,703.24000,703.99000
1526467724,703.50000,703.99000
1526205582,698.04000,699.08000
1526465048,692.60000,693.57000
1526467730,703.50000,703.99000
1526467732,703.24000,703.99000
1526205591,698.20000,699.08000
1526467736,703.50000,703.99000
1526467738,703.24000,703.99000
1526205597,698.03000,699.08000
1526467743,703.50000,703.99000
1526205600,698.30000,699.08000
1526467745,703.24000,703.99000
1526467746,703.27000,703.99000
1526467747,703.30000,703.99000
1526205605,698.05000,699.08000
1526467750,703.27000,703.99000
1526467751,703.30000,703.99000
1526205608,698.30000,699.08000
1526467754,703.27000,703.99000
1526467755,703.24000,703.99000
1526205614,698.06000,699.08000
1526205615,698.31000,699.08000
1526205617,698.21000,699.08000
1526205619,698.20000,699.08000
1526467764,703.30000,703.99000
1526205621,698.21000,699.08000
1526467766,703.24000,703.99000
1526205623,698.21000,698.95000
1526205626,698.30000,698.95000
1526467771,703.24000,703.99000
1526205628,698.30000,698.94000
1526205630,698.30000,698.93000
1526467775,703.23000,703.99000
1526205632,698.31000,698.93000
1526205633,698.07000,698.93000
1526205634,698.32000,698.93000
1526205635,698.06000,698.93000
1526205637,698.07000,698.93000
1526205639,698.07000,698.92000
1526467785,703.23000,703.99000
1526205643,698.07000,698.91000
1526205644,698.20000,698.91000
1526205646,698.21000,698.91000
1526205652,698.30000,698.91000
1526205653,698.30000,698.90000
1526202916,680.48000,680.50000
1526205658,698.07000,698.90000
1526205659,698.30000,698.90000
1526205665,698.05000,698.90000
1526205667,698.05000,698.90000
1526205668,698.30000,698.90000
1526205674,698.07000,698.90000
1526205676,698.05000,698.89000
1526205677,698.30000,698.89000
1526205683,698.06000,698.89000
1526205687,698.31000,698.88000
1526205690,698.31000,698.87000
1526205694,698.31000,698.86000
1526205695,698.50000,698.86000
1526467840,703.24000,703.99000
1526205699,698.50000,698.90000
1526205701,698.31000,698.90000
1526205704,698.50000,698.90000
1526205709,698.31000,698.90000
1526205710,698.31000,698.89000
1526205712,698.31000,698.88000
1526205713,698.32000,698.88000
1526205716,698.33000,698.88000
1526205721,697.70000,698.31000
1526205722,697.70000,698.80000
1526205726,698.34000,698.80000
1526205728,698.34000,698.79000
1526205729,697.70000,698.55000
1526205731,697.68000,698.55000
1526205733,697.69000,698.55000
1526467882,703.24000,703.99000
1526205739,697.69000,698.50000
1526205745,697.69000,698.77000
1526205748,697.69000,698.50000
1526205753,697.69000,698.77000
1526205754,697.70000,698.77000
1526205758,697.70000,698.60000
1526205760,697.71000,698.60000
1526205763,697.72000,698.79000
1526205764,697.72000,698.40000
1526205765,697.73000,698.40000
1526205769,697.74000,698.40000
1526467917,703.23000,703.98000
1526205775,697.75000,698.40000
1526467921,703.24000,703.98000
1526205778,697.77000,698.40000
1526205783,697.78000,698.40000
1526205795,697.79000,698.40000
1526205798,697.80000,698.40000
1526467944,703.04000,703.99000
1526205801,697.81000,698.40000
1526205802,697.82000,698.40000
1526205804,697.82000,698.40000
1526205805,698.40000,698.57000
1526205806,698.40000,698.79000
1526467953,703.04000,703.99000
1526467954,703.10000,703.99000
1526467957,703.05000,703.99000
1526205814,698.42000,698.79000
1526205819,698.42000,698.88000
1526467964,703.10000,703.99000
1526467965,703.05000,703.99000
1526205822,698.43000,698.88000
1526205824,697.79000,697.80000
1526467972,703.10000,703.99000
1526205831,697.79000,698.88000
1526205832,697.80000,698.88000
1526205834,697.90000,698.88000
1526467980,703.10000,703.99000
1526465090,692.60000,693.74000
1526205838,697.91000,698.88000
1526467983,703.05000,703.99000
1526467989,703.10000,703.99000
1526467991,703.05000,703.99000
1526467997,703.10000,703.99000
1526205854,697.60000,698.88000
1526205855,697.90000,698.88000
1526205856,697.91000,698.87000
1526468005,703.10000,703.99000
1526468008,703.06000,703.99000
1526468013,703.10000,703.99000
1526205871,697.91000,698.80000
1526468016,703.05000,703.99000
1526205874,697.80000,698.80000
1526205876,697.80000,698.86000
1526468021,703.05000,703.99000
1526205878,697.80000,698.70000
1526205879,697.80000,698.69000
1526246644,735.45000,735.94000
1526468026,703.05000,703.94000
1526205885,697.80000,698.50000
1526468032,703.05000,703.94000
1526468034,703.05000,703.99000
1526205891,697.80000,698.67000
1526468037,703.05000,703.92000
1526205894,697.80000,698.60000
1526205897,697.80000,698.59000
1526205898,697.24000,698.59000
1526468043,703.05000,703.80000
1526468044,703.05000,703.79000
1526205901,697.25000,698.59000
1526205902,697.25000,698.50000
1526468050,703.05000,703.80000
1526205907,697.26000,698.50000
1526205908,697.26000,698.59000
1526205909,697.29000,698.49000
1526205910,697.30000,698.49000
1526468057,702.59000,703.70000
1526468059,702.59000,703.69000
1526205916,697.32000,698.49000
1526205917,697.31000,698.49000
1526205919,697.40000,698.49000
1526465104,692.55000,693.78000
1526205922,697.41000,698.59000
1526205923,697.41000,698.50000
1526205924,697.41000,698.50000
1526205925,697.70000,698.50000
1526205926,697.29000,698.50000
1526468071,702.59000,703.46000
1526468074,702.59000,703.40000
1526205931,697.28000,698.50000
1526468076,702.59000,703.46000
1526205933,697.31000,698.50000
1526468078,702.59000,703.40000
1526468079,702.46000,702.59000
1526468080,702.05000,702.59000
1526205937,697.31000,698.48000
1526205938,697.32000,698.48000
1526468083,702.05000,703.44000
1526468084,702.05000,703.20000
1526205942,697.33000,698.40000
1526468089,702.05000,703.42000
1526468090,702.05000,703.20000
1526205947,697.28000,697.29000
1526468092,702.05000,703.42000
1526205949,696.62000,697.23000
1526205950,696.62000,697.29000
1526205951,696.55000,697.22000
1526205952,696.55000,696.76000
1526205953,696.63000,696.80000
1526468099,702.05000,703.19000
1526205956,696.08000,696.55000
1526205957,696.08000,696.80000
1526205958,696.08000,696.80000
1526468103,702.05000,703.18000
1526468109,702.06000,703.20000
1526468111,702.06000,703.17000
1526205968,696.08000,696.79000
1526205970,694.96000,696.79000
1526205971,694.96000,696.79000
1526205972,694.96000,696.70000
1526468117,702.05000,703.10000
1526468120,702.05000,703.16000
1526205978,694.96000,696.30000
1526499821,697.28000,698.44000
1526468125,702.00000,703.09000
1526468127,702.00000,702.90000
1526468128,702.00000,702.89000
1526202971,679.82000,680.50000
1526205988,694.96000,696.29000
1526205992,695.00000,696.30000
1526205993,695.01000,696.65000
1526468138,702.00000,702.88000
1526205995,694.41000,696.29000
1526205997,694.42000,696.29000
1526205998,694.42000,696.00000
1526206000,694.42000,695.99000
1526206002,694.80000,695.99000
1526206004,694.80000,696.00000
1526465118,692.57000,693.83000
1526206007,694.81000,696.00000
1526206008,694.81000,695.80000
1526468153,702.00000,702.80000
1526206011,694.31000,695.80000
1526468156,702.00000,702.88000
1526206013,694.80000,696.00000
1526206014,694.80000,695.79000
1526206018,694.41000,695.79000
1526206019,694.33000,695.79000
1526206020,694.42000,695.79000
1526206022,694.70000,695.79000
1526206028,694.42000,695.79000
1526206029,694.42000,695.70000
1526468174,702.00000,702.14000
1526206031,694.17000,695.70000
1526206032,694.43000,695.70000
1526206033,694.17000,695.70000
1526468178,700.20000,702.14000
1526206035,694.17000,695.79000
1526206036,694.17000,695.78000
1526508814,699.50000,700.00000
1526468182,701.00000,702.13000
1526206039,694.30000,695.78000
1526468185,700.39000,702.13000
1526468186,700.85000,702.13000
1526206043,694.10000,695.78000
1526206044,694.10000,695.77000
1526206046,694.11000,695.76000
1526206047,694.10000,695.76000
1526206048,694.11000,695.76000
1526206049,694.11000,695.76000
1526206050,694.11000,695.74000
1526206052,694.11000,695.40000
1526206055,693.71000,695.38000
1526206056,693.82000,695.38000
1526206058,694.20000,695.37000
1526206061,694.20000,695.36000
1526206064,693.72000,695.36000
1526206065,693.73000,695.36000
1526468210,700.86000,702.13000
1526206067,693.90000,695.36000
1526206072,693.90000,694.70000
1526206073,693.72000,694.70000
1526206075,693.71000,694.70000
1526468221,700.86000,702.12000
1526206078,693.71000,694.69000
1526206079,693.71000,694.60000
1526468225,700.86000,702.12000
1526206082,693.55000,694.60000
1526206085,693.55000,694.69000
1526206087,693.55000,694.60000
1526468233,700.90000,702.12000
1526468236,700.86000,701.91000
1526206094,693.55000,694.59000
1526468241,700.72000,701.91000
1526468242,700.90000,701.91000
1526468244,700.72000,701.91000
1526206101,693.30000,693.55000
1526468246,700.72000,701.91000
1526206103,692.96000,693.55000
1526206105,693.30000,693.55000
1526206108,692.97000,693.55000
1526206109,693.30000,693.55000
1526206110,693.31000,693.55000
1526468255,700.48000,701.90000
1526468256,700.67000,701.90000
1526206115,693.40000,693.55000
1526468262,700.70000,701.90000
1526206120,693.55000,694.57000
1526468265,700.48000,701.90000
1526468266,700.64000,701.90000
1526206127,693.55000,694.00000
1526468276,700.64000,701.90000
1526468280,700.65000,701.90000
1526468283,700.70000,701.90000
1526206142,693.37000,694.00000
1526468287,700.70000,701.90000
1526206144,693.37000,693.42000
1526206145,693.38000,693.42000
1526468291,700.65000,701.90000
1526468294,700.70000,701.90000
1526206151,693.39000,693.42000
1526206153,693.39000,694.00000
1526206154,693.40000,694.00000
1526468300,700.70000,701.91000
1526206158,693.41000,694.00000
1526468303,700.65000,701.91000
1526468304,700.64000,701.91000
1526206161,693.43000,694.00000
1526206162,693.50000,694.00000
1526206165,693.50000,695.35000
1526206166,693.50000,694.57000
1526206167,693.51000,695.34000
1526468312,700.78000,701.90000
1526206170,693.51000,694.60000
1526468316,700.71000,701.89000
1526206174,693.51000,694.59000
1526468320,700.79000,701.89000
1526206178,693.51000,695.33000
1526465147,693.80000,693.81000
1526468326,700.79000,701.89000
1526206185,693.52000,694.57000
1526206186,693.52000,695.33000
1526206188,693.52000,695.32000
1526206190,693.52000,694.70000
1526206191,693.53000,694.70000
1526468336,700.80000,701.89000
1526206194,693.54000,694.70000
1526206195,693.54000,695.32000
1526206197,693.54000,695.31000
1526206199,693.54000,694.80000
1526468345,700.80000,701.88000
1526206205,693.55000,694.80000
1526206209,693.60000,694.80000
1526206210,693.60000,695.34000
1526206211,694.00000,695.34000
1526206214,694.00000,694.90000
1526468360,700.81000,701.87000
1526206219,694.30000,694.90000
1526206220,694.30000,695.34000
1526468366,700.90000,701.87000
1526206225,694.31000,695.30000
1526206230,694.31000,695.34000
1526206232,694.31000,695.29000
1526206233,694.32000,695.30000
1526206237,694.31000,695.30000
1526468382,700.81000,701.88000
1526206239,694.31000,695.34000
1526206242,694.02000,695.34000
1526206243,694.01000,695.34000
1526206244,694.31000,695.34000
1526468391,700.82000,701.85000
1526468395,700.82000,701.80000
1526206252,694.32000,695.34000
1526468397,700.82000,701.85000
1526468399,700.82000,701.80000
1526206258,694.33000,695.34000
1526508851,699.87000,699.96000
1526468404,700.82000,701.80000
1526468405,700.82000,701.61000
1526206266,694.32000,695.34000
1526468411,701.13000,701.61000
1526206268,694.33000,695.34000
1526468413,701.20000,701.61000
1526206270,694.33000,696.47000
1526206271,694.33000,696.46000
1526206272,694.34000,696.46000
1526468417,701.70000,701.80000
1526206274,694.35000,695.70000
1526468420,701.13000,701.80000
1526468421,701.00000,701.80000
1526206278,694.36000,695.70000
1526468423,701.00000,701.85000
1526206280,694.36000,696.46000
1526206282,694.36000,695.70000
1526206283,694.37000,695.70000
1526468429,701.60000,701.85000
1526206288,694.38000,695.70000
1526206289,694.38000,696.45000
1526206291,694.39000,695.70000
1526468436,701.50000,701.85000
1526468438,701.01000,701.85000
1526206295,694.40000,695.70000
1526468440,701.50000,701.85000
1526206298,694.41000,695.70000
1526468443,701.04000,701.85000
1526482816,690.25000,691.16000
1526206301,694.42000,695.60000
1526468447,701.04000,701.46000
1526468448,701.05000,701.46000
1526468450,701.30000,701.46000
1526206307,694.42000,696.46000
1526206308,694.43000,696.46000
1526468453,701.05000,701.46000
1526206311,694.44000,696.46000
1526468456,701.30000,701.46000
1526206313,694.44000,695.90000
1526206314,694.45000,695.90000
1526468459,701.07000,701.46000
1526468462,701.30000,701.46000
1526206319,694.46000,695.89000
1526206320,694.46000,695.80000
1526468465,701.10000,701.45000
1526206324,694.46000,695.87000
1526206325,694.46000,695.80000
1526468471,701.12000,701.46000
1526206328,694.46000,695.70000
1526206329,694.47000,695.70000
1526468474,701.30000,701.46000
1526206333,694.50000,695.70000
1526206334,694.50000,695.88000
1526468480,701.20000,701.46000
1526206338,694.50000,695.70000
1526206339,694.47000,695.70000
1526206340,694.46000,695.70000
1526468485,701.20000,701.46000
1526206343,694.46000,695.70000
1526468490,701.20000,701.46000
1526206347,694.46000,695.60000
1526468492,701.12000,701.46000
1526206350,694.46000,695.59000
1526468495,701.20000,701.46000
1526468497,701.12000,701.46000
1526206355,694.47000,695.59000
1526468502,701.12000,701.45000
1526468503,701.13000,701.45000
1526468505,701.30000,701.45000
1526468507,701.13000,701.45000
1526468510,701.40000,701.45000
1526468512,701.13000,701.45000
1526468515,701.40000,701.45000
1526468517,701.13000,701.45000
1526468518,701.10000,701.45000
1526468519,701.40000,701.45000
1526206376,694.47000,695.58000
1526468522,701.10000,701.45000
1526468524,701.40000,701.45000
1526468527,701.10000,701.45000
1526206384,694.46000,695.58000
1526206387,694.46000,695.57000
1526468535,701.12000,701.45000
1526468538,701.13000,701.45000
1526206398,694.46000,695.50000
1526206399,694.47000,695.50000
1526468545,701.11000,701.45000
1526468546,701.14000,701.45000
1526206403,694.47000,695.57000
1526206408,694.47000,695.50000
1526206412,694.47000,695.57000
1526468558,701.18000,701.44000
1526468559,701.14000,701.44000
1526206416,694.47000,695.50000
1526468563,701.22000,701.44000
1526206422,694.47000,695.57000
1526468567,701.16000,701.44000
1526206424,694.48000,695.57000
1526206425,694.48000,695.50000
1526468571,701.16000,701.43000
1526206428,694.49000,695.50000
1526206431,694.50000,695.57000
1526206434,694.49000,695.50000
1526206436,694.50000,695.50000
1526206440,694.50000,695.57000
1526206443,694.50000,695.50000
1526206444,694.51000,695.50000
1526246738,735.00000,735.99000
1526206447,694.51000,695.00000
1526206448,694.52000,694.80000
1526468598,700.77000,701.43000
1526206455,694.53000,694.80000
1526468604,700.52000,701.43000
1526206461,694.54000,694.80000
1526468612,700.53000,701.43000
1526206470,694.55000,694.80000
1526206473,694.56000,694.80000
1526468621,700.54000,701.43000
1526206479,694.56000,695.00000
1526206480,694.57000,695.00000
1526206481,694.57000,694.80000
1526206485,694.58000,694.80000
1526206487,694.80000,695.00000
1526206489,695.00000,695.50000
1526206491,694.81000,695.50000
1526206493,694.81000,695.49000
1526206494,694.82000,694.99000
1526206497,694.81000,694.82000
1526206499,694.81000,694.99000
1526206501,694.48000,694.81000
1526206504,694.99000,695.49000
1526206506,694.02000,695.50000
1526206507,694.02000,695.49000
1526206508,694.03000,695.48000
1526206510,694.16000,694.80000
1526206511,694.17000,694.80000
1526206515,694.01000,694.80000
1526206517,694.01000,695.48000
1526206518,694.17000,695.48000
1526206520,694.17000,694.80000
1526206524,694.18000,694.80000
1526206525,694.18000,694.79000
1526468671,700.53000,701.43000
1526206529,694.19000,694.79000
1526206531,694.19000,695.49000
1526468676,700.53000,701.43000
1526468677,700.56000,701.43000
1526206534,694.19000,695.48000
1526468679,700.57000,701.43000
1526468681,700.60000,701.43000
1526206538,694.01000,695.47000
1526206540,694.01000,695.46000
1526206541,694.20000,695.40000
1526206543,694.02000,695.40000
1526206544,694.21000,695.40000
1526468689,700.60000,701.43000
1526206546,694.02000,695.40000
1526206548,694.06000,695.40000
1526206551,694.06000,695.46000
1526206552,694.06000,695.40000
1526468697,700.61000,701.43000
1526206555,694.16000,695.40000
1526468702,700.64000,701.43000
1526468705,700.64000,701.42000
1526468707,700.70000,701.42000
1526206565,694.06000,695.40000
1526468710,700.70000,701.42000
1526468711,700.64000,701.42000
1526206568,694.01000,695.39000
1526468713,700.70000,701.42000
1526206570,694.01000,695.30000
1526206571,694.06000,695.30000
1526468716,700.66000,701.42000
1526468717,700.70000,701.43000
1526206576,694.06000,695.39000
1526468722,700.70000,701.43000
1526206583,694.01000,695.38000
1526468730,700.68000,701.42000
1526468731,700.70000,701.42000
1526468734,700.68000,701.42000
1526468739,700.70000,701.42000
1526206597,694.01000,695.37000
1526206598,694.02000,695.37000
1526468745,700.66000,701.42000
1526468748,700.70000,701.43000
1526468750,700.66000,701.43000
1526468751,700.67000,701.43000
1526206608,694.05000,695.37000
1526468755,700.70000,701.43000
1526206612,694.05000,695.36000
1526246766,735.00000,735.98000
1526468758,700.68000,701.43000
1526206617,694.05000,695.35000
1526206619,694.05000,695.30000
1526206623,694.06000,695.30000
1526206625,694.07000,695.30000
1526206628,694.07000,695.29000
1526206629,694.08000,695.29000
1526206631,693.21000,695.29000
1526206632,693.21000,695.28000
1526206633,694.09000,695.28000
1526206634,694.09000,695.27000
1526468780,700.70000,701.43000
1526206639,694.09000,695.10000
1526206644,694.09000,695.09000
1526206646,694.09000,695.08000
1526206648,694.09000,695.00000
1526206652,694.09000,694.99000
1526468799,701.07000,702.78000
1526468800,701.07000,702.77000
1526206657,694.12000,694.99000
1526206658,694.12000,694.98000
1526468804,701.50000,702.60000
1526468805,701.70000,702.60000
1526206662,694.09000,694.98000
1526468807,701.32000,702.60000
1526468810,701.50000,702.60000
1526206668,694.09000,694.97000
1526468814,701.07000,702.59000
1526468815,701.33000,702.59000
1526206672,694.09000,694.96000
1526468819,701.33000,702.58000
1526206676,694.09000,694.95000
1526468821,701.34000,702.57000
1526468822,701.50000,702.57000
1526206681,694.09000,694.94000
1526206682,694.09000,694.93000
1526468831,701.60000,702.57000
1526468834,701.36000,702.57000
1526468837,701.50000,702.57000
1526468840,701.37000,702.57000
1526206699,694.09000,694.92000
1526468844,701.40000,702.58000
1526206702,693.71000,694.92000
1526468848,701.40000,702.79000
1526206705,693.71000,694.91000
1526206707,693.73000,694.91000
1526468852,701.41000,702.79000
1526468854,701.41000,702.78000
1526206716,693.73000,694.90000
1526206717,692.70000,694.90000
1526206718,693.74000,694.90000
1526468863,701.50000,702.78000
1526206720,693.63000,694.90000
1526206721,693.75000,694.90000
1526206722,693.75000,694.89000
1526206729,693.75000,694.89000
1526468876,701.35000,702.78000
1526206733,693.75000,694.88000
1526206735,693.74000,694.87000
1526206736,693.75000,694.87000
1526206737,693.75000,694.86000
1526468884,701.50000,702.77000
1526468885,701.36000,702.77000
1526468887,701.36000,702.76000
1526206746,693.75000,694.85000
1526468893,701.36000,702.70000
1526468896,701.36000,702.75000
1526468897,701.37000,702.75000
1526206755,693.75000,694.84000
1526468901,701.37000,702.75000
1526468903,701.37000,702.70000
1526206760,693.77000,694.84000
1526468906,701.37000,702.75000
1526206764,693.77000,694.83000
1526468909,701.40000,702.75000
1526468911,701.40000,702.74000
1526468912,701.38000,702.74000
1526246792,735.00000,735.92000
1526206770,693.77000,694.82000
1526468915,701.50000,702.74000
1526468917,701.38000,702.74000
1526468921,701.40000,702.74000
1526206778,693.77000,694.81000
1526468924,701.41000,702.74000
1526206781,693.74000,694.81000
1526206783,693.74000,694.80000
1526206784,693.75000,694.80000
1526206785,693.79000,694.80000
1526468931,701.41000,702.72000
1526206791,693.80000,694.79000
1526206794,693.81000,694.79000
1526206796,693.81000,694.78000
1526206800,693.77000,694.78000
1526206801,693.76000,694.78000
1526206802,693.82000,694.78000
1526468947,701.42000,702.71000
1526206806,693.74000,694.78000
1526206807,693.83000,694.78000
1526206811,693.78000,694.77000
1526206812,693.84000,694.77000
1526206813,693.75000,694.77000
1526206817,693.76000,694.77000
1526468963,701.96000,702.70000
1526206820,693.76000,694.76000
1526468965,701.36000,702.70000
1526468966,701.93000,702.70000
1526206823,693.77000,694.76000
1526206824,693.77000,694.75000
1526468971,701.93000,702.69000
1526468972,701.94000,702.69000
1526206829,693.78000,694.75000
1526206833,693.78000,694.74000
1526206838,693.79000,694.74000
1526206839,693.80000,694.73000
1526468987,701.94000,702.68000
1526206846,693.81000,694.73000
1526206853,693.81000,694.74000
1526206854,693.82000,694.72000
1526469002,701.94000,702.67000
1526206860,693.81000,694.72000
1526206861,693.83000,694.71000
1526206863,693.83000,694.70000
1526206865,693.79000,694.70000
1526206868,693.80000,694.70000
1526206869,693.80000,694.69000
1526206870,693.80000,694.68000
1526206871,693.81000,694.68000
1526206872,693.82000,694.68000
1526469021,701.94000,703.10000
1526469022,701.94000,703.20000
1526469025,701.94000,703.19000
1526206883,693.83000,694.00000
1526469029,701.94000,703.18000
1526469030,701.94000,703.17000
1526206887,693.84000,694.00000
1526206894,693.79000,694.00000
1526469039,701.94000,703.16000
1526469048,701.94000,703.15000
1526469054,701.94000,703.10000
1526469056,701.94000,703.09000
1526469058,701.85000,703.09000
1526469061,701.85000,703.08000
1526469064,701.86000,703.08000
1526206924,693.80000,694.00000
1526206932,693.81000,694.00000
1526206933,693.82000,694.00000
1526469085,702.00000,703.08000
1526469086,702.00000,703.07000
1526206943,693.83000,694.00000
1526469090,701.85000,703.08000
1526206947,693.84000,693.99000
1526469093,701.90000,703.08000
1526469094,701.90000,703.06000
1526206951,693.85000,693.99000
1526206952,693.86000,693.99000
1526206955,693.86000,694.00000
1526206956,693.87000,694.00000
1526206957,693.87000,693.99000
1526469104,701.86000,703.05000
1526469105,701.71000,703.05000
1526206962,693.88000,693.99000
1526206963,693.88000,693.98000
1526469108,701.72000,703.05000
1526469109,701.90000,703.05000
1526469111,701.90000,703.04000
1526469112,701.72000,703.04000
1526206970,693.89000,693.98000
1526469115,701.73000,703.03000
1526206972,693.89000,693.97000
1526469119,701.81000,703.03000
1526469121,701.91000,703.03000
1526469122,701.91000,703.02000
1526469124,701.92000,703.02000
1526206981,693.90000,693.97000
1526206986,693.91000,693.97000
1526469132,701.93000,703.03000
1526206994,693.92000,693.97000
1526469141,701.94000,703.06000
1526207000,693.93000,693.97000
1526207004,693.94000,693.97000
1526469149,701.96000,703.05000
1526469150,701.97000,703.05000
1526469152,702.00000,703.05000
1526469153,702.00000,703.06000
1526207010,693.95000,693.97000
1526469155,701.97000,703.03000
1526469156,701.98000,703.03000
1526469157,702.10000,703.03000
1526469158,702.10000,703.02000
1526469160,701.98000,703.02000
1526469164,701.99000,703.02000
1526469169,702.00000,703.02000
1526469172,702.10000,703.02000
1526198256,682.51000,683.20000
1526499856,696.80000,697.28000
1526207031,693.96000,693.97000
1526469176,702.51000,703.02000
1526469178,702.52000,703.02000
1526207036,693.95000,693.97000
1526207039,693.96000,693.97000
1526207040,693.96000,694.94000
1526469185,702.55000,703.02000
1526207043,694.40000,694.94000
1526469188,702.56000,703.02000
1526207048,694.30000,694.94000
1526207049,694.41000,694.94000
1526207051,694.42000,694.94000
1526469198,702.67000,703.01000
1526207055,694.43000,694.94000
1526469202,702.68000,702.99000
1526207063,694.51000,694.94000
1526469209,702.68000,702.98000
1526469212,702.53000,702.98000
1526469213,702.69000,702.97000
1526469216,702.70000,702.97000
1526469217,702.70000,702.96000
1526207076,694.60000,694.94000
1526469221,702.70000,702.96000
1526469222,702.53000,703.02000
1526469223,702.71000,703.02000
1526207081,694.61000,694.94000
1526469226,702.71000,703.01000
1526469228,702.72000,703.01000
1526207085,694.62000,694.94000
1526469231,702.73000,703.01000
1526207092,694.63000,694.94000
1526469239,702.53000,703.01000
1526207097,694.64000,695.57000
1526469242,702.74000,703.01000
1526469243,702.75000,703.01000
1526207102,694.65000,695.57000
1526469247,702.76000,703.01000
1526207106,694.65000,695.56000
1526207107,694.66000,695.56000
1526207110,694.67000,695.56000
1526469257,702.55000,703.01000
1526207114,694.67000,695.55000
1526207116,694.68000,695.54000
1526207121,694.69000,695.54000
1526469269,702.01000,703.01000
1526207126,694.70000,695.54000
1526207127,694.70000,695.53000
1526469272,701.85000,703.01000
1526469273,702.19000,703.01000
1526469275,702.35000,703.01000
1526469276,702.36000,703.01000
1526207133,694.71000,695.53000
1526207135,694.71000,695.52000
1526207136,694.71000,695.57000
1526207137,694.72000,695.57000
1526207140,694.73000,695.57000
1526469286,702.38000,703.01000
1526207143,694.73000,695.56000
1526207144,694.74000,695.56000
1526207147,694.75000,695.56000
1526469292,702.40000,703.00000
1526207149,694.76000,695.56000
1526207153,694.77000,695.55000
1526469299,703.02000,703.06000
1526207157,694.77000,695.57000
1526207158,694.78000,695.57000
1526469304,703.03000,703.06000
1526207162,694.79000,695.57000
1526469307,703.10000,703.14000
1526469309,703.03000,703.14000
1526207166,694.80000,695.57000
1526207167,694.80000,695.56000
1526469312,703.20000,703.65000
1526207169,694.81000,695.56000
1526469314,703.03000,703.65000
1526207171,694.81000,695.55000
1526207172,694.82000,695.55000
1526207174,694.83000,695.55000
1526207176,694.84000,695.54000
1526469321,703.04000,703.70000
1526469324,703.06000,703.70000
1526469325,703.24000,703.70000
1526469326,703.25000,703.70000
1526469327,703.25000,703.69000
1526207184,694.85000,695.53000
1526207186,694.86000,695.53000
1526465315,692.63000,693.78000
1526207189,694.87000,695.53000
1526469334,703.27000,703.70000
1526207199,694.87000,695.52000
1526207201,694.87000,695.51000
1526469349,703.27000,704.43000
1526207206,694.87000,695.50000
1526207207,694.88000,695.50000
1526207208,694.88000,695.49000
1526469353,703.29000,704.43000
1526469354,704.20000,704.43000
1526207211,694.88000,695.50000
1526207212,694.88000,695.51000
1526207213,694.89000,695.51000
1526469358,703.38000,704.43000
1526207216,694.89000,695.48000
1526465320,692.63000,693.77000
1526469363,703.38000,704.00000
1526469364,703.40000,704.43000
1526207222,694.90000,695.48000
1526469368,703.90000,704.43000
1526469370,703.41000,704.43000
1526207228,694.91000,695.48000
1526469374,703.81000,704.43000
1526509013,698.33000,699.70000
1526207235,694.91000,695.47000
1526207241,694.92000,695.46000
1526469386,703.82000,704.43000
1526207243,694.92000,695.45000
1526207246,694.93000,695.45000
1526469392,703.90000,704.43000
1526207249,694.93000,695.44000
1526469394,703.82000,704.43000
1526207254,694.93000,695.40000
1526469399,703.90000,704.43000
1526469401,703.82000,704.43000
1526207259,694.93000,695.45000
1526207260,694.93000,695.40000
1526207262,694.93000,695.39000
1526469409,703.90000,704.43000
1526469410,703.50000,704.43000
1526469412,703.51000,704.43000
1526469413,703.83000,704.43000
1526465329,692.70000,693.76000
1526469417,703.84000,704.43000
1526469420,704.00000,704.43000
1526469423,703.84000,704.43000
1526207280,694.94000,695.39000
1526207283,694.95000,695.39000
1526469429,704.11000,704.43000
1526469432,704.20000,704.43000
1526203188,679.30000,679.79000
1526469435,704.12000,704.43000
1526207294,694.97000,695.38000
1526469440,704.11000,704.43000
1526207297,694.97000,695.37000
1526469442,704.13000,704.43000
1526207299,694.97000,695.36000
1526469444,704.12000,704.43000
1526469445,704.14000,704.43000
1526207304,694.97000,695.35000
1526246882,735.00000,735.26000
1526207310,694.98000,695.35000
1526207315,694.99000,695.34000
1526469461,704.15000,704.43000
1526207323,695.00000,695.34000
1526207325,695.00000,695.35000
1526207327,695.01000,695.35000
1526469476,704.16000,704.43000
1526207337,695.01000,695.30000
1526207339,695.02000,695.30000
1526207340,695.02000,695.29000
1526469489,704.00000,704.43000
1526207346,695.03000,695.29000
1526207347,695.03000,695.35000
1526207350,695.03000,695.28000
1526469495,704.00000,704.43000
1526207354,695.04000,695.35000
1526207357,695.04000,695.34000
1526469504,704.00000,704.43000
1526207362,695.05000,695.34000
1526465345,692.70000,693.74000
1526469512,703.91000,704.43000
1526469514,704.00000,704.43000
1526469517,703.91000,704.43000
1526469520,703.92000,704.43000
1526207383,695.05000,695.35000
1526465348,692.63000,693.74000
1526207386,695.05000,695.64000
1526207387,695.05000,695.33000
1526469532,703.92000,705.10000
1526469534,703.67000,705.10000
1526469535,703.93000,705.10000
1526207392,695.05000,695.32000
1526469539,703.93000,705.09000
1526469540,704.00000,705.09000
1526207397,695.05000,695.31000
1526469542,703.93000,705.09000
1526207399,695.05000,695.30000
1526469546,703.96000,705.09000
1526207403,695.05000,695.29000
1526469548,704.00000,705.09000
1526207407,695.05000,695.28000
1526207408,693.50000,695.28000
1526207411,693.51000,695.28000
1526207412,694.10000,695.27000
1526469557,704.01000,705.09000
1526469558,704.01000,705.08000
1526207415,693.80000,695.27000
1526207416,693.47000,695.27000
1526207418,693.52000,695.26000
1526207419,693.48000,695.00000
1526207421,693.49000,695.00000
1526469566,704.02000,705.08000
1526207423,693.49000,694.99000
1526207424,693.60000,694.99000
1526207427,693.50000,694.98000
1526207428,693.49000,694.80000
1526207429,693.50000,694.80000
1526207432,693.50000,694.99000
1526207435,693.50000,694.79000
1526469580,704.00000,705.04000
1526207437,693.51000,694.79000
1526207438,693.52000,694.79000
1526207440,693.52000,694.78000
1526207441,693.53000,694.78000
1526469587,703.81000,705.02000
1526207444,693.54000,694.78000
1526207447,693.60000,694.78000
1526207451,693.61000,694.78000
1526469597,703.91000,705.01000
1526469598,703.91000,704.99000
1526207455,693.62000,694.78000
1526207457,693.62000,695.64000
1526207458,693.63000,694.78000
1526207459,693.63000,694.77000
1526469604,703.92000,704.98000
1526469605,703.92000,704.94000
1526207464,693.64000,694.76000
1526469609,703.93000,704.94000
1526469610,704.00000,704.93000
1526207467,693.64000,694.78000
1526465362,692.63000,693.74000
1526207470,693.70000,694.70000
1526469615,703.76000,704.92000
1526469616,704.00000,704.92000
1526207473,693.71000,694.70000
1526469618,703.75000,704.92000
1526207475,693.71000,694.78000
1526207476,693.72000,694.78000
1526469622,703.75000,704.88000
1526469623,703.75000,704.87000
1526469624,704.00000,704.87000
1526469625,703.76000,704.87000
1526207482,693.80000,694.78000
1526207483,693.81000,694.78000
1526207484,693.81000,695.60000
1526207486,693.81000,695.59000
1526207487,693.82000,695.59000
1526207488,693.82000,695.10000
1526207492,693.82000,695.09000
1526469637,704.00000,704.82000
1526469640,704.01000,704.81000
1526207497,693.83000,695.09000
1526207498,693.83000,695.08000
1526465367,692.70000,693.73000
1526469644,704.01000,704.79000
1526469647,704.01000,704.78000
1526207504,693.84000,695.08000
1526469652,704.01000,704.78000
1526207510,693.84000,695.06000
1526469655,704.00000,704.77000
1526469658,704.30000,704.77000
1526207517,693.84000,695.59000
1526207518,693.85000,695.20000
1526207519,693.85000,695.06000
1526469666,704.00000,704.77000
1526469667,704.00000,704.75000
1526207524,693.90000,695.06000
1526469669,704.10000,704.75000
1526207526,693.90000,695.05000
1526207527,693.90000,695.04000
1526207528,693.91000,695.04000
1526207532,693.91000,695.03000
1526469677,704.00000,704.73000
1526469678,704.00000,704.71000
1526465373,692.63000,693.72000
1526207537,693.92000,695.00000
1526207538,693.92000,694.99000
1526469684,704.00000,704.70000
1526207541,693.92000,694.98000
1526207542,693.93000,694.98000
1526207544,693.93000,694.97000
1526469689,704.00000,704.69000
1526207547,693.94000,694.96000
1526469693,704.01000,704.68000
1526469695,704.02000,704.68000
1526207552,693.94000,694.90000
1526469700,704.04000,704.68000
1526207557,693.94000,694.96000
1526207558,693.95000,694.89000
1526207560,693.96000,694.88000
1526469707,704.05000,704.67000
1526469708,704.08000,704.67000
1526207566,693.96000,694.87000
1526469711,704.10000,704.67000
1526469712,704.10000,704.66000
1526207569,693.69000,694.80000
1526469714,704.12000,704.66000
1526465379,692.63000,693.72000
1526207573,693.69000,694.79000
1526469719,704.13000,704.66000
1526469720,704.14000,704.66000
1526469725,704.16000,704.66000
1526469727,704.20000,704.66000
1526207584,693.69000,694.78000
1526469730,704.16000,704.66000
1526469731,704.21000,704.66000
1526207590,693.69000,694.77000
1526207593,693.70000,694.77000
1526469739,704.30000,704.66000
1526469742,704.22000,704.66000
1526465384,692.70000,693.71000
1526469747,704.23000,704.66000
1526207604,693.69000,694.78000
1526207605,693.71000,694.58000
1526207606,693.71000,694.20000
1526469751,704.24000,704.66000
1526207608,693.71000,694.19000
1526469759,704.25000,704.66000
1526207618,693.69000,694.19000
1526203243,678.90000,679.59000
1526207620,693.15000,694.16000
1526207621,693.15000,693.69000
1526207623,693.16000,693.69000
1526207625,693.16000,694.00000
1526207626,693.17000,693.99000
1526207627,693.17000,693.90000
1526469773,704.30000,704.66000
1526207630,693.18000,693.90000
1526207632,693.18000,694.17000
1526207633,693.19000,694.15000
1526207634,693.19000,693.89000
1526469781,704.27000,704.66000
1526469782,704.28000,704.66000
1526207639,693.19000,693.80000
1526469786,704.30000,704.66000
1526207644,693.19000,693.80000
1526469789,704.28000,704.66000
1526469790,704.31000,704.66000
1526469791,704.28000,704.66000
1526207648,693.19000,693.79000
1526469795,704.30000,704.66000
1526207653,693.20000,693.79000
1526469798,704.28000,704.66000
1526469799,704.25000,704.66000
1526207656,693.19000,693.20000
1526207660,693.21000,693.70000
1526207661,693.21000,694.15000
1526207663,692.64000,693.21000
1526207664,692.64000,693.60000
1526207665,692.65000,693.60000
1526464961,692.45000,692.48000
1526469811,704.31000,704.66000
1526207669,692.45000,694.15000
1526207670,692.65000,694.15000
1526207671,692.62000,694.15000
1526207672,692.63000,694.15000
1526207673,692.63000,694.14000
1526207674,692.63000,693.80000
1526207675,692.62000,693.80000
1526207676,692.64000,693.80000
1526207679,692.64000,693.79000
1526207682,692.65000,693.79000
1526207684,692.64000,693.79000
1526469829,704.30000,704.66000
1526207687,692.66000,693.79000
1526207690,692.66000,694.13000
1526207691,692.66000,693.78000
1526469837,704.30000,704.66000
1526207694,692.67000,693.78000
1526469839,704.29000,704.66000
1526465400,692.70000,693.71000
1526207700,692.68000,693.78000
1526207701,692.68000,693.77000
1526469847,704.29000,704.66000
1526207706,692.68000,693.76000
1526207709,692.68000,693.70000
1526469856,704.29000,704.66000
1526207713,692.31000,693.69000
1526207715,692.31000,693.47000
1526469861,704.30000,704.66000
1526207718,692.31000,693.40000
1526469864,704.29000,704.66000
1526469865,704.31000,704.66000
1526207722,692.31000,693.20000
1526207724,692.05000,693.20000
1526207725,692.05000,693.10000
1526469873,704.29000,704.66000
1526207731,692.05000,693.09000
1526207735,692.05000,692.91000
1526207738,692.05000,692.90000
1526207742,692.00000,692.05000
1526207745,692.00000,692.79000
1526469890,704.16000,704.66000
1526207751,692.00000,692.78000
1526207753,691.06000,692.78000
1526207755,691.07000,692.78000
1526207757,691.30000,692.78000
1526469903,704.17000,704.65000
1526207760,691.31000,692.78000
1526465411,692.70000,693.71000
1526469908,704.18000,704.65000
1526207769,691.31000,692.49000
1526469914,704.18000,704.72000
1526207771,691.32000,692.49000
1526207776,691.32000,692.48000
1526469924,704.18000,704.71000
1526207781,691.33000,692.48000
1526207782,691.33000,691.93000
1526469932,704.19000,704.71000
1526207789,691.34000,691.93000
1526207792,691.34000,691.85000
1526207795,691.35000,691.85000
1526469940,704.22000,704.71000
1526207798,690.51000,690.80000
1526207799,690.50000,690.80000
1526207801,690.00000,690.50000
1526469948,704.22000,704.69000
1526469951,704.23000,704.69000
1526207809,690.00000,691.18000
1526207812,690.00000,691.17000
1526469958,704.24000,704.69000
1526207819,690.00000,690.90000
1526207820,690.01000,690.90000
1526207823,690.01000,690.89000
1526207824,690.01000,690.70000
1526207826,690.00000,690.70000
1526207829,690.00000,690.49000
1526207830,690.00000,690.20000
1526207831,689.63000,690.00000
1526207832,689.64000,690.20000
1526207834,689.64000,690.19000
1526207835,689.64000,690.20000
1526469980,704.25000,704.69000
1526207837,689.65000,690.20000
1526207838,689.65000,690.19000
1526207839,689.66000,690.19000
1526465424,692.70000,693.83000
1526207842,689.64000,690.19000
1526207843,689.64000,690.17000
1526207847,689.66000,690.17000
1526207849,689.66000,690.10000
1526207850,689.66000,690.09000
1526207851,688.30000,690.09000
1526207852,689.67000,690.09000
1526207853,689.67000,690.08000
1526207854,688.31000,690.08000
1526207855,689.00000,690.08000
1526207857,689.01000,690.08000
1526207858,689.02000,690.08000
1526207859,689.02000,690.07000
1526207864,689.04000,690.07000
1526207867,689.04000,690.19000
1526470012,704.29000,704.69000
1526207871,689.04000,690.17000
1526207873,689.05000,690.17000
1526207874,689.05000,690.16000
1526207875,686.89000,687.00000
1526207876,688.72000,690.16000
1526470021,704.31000,704.69000
1526207878,688.72000,690.17000
1526207879,688.29000,690.15000
1526207880,688.30000,690.15000
1526470026,704.32000,704.69000
1526207883,688.38000,690.14000
1526207885,688.38000,689.70000
1526207888,688.60000,689.69000
1526470033,704.34000,704.69000
1526207892,688.81000,689.69000
1526470037,704.31000,704.69000
1526207894,689.20000,689.69000
1526470039,704.38000,704.69000
1526207898,689.21000,690.12000
1526207904,689.70000,690.12000
1526207905,689.70000,690.19000
1526207908,689.71000,690.19000
1526470055,704.40000,704.69000
1526207912,689.80000,690.19000
1526207913,689.71000,690.19000
1526207915,689.71000,689.80000
1526207919,689.80000,690.19000
1526207940,689.81000,690.19000
1526470089,704.41000,704.69000
1526207948,689.90000,690.19000
1526207950,689.90000,690.75000
1526207951,689.81000,690.75000
1526207952,689.81000,689.90000
1526207955,689.81000,690.74000
1526207957,689.90000,690.74000
1526207958,689.99000,691.47000
1526207959,689.72000,691.42000
1526207961,689.72000,691.41000
1526207966,689.72000,691.00000
1526207969,689.73000,691.00000
1526207971,689.73000,692.00000
1526207973,689.73000,691.99000
1526470118,704.70000,704.72000
1526207975,689.73000,691.98000
1526207976,689.74000,691.10000
1526470121,704.75000,704.80000
1526207980,689.90000,691.10000
1526207981,689.90000,691.67000
1526470126,704.71000,704.80000
1526207983,689.91000,691.66000
1526470128,704.87000,704.98000
1526207985,689.91000,691.67000
1526207986,689.91000,691.20000
1526207987,689.92000,691.19000
1526207992,689.93000,691.10000
1526207997,690.00000,691.19000
1526470143,704.72000,704.98000
1526208000,690.01000,691.19000
1526208002,690.01000,691.10000
1526470147,704.73000,704.98000
1526470151,704.74000,705.07000
1526470152,705.00000,705.07000
1526470154,704.80000,705.07000
1526470155,705.09000,705.11000
1526470157,705.01000,705.11000
1526465453,692.70000,693.80000
1526470160,705.09000,705.11000
1526208018,690.02000,691.15000
1526470164,705.10000,705.11000
1526470167,705.15000,705.48000
1526470169,705.10000,705.48000
1526208026,690.03000,691.15000
1526208028,690.03000,691.19000
1526470175,705.12000,705.48000
1526470179,705.10000,705.48000
1526470180,705.11000,705.48000
1526470184,705.11000,705.50000
1526208049,690.03000,691.15000
1526470196,705.56000,706.52000
1526208053,690.03000,691.14000
1526509151,698.40000,699.78000
1526208061,690.03000,691.08000
1526470206,705.56000,707.01000
1526470208,705.56000,706.70000
1526470209,705.56000,707.01000
1526208068,690.03000,691.14000
1526208069,690.03000,690.93000
1526470214,705.80000,707.01000
1526470215,705.60000,707.01000
1526470216,705.70000,707.01000
1526208078,690.03000,691.10000
1526470223,705.80000,707.00000
1526208080,690.03000,690.90000
1526470225,705.71000,707.00000
1526208082,690.03000,690.89000
1526208083,690.04000,690.89000
1526464975,692.42000,692.44000
1526470231,705.84000,706.99000
1526470232,705.85000,706.99000
1526208099,690.05000,690.89000
1526470244,705.86000,706.99000
1526509158,698.40000,699.95000
1526470248,705.86000,707.01000
1526470250,705.87000,707.01000
1526470251,705.90000,707.01000
1526470252,705.87000,707.01000
1526208109,690.05000,690.90000
1526208113,690.05000,690.89000
1526208114,689.24000,690.89000
1526208115,689.22000,690.89000
1526208116,689.24000,690.89000
1526470261,705.93000,707.01000
1526470267,705.94000,707.01000
1526208124,689.30000,690.89000
1526470271,706.00000,707.01000
1526208128,689.60000,690.89000
1526208129,689.31000,690.89000
1526208130,689.60000,690.89000
1526208131,689.31000,690.92000
1526208132,689.31000,690.88000
1526208133,689.80000,690.88000
1526470278,705.95000,707.00000
1526208135,689.81000,690.88000
1526208139,689.82000,690.88000
1526470285,705.96000,707.00000
1526208142,689.82000,690.92000
1526208143,689.82000,690.87000
1526208148,689.90000,690.87000
1526470296,706.01000,707.00000
1526208154,689.81000,690.87000
1526208156,689.81000,690.92000
1526208158,689.81000,690.86000
1526208160,689.82000,690.86000
1526470305,706.00000,707.00000
1526208163,689.90000,690.86000
1526470310,706.01000,707.00000
1526208167,689.82000,690.86000
1526208168,689.82000,690.57000
1526208169,689.34000,690.57000
1526208170,689.34000,690.56000
1526470315,706.09000,706.99000
1526470317,706.20000,706.99000
1526208174,689.33000,690.56000
1526208175,689.22000,690.56000
1526470320,706.09000,706.99000
1526208178,689.22000,690.56000
1526208179,689.22000,690.32000
1526470324,706.10000,706.98000
1526470326,706.25000,706.98000
1526208186,689.22000,690.31000
1526470333,706.30000,706.98000
1526470335,706.51000,706.98000
1526208197,689.23000,690.30000
1526208201,689.23000,690.24000
1526470346,706.54000,706.98000
1526208204,689.23000,690.23000
1526208207,689.23000,690.22000
1526470352,706.54000,706.98000
1526208212,689.23000,690.23000
1526208213,689.23000,690.21000
1526470358,706.54000,706.98000
1526509177,698.37000,699.95000
1526470360,706.61000,707.01000
1526470362,706.70000,707.01000
1526208219,689.23000,689.69000
1526470365,706.55000,707.01000
1526470366,706.56000,707.01000
1526470367,706.57000,707.01000
1526470368,707.25000,707.46000
1526470369,707.39000,707.46000
1526470370,707.40000,707.46000
1526470371,707.92000,707.99000
1526208228,688.60000,689.68000
1526208229,688.60000,689.53000
1526470374,708.13000,708.30000
1526470377,708.11000,708.30000
1526470379,708.11000,708.31000
1526208236,688.40000,689.52000
1526470384,708.47000,708.50000
1526470385,708.47000,708.90000
1526208242,688.37000,689.52000
1526470387,708.61000,708.90000
1526470388,708.61000,711.36000
1526470390,708.48000,711.10000
1526470391,708.90000,711.10000
1526208250,688.40000,689.44000
1526470396,708.92000,711.09000
1526208255,688.41000,689.43000
1526470400,708.92000,710.47000
1526470401,708.93000,710.47000
1526208260,688.41000,689.51000
1526470405,708.93000,710.20000
1526470406,708.94000,710.20000
1526470407,708.95000,710.19000
1526208264,688.41000,689.50000
1526470410,708.95000,709.93000
1526470411,708.96000,709.93000
1526208269,688.42000,689.50000
1526470414,708.96000,709.92000
1526470416,708.96000,709.90000
1526470418,708.96000,709.92000
1526208277,688.42000,689.49000
1526470422,708.97000,709.92000
1526470425,708.97000,709.90000
1526470427,708.97000,709.92000
1526470428,708.98000,709.92000
1526208288,688.43000,689.48000
1526470433,708.99000,709.92000
1526470435,709.02000,709.92000
1526208292,688.43000,689.47000
1526470440,709.03000,709.92000
1526470441,709.02000,709.92000
1526208298,688.43000,689.46000
1526470443,709.03000,709.92000
1526208302,688.43000,689.45000
1526208304,688.44000,689.44000
1526208306,688.44000,689.50000
1526470453,709.04000,709.62000
1526208312,688.44000,689.49000
1526470457,709.06000,709.73000
1526470458,709.06000,709.41000
1526470460,709.04000,709.41000
1526208317,688.44000,689.48000
1526470462,709.04000,709.05000
1526470464,709.04000,709.40000
1526470465,709.03000,709.41000
1526470466,709.03000,709.05000
1526247051,733.75000,734.98000
1526470470,709.00000,709.02000
1526465505,693.88000,693.89000
1526470472,709.00000,709.05000
1526470473,708.43000,708.93000
1526470474,708.43000,708.87000
1526208332,688.44000,689.47000
1526470479,708.43000,709.05000
1526470480,708.44000,708.80000
1526208337,687.50000,689.47000
1526208338,687.79000,689.46000
1526208339,687.78000,689.37000
1526208340,688.20000,689.37000
1526208341,688.24000,689.37000
1526208342,688.24000,689.36000
1526465508,693.82000,694.89000
1526208347,688.24000,689.30000
1526470493,708.48000,708.86000
1526208350,688.24000,689.29000
1526208352,688.24000,689.28000
1526470497,708.43000,708.85000
1526470498,708.43000,708.60000
1526470501,708.43000,708.84000
1526470502,708.43000,708.59000
1526208359,688.24000,689.27000
1526208366,688.24000,689.26000
1526208374,688.24000,689.25000
1526465513,694.00000,694.88000
1526208376,688.25000,689.25000
1526208377,688.25000,689.24000
1526208386,688.25000,689.23000
1526465515,694.40000,694.88000
1526470534,707.68000,708.43000
1526470536,707.72000,708.43000
1526470537,708.75000,708.77000
1526509207,698.61000,699.95000
1526470540,708.75000,708.79000
1526470551,708.76000,708.79000
1526208408,688.25000,689.22000
1526208413,688.25000,689.21000
1526470558,708.75000,708.83000
1526208418,688.25000,689.20000
1526208421,688.25000,689.19000
1526208422,688.26000,689.19000
1526470570,708.75000,708.82000
1526208427,688.26000,689.18000
1526470572,708.78000,708.82000
1526470576,708.79000,708.82000
1526470582,708.80000,708.82000
1526208442,688.26000,689.17000
1526208443,688.30000,689.17000
1526470588,708.81000,710.90000
1526470589,708.81000,710.91000
1526470590,708.81000,710.88000
1526470591,708.81000,709.86000
1526470592,708.82000,709.60000
1526208449,688.27000,689.17000
1526208451,688.30000,689.17000
1526470596,708.84000,709.86000
1526470598,708.84000,709.80000
1526208457,688.27000,689.17000
1526208458,688.30000,689.17000
1526465527,694.42000,694.87000
1526470605,708.85000,710.78000
1526470606,708.86000,710.78000
1526470607,708.86000,710.77000
1526470608,708.86000,710.26000
1526470609,708.86000,710.10000
1526470610,708.87000,710.26000
1526208468,688.27000,688.30000
1526470613,708.90000,710.26000
1526470614,709.00000,710.21000
1526208472,688.31000,689.17000
1526470618,709.00000,710.20000
1526470620,709.00000,710.21000
1526208477,688.32000,689.17000
1526208479,689.00000,689.17000
1526470624,709.03000,710.20000
1526208481,689.00000,689.17000
1526208483,689.01000,689.17000
1526470628,709.04000,710.20000
1526470629,709.06000,710.20000
1526470634,709.06000,710.19000
1526470637,709.03000,710.19000
1526208494,689.01000,689.16000
1526470639,709.07000,710.19000
1526208498,689.00000,689.16000
1526208499,689.02000,689.16000
1526208500,689.00000,689.16000
1526208501,689.01000,689.16000
1526470646,709.10000,710.18000
1526208503,689.01000,689.15000
