time,price,volume,buy_or_sell,market_or_limit,misc
1526267905.6944,0.99930000,30.02101000,s,l,
1526443039.235,1.00350000,306.14783622,b,l,
1526423557.4341,1.00000000,471.80177487,s,l,
1526289762.1158,1.00000000,30.00540000,b,l,
1526390785.4702,0.99990000,3.69486949,b,m,
1526239524.1464,1.00010000,13076.38900000,s,l,
1526337172.6631,0.99990000,30.94191000,b,l,
1526267918.2508,0.99930000,30.02101000,s,l,
1526131373.0159,1.00070000,956.24300000,b,l,
1526267921.61,0.99930000,2.94837612,s,l,
1526161426.2147,1.00020000,265.91196079,s,l,
1526125121.0084,0.99930000,34.32262000,s,m,
1526319285.0735,0.99950000,30.94434000,s,m,
1526249323.8634,1.00080000,75.00000000,s,m,
1526248144.8275,1.00080000,34.35613000,b,m,
1526399045.6585,1.00000000,21380.86741327,s,m,
1526156946.2262,1.00010000,0.49994999,s,m,
1526390785.4624,0.99980000,31.44094000,b,m,
1526435589.5202,1.00020000,32.42031000,b,l,
1526125120.9559,0.99970000,34.31874000,s,m,
1526473953.1883,1.00040000,1647.65333866,s,l,
1526491246.7783,1.00000000,29.99910000,s,m,
1526252610.6107,1.00050000,34.34673000,s,l,
1526172546.1544,1.00030000,34.33411000,b,m,
1526134187.4355,1.00060000,34.32342000,b,l,
1526443039.1631,1.00200000,0.00000008,b,l,
1526456291.0864,0.99990000,30.01651000,b,l,
1526505527.8686,1.00080000,75.00000000,s,l,
1526136686.5943,1.00020000,0.00203941,s,l,
1526505530.7103,1.00080000,40.18176060,s,l,
1526267963.7635,0.99940000,42.91400000,s,l,
1526172959.3876,1.00060000,34.33498000,b,m,
1526491246.7895,1.00000000,29.99850000,s,m,
1526135811.1647,1.00070000,555.36272048,b,l,
1526486097.0865,1.00070000,29.98441000,b,l,
1526267970.4874,0.99940000,32.08599988,s,l,
1526331061.6928,0.99910000,223.53422646,s,m,
1526300740.5122,0.99990000,10.89022000,b,m,
1526399045.6545,1.00010000,75.00000000,s,m,
1526168065.9603,1.00010000,0.00078227,s,m,
1526374472.1961,1.00000000,5.58351448,s,m,
1526231558.3697,1.00020000,51.42726483,s,m,
1526422724.5883,1.00020000,328.44828084,b,m,
1526289762.086,1.00000000,30.00540000,b,l,
1526125120.9338,0.99980000,71.07740994,s,m,
1526441388.8114,1.00000000,32.91750000,s,l,
1526267918.2552,0.99930000,27.07263388,s,l,
1526267990.5586,0.99940000,75.00000000,s,l,
1526467257.9957,1.00080000,75.00000000,b,m,
1526267993.9109,0.99930000,14.95997972,s,l,
1526390875.3489,0.99980000,75.00000000,b,m,
1526458369.1203,1.00150000,184.82182926,b,l,
1526267997.1954,0.99930000,30.02101000,s,l,
1526268000.5688,0.99920000,66.94749057,s,l,
1526140287.5319,1.00060000,75.00000000,s,m,
1526268005.7771,0.99920000,194.31502114,s,l,
1526333542.8643,1.00000000,14.93460000,b,m,
1526267921.6136,0.99930000,54.14054722,s,l,
1526286065.164,0.99980000,30.00525000,s,m,
1526456290.9891,0.99990000,30.01651000,b,l,
1526289767.3796,1.00000000,2719.45575029,b,l,
1526385742.9254,0.99990000,30.94284000,s,m,
1526491956.8373,1.00010000,75.00000000,s,m,
1526318637.895,0.99970000,30.94241000,b,m,
1526237296.4508,1.00020000,34.36308000,s,l,
1526268019.5303,0.99920000,194.16224730,s,l,
1526173337.3305,1.00050000,34.33739000,s,l,
1526501038.8292,1.00110000,29.98830000,b,m,
1526386971.0066,1.00000000,31.43768000,b,m,
1526268027.2433,0.99930000,74.99996540,s,l,
1526390908.5143,0.99970000,75.00000000,s,m,
1526385742.3434,0.99990000,30.94198000,s,m,
1526228832.4645,1.00030000,951.59376628,b,m,
1526358146.5512,1.00000000,558.66551010,s,l,
1526202501.3127,1.00010000,35.09333319,s,l,
1526317190.7659,0.99990000,30.94007000,b,m,
1526232869.9352,1.00060000,34.36308000,b,l,
1526252610.6086,1.00050000,34.34673000,s,l,
1526125120.9854,0.99960000,34.32262000,s,m,
1526483991.2047,1.00050000,0.07120123,s,m,
1526300814.8712,0.99980000,0.00000024,s,m,
1526488376.5383,1.00070000,29.98441000,b,l,
1526248847.1046,1.00060000,34.36474000,b,m,
1526474094.1818,1.00060000,0.00001988,s,m,
1526358166.9329,1.00000000,558.66551010,s,l,
1526349981.6705,1.00000000,26.06922742,s,m,
1526438957.5075,1.00010000,850.39422305,s,l,
1526228832.4712,1.00030000,1202.33772682,b,m,
1526309957.8931,0.99940000,0.00000002,s,m,
1526268065.9387,0.99930000,0.00003460,s,l,
1526251683.0707,1.00050000,34.35266000,b,l,
1526255595.4212,1.00020000,253.13887222,s,m,
1526268114.4526,1.00010000,30.02101000,b,l,
1526268073.2011,0.99940000,30.02342000,b,l,
1526471367.9647,1.00140000,75.00000000,s,m,
1526145197.6084,1.00060000,221.22387819,b,l,
1526309364.4686,0.99920000,30.94113000,s,m,
1526178937.5136,1.00050000,8.14038413,s,l,
1526431926.1259,1.00000000,575.61600000,b,l,
1526228922.4368,1.00070000,34.32799000,b,m,
1526456504.5572,1.00100000,0.00000004,b,m,
1526268091.9826,0.99980000,13076.38900000,b,l,
1526332107.7348,0.99950000,30.94536000,b,l,
1526438957.5626,1.00010000,2197.42270808,s,l,
1526251711.8636,1.00050000,34.35301000,b,l,
1526251712.7379,1.00050000,6.29433000,b,l,
1526473953.1773,1.00090000,34.37931000,s,l,
1526268099.946,0.99950000,16.85495944,s,l,
1526168065.918,1.00010000,34.33363000,s,m,
1526268102.6107,0.99950000,16.88966493,s,l,
1526212029.4423,1.00040000,34.33659000,s,l,
1526254114.254,1.00040000,34.36658000,s,l,
1526203767.5078,1.00060000,34.33592000,b,l,
1526121928.5389,1.00020000,34.31539000,b,l,
1526140962.9438,1.00050000,0.00190878,s,m,
1526501038.7839,1.00070000,29.98441000,b,m,
1526268114.4393,0.99980000,1013.37067780,b,l,
1526121928.8649,1.00020000,34.31539000,b,l,
1526305349.3098,0.99980000,30.93625000,s,m,
1526268119.9576,1.00020000,13076.38900000,b,l,
1526268120.2355,0.99970000,16.89342076,s,l,
1526268121.8057,1.00020000,13076.38900000,b,l,
1526487374.8685,1.00000000,9850.00000000,s,m,
1526458369.1532,1.00180000,33.90580000,b,l,
1526280879.6769,0.99980000,30.00525000,s,m,
1526268127.5474,1.00000000,30.01591000,b,l,
1526506255.6565,1.00000000,0.00000001,s,m,
1526414151.3978,1.00020000,2020.75404999,b,l,
1526442705.9995,1.00020000,15310.00942771,b,l,
1526438957.5552,1.00010000,32.91750000,s,l,
1526228922.361,1.00060000,34.34362000,b,m,
1526442706.0115,1.00050000,32.91610000,b,l,
1526443039.2568,1.00400000,693.64771872,b,l,
1526289939.1929,0.99990000,0.00000047,s,m,
1526268147.0439,0.99990000,16.84821666,s,l,
1526268150.0368,0.99990000,16.89905758,s,l,
1526136683.0641,1.00030000,0.00061959,s,l,
1526435589.4377,1.00020000,1.33337000,b,l,
1526139605.1841,1.00070000,40.09346640,b,l,
1526176691.3987,1.00040000,34.33353000,s,l,
1526268163.7992,0.99990000,16.84821675,s,l,
1526423812.9366,1.00000000,473.47724564,s,l,
1526473128.5123,1.00110000,34.38109000,s,m,
1526268166.8297,0.99990000,16.84821675,s,l,
1526467794.6606,1.00120000,34.38004000,s,m,
1526435589.5486,1.00020000,32.42121000,b,l,
1526472971.8224,1.00160000,75.00000000,b,m,
1526268173.536,1.00000000,16.84653182,s,l,
1526268114.4716,1.00010000,30.02101000,b,l,
1526440516.1436,1.00030000,75.00000000,s,l,
1526268177.4095,1.00000000,16.84653182,s,l,
1526120815.126,1.00000000,75.00000000,s,l,
1526228922.515,1.00150000,896.85799465,b,m,
1526291449.7347,0.99910000,1957.67110118,s,m,
1526455889.2528,1.00010000,34.39590000,s,l,
1526516441.055,1.00010000,29.99670000,s,m,
1526467794.6946,1.00040000,338.30053892,s,m,
1526299215.0641,1.00000000,2064.55467000,b,m,
1526215488.5857,1.00060000,0.00003965,b,m,
1526267702.0948,0.99980000,402.74230995,s,l,
1526476849.1997,1.00100000,0.00259003,s,l,
1526176809.8222,1.00060000,34.33308000,b,m,
1526291449.7107,0.99990000,30.00240000,s,m,
1526190941.6202,1.00050000,34.33360000,s,m,
1526501038.7169,1.00070000,30.00030000,b,m,
1526268207.317,1.00000000,7.47305163,s,l,
1526268208.3258,0.99980000,30.00750000,s,l,
1526268210.5724,0.99980000,7.47399998,s,l,
1526386971.1025,1.00000000,31.43768000,b,m,
1526133724.4052,1.00030000,34.32024000,s,l,
1526268214.663,0.99980000,703.79100000,s,l,
1526268215.1371,0.99980000,561.14518467,s,l,
1526501038.7505,1.00070000,30.00030000,b,m,
1526268114.4553,1.00010000,30.02101000,b,l,
1526268226.4351,0.99980000,561.14513362,s,l,
1526442706.1514,1.00100000,0.00000286,b,l,
1526476720.6498,1.00100000,10.91000000,b,l,
1526309720.3155,0.99940000,30.94091000,b,m,
1526505527.8748,1.00080000,34.81823940,s,l,
1526467135.3027,1.00050000,32.87384000,s,m,
1526252610.5891,1.00050000,34.34673000,s,l,
1526130755.1977,1.00060000,34.31340000,b,l,
1526476856.9895,1.00090000,4.99001996,s,m,
1526488778.0294,1.00070000,15.04496000,b,l,
1526469173.829,1.00150000,8.37420000,b,m,
1526133724.3722,1.00040000,1.07400000,s,l,
1526268248.3091,0.99980000,8.10375994,s,l,
1526221688.2121,0.99950000,30.02582000,b,m,
1526268250.4458,0.99980000,8.10376000,s,l,
1526248847.1865,1.00190000,770.31611148,b,m,
1526172695.1866,1.00030000,34.33548000,s,l,
1526505530.7233,1.00020000,19.85170131,s,l,
1526232872.3457,1.00070000,32.53722109,b,l,
1526426706.0388,1.00000000,31.43312000,s,l,
1526268257.7701,0.99980000,19.22977604,s,l,
1526435589.4825,1.00020000,31.43693000,b,l,
1526268261.2465,0.99980000,202.13932862,s,l,
1526176691.4409,1.00040000,34.33289000,s,l,
1526237296.3899,1.00030000,75.00000000,s,l,
1526505837.2621,1.00000000,182.47535401,s,m,
1526120815.1282,0.99990000,9000.00000000,s,l,
1526443039.1571,1.00200000,9.98003992,b,l,
1526486921.5376,1.00000000,21724.70180000,s,m,
1526477345.4414,1.00050000,29.98441000,s,m,
1526384199.6545,1.00000000,0.11991763,s,m,
1526435589.4456,1.00020000,31.43693000,b,l,
1526443039.2651,1.00400000,0.01593619,b,l,
1526229747.3869,1.00010000,34.34363000,s,m,
1526423940.5984,1.00000000,445.35311536,s,l,
1526216086.6268,1.00060000,75.00000000,b,l,
1526120839.7711,0.99990000,34.31559000,b,l,
1526268114.424,0.99970000,75.00000000,b,l,
1526168065.938,1.00010000,34.33391000,s,m,
1526125976.0296,0.99960000,75.00000000,b,l,
1526229315.3368,1.00080000,10.00000000,s,l,
1526203767.4631,1.00030000,434.63665068,b,l,
1526300740.5168,0.99990000,19.10978000,b,m,
1526380718.2481,1.00000000,1056.52400000,s,l,
1526407580.0439,1.00010000,551.60500000,b,l,
1526342319.9463,0.99980000,75.00000000,b,l,
1526231455.6624,1.00020000,1.08977136,s,l,
1526399045.6454,1.00010000,4999.50004999,s,m,
1526467135.2996,1.00050000,32.87384000,s,m,
1526423971.853,1.00000000,33.82022400,s,l,
1526385742.341,0.99990000,30.94198000,s,m,
1526473128.4849,1.00140000,34.34424000,s,m,
1526230161.019,1.00010000,34.36073000,s,l,
1526476871.4174,1.00100000,15.00623589,s,m,
1526120876.0742,0.99990000,34.31569000,b,l,
1526438957.5483,1.00010000,32.91750000,s,l,
1526423982.6984,1.00000000,288.88108000,s,l,
1526309364.4271,0.99940000,75.00000000,s,m,
1526120882.2541,0.99990000,34.31590000,b,l,
1526229747.4035,1.00010000,34.36073000,s,m,
1526134187.4447,1.00060000,34.32342000,b,l,
1526168065.9127,1.00010000,34.33363000,s,m,
1526442706.1406,1.00060000,32.91340000,b,l,
1526287094.5139,0.99990000,0.79514672,s,m,
1526442706.1337,1.00060000,32.91340000,b,l,
1526120910.3661,0.99990000,34.31600000,b,l,
1526120911.4014,0.99990000,34.31600000,b,l,
1526221560.0218,0.99930000,1.00000000,b,m,
1526268370.3244,0.99980000,9.43063473,s,l,
1526165318.6978,1.00020000,0.17863920,s,m,
1526317527.1678,0.99940000,30.93991000,s,m,
1526442705.9647,1.00010000,2500.00000000,b,l,
1526476879.2668,1.00080000,4.99001996,s,m,
1526317571.2935,0.99930000,30.94022000,s,m,
1526345049.1771,0.99990000,393.85721387,b,l,
1526488376.5546,1.00070000,29.98441000,b,l,
1526432226.8239,1.00000000,816.84196221,b,l,
1526346084.1812,1.00000000,30.94151000,b,l,
1526424036.4321,1.00000000,14.09176000,s,l,
1526443039.193,1.00290000,390.00000000,b,l,
1526203767.4598,1.00030000,2065.36334932,b,l,
1526187381.7293,1.00060000,23.31176477,b,l,
1526424040.3272,1.00000000,14.09176000,s,l,
1526120937.5629,0.99990000,34.31620000,b,l,
1526507355.2359,1.00000000,0.00108945,s,m,
1526137323.1235,1.00030000,34.32099987,s,l,
1526469406.6974,1.00150000,34.38594000,s,l,
1526424045.0502,1.00000000,14.09176000,s,l,
1526386971.018,1.00000000,31.43768000,b,m,
1526424049.4134,1.00000000,14.09176000,s,l,
1526423521.3964,1.00010000,232.22717728,s,l,
1526342131.6609,0.99990000,50.88149180,b,l,
1526309364.4332,0.99930000,115.56014718,s,m,
1526438957.5578,1.00010000,32.90938000,s,l,
1526442706.0569,1.00050000,32.91582000,b,l,
1526435589.5108,1.00020000,32.42031000,b,l,
1526231154.6296,1.00010000,34.36073000,s,m,
1526227452.5609,1.00000000,75.00000000,b,l,
1526120957.1756,0.99990000,34.31630000,b,l,
1526120958.0757,0.99990000,34.31630000,b,l,
1526510563.8046,0.99990000,1616.81552659,s,m,
1526317571.2823,0.99940000,30.93991000,s,m,
1526443039.1851,1.00250000,703.00583087,b,l,
1526424069.9147,1.00000000,475.97618676,s,l,
1526289762.1256,1.00000000,11385.89177666,b,l,
1526482489.4959,1.00020000,0.00090223,s,m,
1526211081.9233,1.00040000,14.33450000,s,m,
1526248847.1952,1.00200000,2.13244768,b,m,
1526477345.4533,1.00040000,29.98860000,s,m,
1526120978.5117,0.99990000,34.31651000,b,l,
1526467258.0242,1.00100000,33.88135000,b,m,
1526389550.9019,0.99970000,50.00504999,s,l,
1526214388.1217,1.00020000,34.33450000,s,l,
1526438957.597,1.00000000,32.91750000,s,l,
1526267993.8999,0.99930000,30.02001016,s,l,
1526280879.6917,0.99980000,30.00525000,s,m,
1526344930.9657,0.99990000,1800.42885549,b,l,
1526491808.1938,1.00040000,75.00000000,s,l,
1526424582.1799,1.00010000,54.80849418,s,l,
1526161949.9039,1.00020000,75.00000000,b,l,
1526501038.7416,1.00070000,30.00030000,b,m,
1526232615.364,1.00010000,1776.08456056,s,m,
1526268449.5192,0.99980000,558.98336539,s,l,
1526390875.3512,0.99980000,3850.00000000,b,m,
1526173337.3908,1.00020000,1523.80655942,s,l,
1526467258.043,1.00130000,27.80355000,b,m,
1526268457.2987,0.99980000,176.73035869,s,l,
1526125120.9452,0.99980000,1800.09446889,s,m,
1526267997.1912,0.99930000,15.06103028,s,l,
1526172546.1246,1.00030000,34.33411000,b,m,
1526170162.5114,1.00020000,107.98783920,b,l,
1526121012.9943,0.99990000,34.31671000,b,l,
1526268469.1058,0.99990000,75.00000000,b,l,
1526237296.454,1.00020000,34.36308000,s,l,
1526124788.1698,1.00000000,34.32210000,s,m,
1526228574.4965,1.00010000,224.55089820,s,l,
1526268000.566,0.99930000,8.15644255,s,l,
1526243906.8579,1.00000000,0.00000228,s,l,
1526248847.1638,1.00100000,34.34719000,b,m,
1526440516.1498,1.00030000,75.00000000,s,l,
1526443039.2333,1.00350000,296.78972407,b,l,
1526221688.2371,1.00030000,514.71625000,b,m,
1526121033.7392,0.99990000,34.31811000,b,l,
1526203831.7835,1.00060000,75.00000000,b,l,
1526382498.3885,1.00010000,1062.47500000,b,l,
1526432226.7912,1.00000000,45472.94464170,b,l,
1526133722.696,1.00050000,75.00000000,s,l,
1526277560.4051,0.99990000,1.52723967,s,l,
1526276692.2978,1.00000000,3835.76350000,b,l,
1526232712.3482,1.00010000,0.09974409,s,m,
1526245893.1839,1.00000000,34.35866000,s,l,
1526121054.1164,0.99990000,34.31818000,b,l,
1526393933.0455,1.00010000,0.00000120,s,m,
1526291449.6772,0.99990000,30.00446000,s,m,
1526469406.6769,1.00150000,34.38594000,s,l,
1526358118.1222,1.00000000,558.66458000,s,l,
1526510563.7915,1.00000000,29.99940000,s,m,
1526228922.4259,1.00070000,34.32799000,b,m,
1526366828.5234,1.00000000,597.18270000,s,m,
1526291449.6213,0.99990000,30.00446000,s,m,
1526385742.3359,0.99990000,30.94198000,s,m,
1526212029.4508,1.00030000,0.00031911,s,l,
1526284912.4343,1.00000000,557.49706452,b,l,
1526252146.6491,1.00060000,29.98741000,b,m,
1526173337.3683,1.00030000,34.33548000,s,l,
1526501038.8195,1.00110000,29.97752000,b,m,
1526232700.9855,1.00030000,34.35657000,b,l,
1526373140.4095,1.00010000,1274.59342627,s,l,
1526207935.3212,1.00040000,19.96007984,s,m,
1526455889.1587,1.00020000,34.39590000,s,l,
1526455889.1031,1.00120000,34.32946000,s,l,
1526280879.7056,0.99980000,18.91895259,s,m,
1526443039.281,1.00400000,0.00000014,b,l,
1526456291.0504,0.99990000,30.01651000,b,l,
1526469537.7999,1.00130000,579.89329341,s,m,
1526120419.9016,0.99990000,34.31756000,s,m,
1526162063.7402,1.00020000,30.39076607,b,l,
1526176809.8,1.00060000,34.33308000,b,m,
1526473847.3366,1.00110000,4.99001996,s,m,
1526162066.0253,1.00020000,105.39076607,b,l,
1526268563.356,0.99990000,25.29871315,s,l,
1526289762.0689,1.00000000,30.00540000,b,l,
1526424215.0516,1.00000000,0.00074910,s,l,
1526325912.8266,0.99930000,8.63000000,b,m,
1526145689.5619,1.00060000,473.12964000,b,l,
1526226150.7329,1.00010000,75.00000000,b,l,
1526424219.3253,1.00000000,171.02899517,s,l,
1526145694.0184,1.00060000,132.58080000,b,l,
1526203767.4772,1.00050000,2499.50003565,b,l,
1526424224.2971,1.00000000,550.13946843,s,l,
1526121121.5261,0.99970000,34.31837000,b,l,
1526447349.8151,1.00270000,75.00000000,s,l,
1526268580.8362,0.99990000,55.59162284,s,l,
1526206577.1097,1.00060000,17.32784000,b,m,
1526332107.7213,0.99940000,30.94457000,b,l,
1526469537.7975,1.00130000,75.00000000,s,m,
1526162092.5791,1.00020000,209.89781039,b,l,
1526231154.6203,1.00010000,15.97741910,s,m,
1526342319.9531,0.99990000,1783.64216391,b,l,
1526386971.0839,1.00000000,31.43768000,b,m,
1526121928.8789,1.00020000,34.31590000,b,l,
1526125120.9903,0.99960000,34.32262000,s,m,
1526252212.4249,1.00050000,28.05868000,s,m,
1526121929.0466,1.00020000,34.31661000,b,l,
1526286065.1722,0.99980000,30.00525000,s,m,
1526267673.1005,1.00020000,5256.31010287,b,l,
1526145724.3671,1.00060000,89.58488436,b,l,
1526424253.605,1.00000000,16.18257000,s,l,
1526145726.5724,1.00060000,89.58488436,b,l,
1526121151.5106,0.99970000,6.36326000,b,l,
1526137801.7296,1.00050000,34.32229000,b,m,
1526131265.3031,1.00060000,344.63181747,b,l,
1526121932.4173,1.00060000,245.08100000,b,l,
1526469173.8604,1.00150000,34.38109000,b,m,
1526473847.3468,1.00110000,0.00996012,s,m,
1526121933.1861,1.00060000,46.51154845,b,l,
1526456291.0261,0.99990000,30.01651000,b,l,
1526228922.3727,1.00060000,34.34362000,b,m,
1526476721.3863,1.00150000,29.96823000,b,l,
1526121928.517,1.00000000,75.00000000,b,l,
1526217870.6754,1.00040000,184.85714285,b,l,
1526219479.9932,0.99910000,0.76738916,s,m,
1526306000.417,0.99980000,30.93823000,b,l,
1526486097.0936,1.00070000,29.98441000,b,l,
1526124788.1136,1.00050000,34.31859000,s,m,
1526473953.1964,1.00030000,729.59164243,s,l,
1526325194.7561,0.99910000,1153.22900000,s,m,
1526424610.3371,1.00010000,681.53374252,s,m,
1526162151.0005,1.00020000,103.21740000,b,l,
1526206577.0906,1.00050000,75.00000000,b,m,
1526438957.6224,1.00000000,26.66953652,s,l,
1526228832.4598,1.00020000,75.00000000,b,m,
1526216753.0373,1.00020000,34.33757000,s,m,
1526385742.3949,0.99990000,30.94284000,s,m,
1526426706.1067,1.00000000,31.43668000,s,l,
1526172959.3841,1.00060000,6322.64849490,b,m,
1526391541.7376,0.99990000,31.44843000,b,l,
1526293240.3001,1.00000000,25.00000000,b,l,
1526162171.0966,1.00020000,195.56839638,b,l,
1526386970.9516,0.99990000,2500.00000000,b,m,
1526385742.3287,0.99990000,30.94198000,s,m,
1526335657.662,0.99960000,30.95093000,s,m,
1526462974.9237,1.00190000,75.00000000,s,m,
1526424324.2969,1.00000000,550.15520021,s,l,
1526121942.6419,1.00060000,0.00000196,b,l,
1526174297.478,1.00050000,34.33388000,b,m,
1526274860.3702,1.00000000,13076.38900000,b,l,
1526506255.6492,1.00010000,1337.02594811,s,m,
1526120815.1314,0.99990000,34.31539000,s,l,
1526455889.2275,1.00010000,34.39590000,s,l,
1526296707.4514,0.99970000,75.00000000,s,m,
1526130753.29,1.00010000,34.32903000,b,l,
1526291449.7156,0.99980000,30.00525000,s,m,
1526455889.1185,1.00050000,34.39258000,s,l,
1526203767.4819,1.00060000,34.33592000,b,l,
1526268696.6574,0.99990000,45.28275670,s,l,
1526245893.1257,1.00000000,34.35769000,s,l,
1526281774.6233,0.99990000,75.00000000,b,l,
1526252146.6566,1.00070000,75.00000000,b,m,
1526252611.9085,1.00050000,34.34703000,s,l,
1526423685.0926,1.00000000,444.96508466,s,l,
1526215488.5839,1.00060000,0.01986408,b,m,
1526231455.6585,1.00020000,75.00000000,s,l,
1526124788.1847,1.00000000,34.32210000,s,m,
1526291816.6715,1.00000000,12926.38900000,b,l,
1526317190.7555,0.99960000,75.00000000,b,m,
1526274865.6299,1.00000000,13076.38900000,b,l,
1526435589.4759,1.00020000,31.43693000,b,l,
1526466692.6762,1.00090000,33.86568000,s,m,
1526228922.4654,1.00070000,34.33419000,b,m,
1526229747.4313,1.00010000,34.36073000,s,m,
1526132571.0351,1.00060000,4.28677000,b,l,
1526424375.2688,1.00000000,268.06779000,s,l,
1526248062.6814,1.00030000,1540.63222298,b,l,
1526491956.8412,1.00000000,830.33500000,s,m,
1526268730.5006,0.99990000,212.34113987,s,l,
1526178619.0801,1.00050000,34.33209000,s,l,
1526268734.3378,0.99990000,212.34114004,s,l,
1526416191.5702,1.00010000,551.03365618,s,l,
1526486097.0801,1.00070000,29.98441000,b,l,
1526442706.0796,1.00060000,32.91340000,b,l,
1526246223.4451,1.00020000,34.36447000,b,l,
1526248144.8153,1.00040000,75.00000000,b,m,
1526467135.3475,1.00050000,1557.62413793,s,m,
1526245893.193,1.00000000,0.00243702,s,l,
1526455889.3227,1.00010000,1249.00009998,s,l,
1526219600.7232,0.99920000,66.73493795,s,m,
1526377272.3283,1.00000000,11.21262358,s,l,
1526145874.7071,1.00060000,10.00000000,b,m,
1526469173.8407,1.00150000,34.38131000,b,m,
1526300814.8665,0.99980000,0.05976072,s,m,
1526416214.1946,1.00010000,435.12800000,s,l,
1526456291.1045,0.99990000,30.01651000,b,l,
1526309720.3422,0.99980000,30.93969000,b,m,
1526252610.3492,1.00050000,16.40962000,s,l,
1526228922.4394,1.00070000,34.32799000,b,m,
1526424413.7078,1.00000000,16.18257000,s,l,
1526123930.1374,1.00060000,2.08119220,b,l,
1526416223.2484,1.00010000,449.32117922,s,l,
1526424416.5965,1.00000000,16.18257000,s,l,
1526360174.7049,1.00000000,0.10159322,s,m,
1526268770.8169,0.99990000,77.40388200,s,l,
1526162692.8001,1.00030000,9.00447000,b,l,
1526151353.7786,1.00050000,34.32546000,s,l,
1526268773.3665,0.99990000,134.14015647,s,l,
1526476849.1954,1.00100000,650.09980040,s,l,
1526474361.5222,1.00070000,0.00000004,s,m,
1526162280.3854,1.00020000,100.22821200,b,l,
1526162282.9877,1.00020000,254.61016830,b,l,
1526156946.1951,1.00020000,34.32151000,s,m,
1526228922.4826,1.00070000,1.11896573,b,m,
1526501038.7814,1.00070000,29.98441000,b,m,
1526332322.9232,0.99990000,30.94549000,b,l,
1526130753.2707,1.00010000,34.32890000,b,l,
1526267745.3314,0.99980000,30.00750000,s,l,
1526308510.7962,0.99990000,75.00000000,b,m,
1526473600.4824,1.00110000,0.00996012,s,m,
1526424452.077,1.00010000,373.94427352,s,l,
1526190941.6554,1.00010000,2.79433986,s,m,
1526424455.6652,1.00010000,74.99046452,s,l,
1526506255.6421,1.00020000,75.00000000,s,m,
1526244234.3013,1.00010000,9.73696576,s,m,
1526306000.4063,0.99980000,30.93823000,b,l,
1526385742.3579,0.99990000,30.94329000,s,m,
1526286065.1586,0.99980000,30.00525000,s,m,
1526145940.1921,1.00060000,20.00000000,b,m,
1526467489.8527,1.00150000,34.33363000,b,l,
1526491973.8477,1.00000000,0.10298765,s,m,
1526442706.0202,1.00050000,32.91610000,b,l,
1526170756.1663,1.00020000,2386.20048877,b,l,
1526426706.1185,1.00000000,31.43669000,s,l,
1526121928.8766,1.00020000,34.31590000,b,l,
1526446918.5056,1.00250000,75.00000000,s,l,
1526385742.2832,1.00000000,30.94284000,s,m,
1526267876.8651,1.00020000,143.05124000,b,l,
1526145960.9746,1.00060000,4314.05186888,b,m,
1526513186.6168,1.00070000,29.99760000,b,m,
1526486225.2571,1.00040000,29.98711000,s,m,
1526119239.0524,1.00010000,13076.38900000,b,l,
1526385709.7134,1.00010000,56.42443479,b,l,
1526438957.6022,1.00000000,32.91750000,s,l,
1526349981.6911,1.00000000,0.01037258,s,m,
1526482489.4807,1.00040000,29.98681000,s,m,
1526441388.8398,1.00000000,32.90935000,s,l,
1526319285.0856,0.99920000,1.20240813,s,m,
1526396075.8644,1.00010000,189.93050000,b,m,
1526252610.3226,1.00080000,75.00000000,s,l,
1526136678.9363,1.00030000,34.32100041,s,l,
1526136659.1845,1.00030000,55.53244215,s,l,
1526285243.7588,0.99990000,1257.79757949,s,m,
1526232701.0264,1.00070000,5.00000000,b,l,
1526215077.127,1.00040000,34.33974000,b,l,
1526172546.1829,1.00050000,10.00000000,b,m,
1526121929.049,1.00020000,34.31671000,b,l,
1526119243.0638,1.00010000,13076.38900000,b,l,
1526172635.3437,1.00030000,34.33548000,s,m,
1526268065.9457,0.99920000,0.00091093,s,l,
1526424520.2043,1.00010000,17.56480000,s,l,
1526137801.7188,1.00050000,34.32162000,b,m,
1526424522.8908,1.00010000,17.53985000,s,l,
1526346203.8711,1.00010000,30.00898000,b,l,
1526190941.6435,1.00040000,34.33403000,s,m,
1526352940.8291,1.00000000,0.05841018,s,m,
1526228922.4781,1.00070000,1629.38755605,b,m,
1526467135.3112,1.00050000,32.87384000,s,m,
1526305349.3234,0.99980000,30.93625000,s,m,
1526424538.6818,1.00010000,39.89535000,s,l,
1526246223.482,1.00020000,34.36447000,b,l,
1526124788.1442,1.00000000,34.32210000,s,m,
1526268894.2284,1.00000000,30.00540000,b,l,
1526440927.2466,1.00040000,75.00000000,s,l,
1526456291.0886,0.99990000,30.01651000,b,l,
1526176809.7823,1.00060000,34.33308000,b,m,
1526318637.8904,0.99970000,30.94241000,b,m,
1526203767.4743,1.00030000,34.33585000,b,l,
1526456291.0685,0.99990000,30.01651000,b,l,
1526491246.7398,1.00010000,2300.62580760,s,m,
1526306000.3968,0.99970000,75.00000000,b,l,
1526249376.3757,1.00070000,34.37594000,s,m,
1526501038.6874,1.00010000,30.00240000,b,m,
1526456291.0574,0.99990000,30.01651000,b,l,
1526368526.0473,1.00010000,75.00000000,b,l,
1526146035.3518,1.00050000,51.72000000,s,m,
1526135512.2851,1.00070000,553.87659600,b,l,
1526268073.2062,0.99940000,30.02342000,b,l,
1526120419.9164,0.99980000,34.31799000,s,m,
1526329514.1356,0.99940000,172.86727580,b,l,
1526487648.3484,1.00040000,29.99850000,b,m,
1526477345.4199,1.00050000,29.98441000,s,m,
1526443039.2747,1.00400000,17.96407186,b,l,
1526270806.367,0.99990000,2092.48901318,s,l,
1526289762.093,1.00000000,30.00540000,b,l,
1526176691.3966,1.00050000,34.33022000,s,l,
1526424585.6543,1.00010000,548.94875351,s,l,
1526231154.6423,1.00010000,34.36073000,s,m,
1526132570.9991,1.00050000,34.32119000,b,l,
1526491246.795,1.00000000,29.99850000,s,m,
1526389804.4629,0.99960000,16.23585828,s,m,
1526477345.4505,1.00050000,29.98441000,s,m,
1526474094.18,1.00060000,0.00996012,s,m,
1526299786.2418,1.00000000,13076.38900000,b,l,
1526508377.76,1.00000000,2973.88684946,s,m,
1526228484.6444,1.00020000,75.00000000,s,l,
1526484294.1431,1.00010000,29.99790000,s,m,
1526373140.4202,1.00010000,20.20524273,s,l,
1526391541.7323,0.99990000,27.75356051,b,l,
1526168410.0262,1.00010000,49.60773824,s,l,
1526306000.4235,0.99980000,30.93823000,b,l,
1526367749.9198,1.00010000,577.89681891,b,l,
1526232615.3519,1.00020000,441.86777855,s,m,
1526424610.345,1.00000000,1238.18321138,s,m,
1526203767.5126,1.00060000,34.33592000,b,l,
1526219479.988,0.99920000,14089.75967780,s,m,
1526301733.8277,0.99990000,11.82775000,b,m,
1526486097.0655,1.00040000,29.99850000,b,l,
1526233948.6908,1.00040000,75.00000000,s,m,
1526132571.0213,1.00050000,34.32119000,b,l,
1526178859.2776,1.00050000,21.36299184,s,l,
1526248847.172,1.00100000,34.34719000,b,m,
1526419634.7156,1.00020000,51.42982483,b,l,
1526334510.4474,1.00000000,557.05999000,b,l,
1526426706.0681,1.00000000,31.43669000,s,l,
1526172546.1442,1.00030000,34.33411000,b,m,
1526424628.4794,1.00000000,18.24144400,s,l,
1526131373.927,1.00070000,322.42600000,b,l,
1526268114.444,1.00010000,30.02101000,b,l,
1526419636.6601,1.00020000,391.13300000,b,l,
1526424634.241,1.00000000,17.53985000,s,l,
1526465595.2497,1.00100000,10.00000000,b,m,
1526255797.5539,1.00000000,34.36682000,s,l,
1526404018.8374,1.00010000,1197.11597003,s,m,
1526252610.6044,1.00050000,34.34673000,s,l,
1526252611.9062,1.00050000,34.34703000,s,l,
1526309957.8815,0.99940000,30.94230000,s,m,
1526252614.5425,1.00080000,34.36658000,s,l,
1526455936.5087,0.99950000,806.14783622,s,m,
1526252618.7841,1.00080000,6.26684000,s,l,
1526249323.8989,1.00070000,34.37594000,s,m,
1526317571.2878,0.99940000,30.94215000,s,m,
1526385742.9562,0.99950000,52.25506182,s,m,
1526229747.3714,1.00080000,75.00000000,s,m,
1526456504.5489,1.00080000,0.49995001,b,m,
1526275896.5967,1.00000000,22.03934200,b,l,
1526248847.0607,1.00060000,34.36489000,b,m,
1526277212.7181,1.00000000,6252.96710000,b,l,
1526125121.0108,0.99930000,34.32262000,s,m,
1526214417.0605,1.00020000,34.33961000,s,m,
1526216753.0081,1.00020000,34.34236000,s,m,
1526162692.8126,1.00030000,34.33383000,b,l,
1526203767.4662,1.00030000,34.33585000,b,l,
1526228922.4847,1.00070000,0.00044741,b,m,
1526289938.587,0.99990000,30.00446000,s,m,
1526491246.7728,1.00000000,24900.19960000,s,m,
1526473839.2851,1.00140000,5.00000000,b,m,
1526385742.3093,1.00000000,30.93749000,s,m,
1526459412.4476,1.00300000,0.00585560,s,l,
1526347283.4743,1.00000000,2752.86445000,s,l,
1526422954.8811,1.00010000,31.43453000,s,l,
1526433806.12,1.00000000,406.02990241,s,l,
1526501038.8218,1.00110000,29.97752000,b,m,
1526473847.3517,1.00110000,0.00000004,s,m,
1526437396.7478,1.00020000,268.28100000,b,l,
1526465658.2734,1.00080000,0.00003973,s,m,
1526268095.6623,0.99930000,598.02800000,s,l,
1526215077.1292,1.00040000,34.33974000,b,l,
1526442706.1111,1.00060000,32.91340000,b,l,
1526170756.1521,1.00020000,194.93959912,b,l,
1526178951.8766,1.00050000,29.09709381,s,l,
1526342792.733,0.99970000,30.93542888,s,l,
1526416521.0552,1.00010000,551.03369867,s,l,
1526416522.9412,1.00010000,179.86738712,s,l,
1526449291.8965,1.00270000,75.00000000,s,l,
1526465677.2675,1.00100000,2455.00000000,b,m,
1526335657.6702,0.99920000,147.62788154,s,m,
1526435589.5658,1.00020000,1554.09580597,b,l,
1526488753.7543,1.00090000,29.98370000,b,l,
1526456291.0931,0.99990000,30.01651000,b,l,
1526178964.109,1.00050000,32.92456420,s,l,
1526455889.3056,1.00010000,0.99990002,s,l,
1526385742.9601,0.99950000,0.00013335,s,m,
1526505530.7157,1.00050000,29.98426000,s,l,
1526120419.8959,0.99990000,34.31756000,s,m,
1526277276.5799,1.00000000,600.00000000,b,m,
1526146206.5032,1.00050000,1971.05788423,s,m,
1526473889.377,1.00140000,5.00000000,b,m,
1526178979.3511,1.00050000,34.33209000,s,l,
1526365296.3738,1.00000000,2461.95400000,s,l,
1526473128.4798,1.00150000,75.00000000,s,m,
1526473897.2409,1.00110000,4.99001996,s,m,
1526232701.0287,1.00070000,2.00000000,b,l,
1526130753.2877,1.00010000,34.32890000,b,l,
1526138034.3396,1.00060000,37.49393912,b,l,
1526373140.417,1.00010000,6.35704000,s,l,
1526121929.0367,1.00020000,3.16456000,b,l,
1526216752.9993,1.00020000,34.34236000,s,m,
1526266512.8496,0.99980000,40.96872774,b,l,
1526465723.4265,1.00050000,32.87384000,s,l,
1526383804.1623,1.00000000,10000.00000000,s,m,
1526267876.8551,0.99980000,30.02192000,b,l,
1526170814.6803,1.00020000,5296.47500000,s,l,
1526291449.7134,0.99990000,30.00240000,s,m,
1526176691.4495,1.00040000,34.33289000,s,l,
1526182676.1657,1.00060000,34.33180000,b,m,
1526488419.7201,1.00040000,10.96496315,s,l,
1526246223.4334,1.00020000,34.36447000,b,l,
1526327168.6935,0.99920000,75.00000000,s,m,
1526309364.4511,0.99920000,30.94113000,s,m,
1526138059.8017,1.00060000,0.00606088,b,l,
1526268065.9433,0.99930000,75.00000000,s,l,
1526214417.247,1.00020000,34.33802000,s,m,
1526476720.6379,1.00080000,0.00000052,b,l,
1526221688.2007,0.99950000,30.02582000,b,m,
1526465747.1739,1.00100000,33.86144000,b,l,
1526441172.6567,1.00030000,75.00000000,s,l,
1526222065.2779,0.99940000,0.01085136,s,m,
1526426706.0443,1.00000000,31.43668000,s,l,
1526465755.2302,1.00140000,410.74400000,s,l,
1526318637.9397,1.00000000,731.14958000,b,m,
1526176691.4081,1.00040000,34.33353000,s,l,
1526277342.5905,0.99990000,0.61672350,s,l,
1526385742.9406,0.99970000,30.94198000,s,m,
1526473953.1662,1.00110000,34.37247000,s,l,
1526133724.4004,1.00030000,34.32024000,s,l,
1526240806.5898,1.00010000,11.72837326,s,l,
1526130755.1794,1.00060000,34.31340000,b,l,
1526385742.3384,0.99990000,30.94198000,s,m,
1526438957.5273,1.00010000,32.91750000,s,l,
1526248847.1481,1.00100000,34.34719000,b,m,
1526232615.3472,1.00020000,441.86777855,s,m,
1526268114.4467,1.00010000,30.02101000,b,l,
1526238978.6629,1.00020000,24.97003596,s,m,
1526513186.6058,1.00010000,30.00240000,b,m,
1526477345.4789,1.00040000,29.98771000,s,m,
1526215077.141,1.00040000,34.33974000,b,l,
1526505837.2642,1.00000000,43006.04124877,s,m,
1526335657.634,0.99960000,30.95093000,s,m,
1526475706.5752,1.00080000,0.00000004,s,m,
1526453801.5398,1.00190000,184.00000000,b,m,
1526435589.497,1.00020000,32.42035000,b,l,
1526267878.6316,0.99930000,30.02222000,s,l,
1526281790.0826,1.00000000,74.99983300,b,l,
1526294338.2614,1.00000000,5.01591000,b,m,
1526386970.9801,1.00000000,31.43768000,b,m,
1526473982.2578,1.00100000,15.02280000,s,l,
1526455889.1332,1.00030000,34.39330000,s,l,
1526195456.3664,1.00050000,34.33358000,s,l,
1526441218.9795,1.00010000,32.91315000,b,l,
1526424835.1406,1.00000000,551.23338925,s,l,
1526162692.8068,1.00030000,34.33383000,b,l,
1526473128.4825,1.00140000,34.34449000,s,m,
1526424842.1711,1.00000000,34.32920400,s,l,
1526424843.7413,1.00000000,69.35900400,s,l,
1526474375.9426,1.00070000,4.99001996,s,m,
1526172546.1513,1.00030000,34.33411000,b,m,
1526318637.9335,0.99970000,30.94278000,b,m,
1526289939.1348,0.99990000,58.46522954,s,m,
1526369155.2331,1.00010000,37.50000001,b,m,
1526261012.9702,1.00000000,13076.38900000,b,l,
1526291449.6578,0.99990000,30.00446000,s,m,
1526455889.2939,1.00010000,34.39590000,s,l,
1526138135.5312,1.00070000,527.23574750,b,l,
1526467794.7012,1.00040000,0.00000269,s,m,
1526138139.6774,1.00070000,167.47161600,b,l,
1526252146.7112,1.00080000,34.36420000,b,m,
1526398861.7173,1.00010000,1690.27295001,s,m,
1526252831.8049,1.00060000,58.00000000,s,m,
1526281776.9507,1.00000000,149.99980080,b,l,
1526173337.3513,1.00050000,34.33739000,s,l,
1526162725.1445,1.00030000,34.33383000,b,l,
1526203686.3554,1.00020000,74.99586503,s,l,
1526201356.9445,1.00010000,547.93621190,s,m,
1526239524.1414,1.00010000,34.36355000,s,l,
1526435589.4731,1.00020000,31.43693000,b,l,
1526190941.6501,1.00010000,112.76878643,s,m,
1526187571.8036,1.00050000,34.33209000,s,l,
1526317571.2911,0.99940000,75.00000000,s,m,
1526130755.0847,1.00060000,34.31340000,b,l,
1526237296.4435,1.00020000,34.36308000,s,l,
1526386507.5861,0.99960000,0.00000001,s,m,
1526187571.8081,1.00050000,34.33209000,s,l,
1526151353.8397,1.00050000,34.32540000,s,l,
1526476720.6471,1.00100000,29.98860000,b,l,
1526501038.7529,1.00070000,30.00030000,b,m,
1526120815.134,0.99990000,34.31539000,s,l,
1526442706.0456,1.00050000,32.91610000,b,l,
1526269252.9168,0.99990000,205.92743072,s,l,
1526317527.1588,0.99940000,28.42652216,s,m,
1526477025.8156,1.00080000,389.73964884,s,m,
1526121942.6401,1.00060000,0.00098076,b,l,
1526281783.0602,0.99990000,75.00000000,b,l,
1526467135.1661,1.00080000,75.00000000,s,m,
1526335657.6435,0.99960000,30.95093000,s,m,
1526467469.6369,1.00130000,33.86568000,b,l,
1526426706.0994,1.00000000,31.43668000,s,l,
1526228305.3213,1.00000000,251.00000000,s,m,
1526482489.4874,1.00020000,226.46003992,s,m,
1526351192.8097,1.00000000,15.43252980,s,l,
1526228922.3951,1.00060000,34.34362000,b,m,
1526144038.8192,1.00050000,20.01401000,s,l,
1526118689.0185,1.00010000,18.75000000,b,m,
1526474079.4585,1.00080000,5.00000000,b,m,
1526426706.0332,1.00000000,31.43753000,s,l,
1526172635.3288,1.00030000,34.33548000,s,m,
1526139793.4202,1.00070000,275.93688010,b,l,
1526268073.2036,0.99940000,30.02342000,b,l,
1526464329.0021,1.00160000,75.00000000,s,m,
1526465723.429,1.00050000,32.87384000,s,l,
1526121928.8695,1.00020000,34.31559000,b,l,
1526474094.1837,1.00060000,0.00000004,s,m,
1526151353.7925,1.00050000,34.32563000,s,l,
1526214492.2254,1.00020000,10.82510291,s,m,
1526187381.7322,1.00070000,2016.25547046,b,l,
1526467952.6023,1.00150000,34.33363000,b,l,
1526203767.505,1.00060000,34.33592000,b,l,
1526125120.949,0.99970000,27.95545000,s,m,
1526214417.0559,1.00020000,34.33450000,s,m,
1526219600.729,0.99920000,75.00000000,s,m,
1526482910.5524,1.00080000,29.98681000,b,m,
1526467469.6197,1.00120000,34.37702000,b,l,
1526122050.9568,1.00050000,17.75698364,b,l,
1526491246.8041,1.00000000,792.12710000,s,m,
1526203791.2214,1.00070000,10000.88078539,b,l,
1526456291.1216,0.99990000,30.01651000,b,l,
1526390908.5193,0.99970000,0.00736021,s,m,
1526467135.3503,1.00040000,7690.68710207,s,m,
1526231455.6645,1.00020000,0.00217519,s,l,
1526392216.2243,1.00010000,1103.66200000,s,l,
1526174297.5797,1.00060000,800.92707219,b,m,
1526499203.8428,1.00000000,68.32607295,s,m,
1526424992.2211,1.00000000,4146.18010408,s,m,
1526203809.3617,1.00070000,13076.38900000,b,l,
1526168065.9292,1.00010000,34.33391000,s,m,
1526422954.8867,1.00010000,31.43453000,s,l,
1526203813.4471,1.00070000,13076.38900000,b,l,
1526385742.2977,1.00000000,30.93768000,s,m,
1526400425.5319,1.00010000,30.00000000,b,m,
1526392235.9142,1.00010000,555.19600000,s,l,
1526441388.8333,1.00000000,32.90935000,s,l,
1526249376.3512,1.00080000,75.00000000,s,m,
1526267702.0891,0.99980000,30.00750000,s,l,
1526471367.972,1.00140000,0.00061510,s,m,
1526165318.6883,1.00020000,89.49823804,s,m,
1526432226.8147,1.00000000,31.56760331,b,l,
1526203831.7906,1.00060000,212.87909839,b,l,
1526277560.4015,0.99990000,1283.37276033,s,l,
1526124788.2207,0.99980000,298.20850950,s,m,
1526212029.4478,1.00040000,75.00000000,s,l,
1526168065.9468,1.00010000,34.33391000,s,m,
1526442706.0725,1.00060000,32.91340000,b,l,
1526441388.8225,1.00000000,32.91750000,s,l,
1526467489.8505,1.00150000,34.33363000,b,l,
1526121928.8861,1.00020000,31.15164000,b,l,
1526121929.0555,1.00030000,34.31825000,b,l,
1526486225.2469,1.00040000,29.98711000,s,m,
1526203851.4304,1.00070000,13076.38900000,b,l,
1526121932.9158,1.00060000,311.39900000,b,l,
1526332322.9313,0.99990000,30.94544000,b,l,
1526488419.7136,1.00040000,29.98950000,s,l,
1526337172.6574,0.99990000,30.94191000,b,l,
1526151353.7676,1.00050000,34.32204000,s,l,
1526121942.638,1.00060000,0.49136171,b,l,
1526305349.3071,0.99980000,96.04730946,s,m,
1526245893.1784,1.00000000,34.36042000,s,l,
1526121947.6223,1.00060000,9.00000000,b,m,
1526124788.1186,1.00050000,34.31859000,s,m,
1526438282.8369,1.00080000,75.00000000,b,l,
1526494477.5034,1.00000000,0.03993234,s,m,
1526151353.7578,1.00050000,34.32208000,s,l,
1526226150.7581,1.00020000,34.34608000,b,l,
1526130755.2358,1.00070000,1504.52500000,b,l,
1526252610.615,1.00050000,34.34703000,s,l,
1526443039.1697,1.00200000,0.19920240,b,l,
1526337172.6684,0.99990000,30.93791400,b,l,
1526248062.6901,1.00040000,2497.64956535,b,l,
1526332107.7121,0.99940000,30.94462000,b,l,
1526501038.4794,1.00000000,75.00000000,b,m,
1526377272.3304,1.00000000,0.02236323,s,l,
1526496289.5713,0.99990000,0.00002381,s,m,
1526476526.4924,1.00060000,0.00000004,s,m,
1526187603.5285,1.00070000,805.44500000,b,l,
1526392309.371,1.00010000,759.72200000,s,l,
1526385742.9291,0.99990000,30.94034000,s,m,
1526124788.1897,1.00000000,34.32210000,s,m,
1526386591.1557,0.99970000,75.00000000,s,m,
1526456504.5515,1.00100000,648.05883647,b,m,
1526253760.4958,1.00060000,62.12574850,s,l,
1526252611.9194,1.00040000,3.67882094,s,l,
1526228484.6472,1.00010000,837.93700000,s,l,
1526367749.9139,1.00010000,54.33441854,b,l,
1526289762.0338,1.00000000,30.01011000,b,l,
1526455889.149,1.00020000,34.39590000,s,l,
1526510582.9639,1.00010000,30.00240000,s,l,
1526491246.7922,1.00000000,29.99850000,s,m,
1526172959.4181,1.00070000,9990.89537324,b,m,
1526510563.784,1.00000000,29.99910000,s,m,
1526346084.1589,1.00000000,30.44544000,b,l,
1526443039.1763,1.00210000,1249.50004999,b,l,
1526246223.4609,1.00020000,34.36447000,b,l,
1526133724.4029,1.00030000,34.32024000,s,l,
1526482923.6845,1.00010000,115.84392768,s,m,
1526516441.0509,1.00020000,2564.06803639,s,m,
1526484294.1403,1.00010000,29.99790000,s,m,
1526176687.8747,1.00060000,75.00000000,b,m,
1526253084.7542,1.00060000,75.00000000,b,l,
1526484294.1157,1.00010000,29.99790000,s,m,
1526123930.135,1.00060000,1042.67728980,b,l,
1526125120.9667,0.99960000,34.32262000,s,m,
1526170756.1639,1.00020000,194.93959912,b,l,
1526318637.9303,0.99970000,30.94278000,b,m,
1526229747.4336,1.00010000,34.36073000,s,m,
1526442706.1268,1.00060000,32.91340000,b,l,
1526473128.5152,1.00100000,250.02437869,s,m,
1526187571.7876,1.00050000,21.42044867,s,l,
1526228574.4995,1.00010000,0.44820539,s,l,
1526422954.9022,1.00010000,31.43163000,s,l,
1526245893.1465,1.00000000,34.35769000,s,l,
1526482489.4737,1.00060000,75.00000000,s,m,
1526488753.7446,1.00080000,1075.86650023,b,l,
1526172959.4082,1.00060000,34.33498000,b,m,
1526175813.701,1.00060000,49.70027390,b,m,
1526347283.4804,1.00000000,0.16878978,s,l,
1526232700.9465,1.00030000,34.35522000,b,l,
1526122050.9533,1.00050000,28.92043750,b,l,
1526472971.8257,1.00170000,773.56454028,b,m,
1526384199.6571,1.00000000,0.00014978,s,m,
1526483991.2065,1.00050000,0.00014212,s,m,
1526346203.8467,1.00010000,86203.97556491,b,l,
1526455889.2159,1.00020000,34.39590000,s,l,
1526187600.0756,1.00070000,362.88600000,b,l,
1526306830.1548,0.99980000,75.00000000,b,m,
1526156946.1442,1.00040000,34.32180000,s,m,
1526187603.2397,1.00070000,338.88200000,b,l,
1526443039.2865,1.00450000,693.44327366,b,l,
1526477345.4697,1.00040000,29.98681000,s,m,
1526249376.4095,1.00050000,34.37592000,s,m,
1526475706.5684,1.00080000,4.99001996,s,m,
1526228574.5016,1.00010000,0.00089462,s,l,
1526122085.5025,1.00050000,11.16345386,b,l,
1526125121.0308,0.99900000,0.49227375,s,m,
1526122085.5087,1.00060000,214.20536313,b,l,
1526473953.1855,1.00090000,34.37931000,s,l,
1526189616.5683,1.00060000,10.00000000,b,m,
1526190941.6346,1.00040000,34.33403000,s,m,
1526229747.3821,1.00030000,5.00000000,s,m,
1526487648.3655,1.00040000,21.97990804,b,m,
1526134187.4309,1.00060000,34.32342000,b,l,
1526455889.128,1.00030000,10000.00000000,s,l,
1526474353.7472,1.00080000,5.00000000,b,m,
1526237296.4397,1.00020000,34.36308000,s,l,
1526305349.3168,0.99980000,30.93625000,s,m,
1526465658.2609,1.00080000,11.25689143,s,m,
1526266254.4792,0.99980000,34.36671000,s,l,
1526125120.9877,0.99960000,34.32262000,s,m,
1526474361.5204,1.00070000,0.00001988,s,m,
1526482910.54,1.00070000,75.00000000,b,m,
1526474364.7189,1.00080000,5.00000000,b,m,
1526267876.8341,0.99970000,30.02252000,b,l,
1526124788.1949,1.00000000,34.32210000,s,m,
1526488753.7492,1.00090000,4.60129000,b,l,
1526474375.9608,1.00070000,0.00000004,s,m,
1526371948.6057,1.00010000,0.00998004,s,m,
1526476707.2462,1.00050000,0.00000004,s,m,
1526187659.9066,1.00070000,411.83100000,b,l,
1526438957.5653,1.00010000,1401.28864596,s,l,
1526455889.1563,1.00020000,34.39590000,s,l,
1526456291.0978,0.99990000,30.01651000,b,l,
1526286065.1694,0.99980000,30.00525000,s,m,
1526318738.2316,0.99960000,43.00000000,s,m,
1526456291.0022,0.99990000,30.01651000,b,l,
1526248847.0809,1.00060000,34.36489000,b,m,
1526479571.8823,1.00070000,75.00000000,b,l,
1526187673.8025,1.00070000,587.53522534,b,l,
1526342319.956,0.99990000,407.16352179,b,l,
1526122140.6811,1.00060000,227.99300000,b,l,
1526386970.9997,1.00000000,31.43768000,b,m,
1526203767.4716,1.00030000,34.33585000,b,l,
1526252610.3469,1.00050000,34.34673000,s,l,
1526386971.107,1.00000000,31.43768000,b,m,
1526488376.5709,1.00070000,29.98441000,b,l,
1526238978.6807,1.00020000,0.00000004,s,m,
1526222065.2603,0.99990000,75.00000000,s,m,
1526203767.4971,1.00060000,34.33592000,b,l,
1526442706.0524,1.00050000,32.91610000,b,l,
1526286003.6148,0.99990000,0.39453030,s,l,
1526248847.0751,1.00060000,34.36489000,b,m,
1526231340.7869,1.00010000,34.36073000,s,l,
1526476691.544,1.00050000,0.00996012,s,m,
1526220474.495,0.99960000,74.99969940,b,l,
1526203791.2168,1.00060000,2499.75001782,b,l,
1526280879.6964,0.99980000,30.00525000,s,m,
1526331061.5162,0.99940000,0.30743824,b,l,
1526335170.9564,0.99970000,18.72244817,s,l,
1526239524.1357,1.00010000,34.36308000,s,l,
1526156946.1827,1.00020000,34.32299000,s,m,
1526318637.9363,0.99970000,30.94278000,b,m,
1526214388.1245,1.00020000,34.33450000,s,l,
1526151353.8319,1.00050000,34.32540000,s,l,
1526121928.872,1.00020000,34.31559000,b,l,
1526137801.7398,1.00070000,817.78664935,b,m,
1526474361.5136,1.00070000,4.99001996,s,m,
1526239524.1334,1.00010000,34.36308000,s,l,
1526456290.9958,0.99990000,30.01651000,b,l,
1526136686.5967,1.00020000,34.24157365,s,l,
1526232700.971,1.00030000,34.35657000,b,l,
1526268199.6612,1.00000000,16.93012713,s,l,
1526216753.0397,1.00020000,34.33757000,s,m,
1526232701.0045,1.00030000,34.35711000,b,l,
1526130753.2516,1.00010000,34.32890000,b,l,
1526286065.1562,0.99980000,30.00525000,s,m,
1526482674.4945,1.00010000,624.43755624,s,l,
1526203791.2106,1.00060000,75.00000000,b,l,
1526248702.1981,1.00040000,34.37061000,s,m,
1526476849.1977,1.00100000,1.29760439,s,l,
1526435589.4947,1.00020000,32.42035000,b,l,
1526204153.3084,1.00050000,75.00000000,b,l,
1526346084.1833,1.00000000,30.94151000,b,l,
1526132571.0185,1.00050000,34.32119000,b,l,
1526386970.9554,1.00000000,30.94573000,b,m,
1526312086.776,0.99980000,11.02202495,b,l,
1526255797.5334,1.00030000,75.00000000,s,l,
1526442706.0964,1.00060000,32.91340000,b,l,
1526228922.3869,1.00060000,34.34362000,b,m,
1526231340.7803,1.00010000,2.02763910,s,l,
1526434293.0546,1.00000000,59.21134000,s,l,
1526386971.0021,1.00000000,31.43768000,b,m,
1526207549.6702,1.00060000,34.33608000,b,m,
1526291449.718,0.99970000,30.00789000,s,m,
1526455889.2417,1.00010000,34.39590000,s,l,
1526172695.1828,1.00030000,29.67835356,s,l,
1526467794.6891,1.00090000,33.88636000,s,m,
1526373140.4275,1.00010000,54.33441854,s,l,
1526473847.3493,1.00110000,0.00001988,s,m,
1526252146.6618,1.00080000,34.36760000,b,m,
1526232876.1587,1.00070000,108.20250887,b,l,
1526268208.3231,0.99980000,20.63401968,s,l,
1526494477.4986,1.00000000,30.00030000,s,m,
1526172635.3483,1.00030000,34.33548000,s,m,
1526327077.3857,0.99920000,40.02397348,b,l,
1526441388.8067,1.00000000,32.91750000,s,l,
1526501038.7696,1.00070000,29.98441000,b,m,
1526176809.8391,1.00060000,34.33308000,b,m,
1526216753.0037,1.00020000,34.34236000,s,m,
1526474375.957,1.00070000,0.00996012,s,m,
1526442706.0501,1.00050000,32.91610000,b,l,
1526245893.1748,1.00000000,34.36042000,s,l,
1526465723.4165,1.00080000,75.00000000,s,l,
1526232712.3461,1.00010000,49.97178822,s,m,
1526491246.6837,1.00040000,29.98950000,s,m,
1526422954.9152,1.00010000,479.24595001,s,l,
1526482910.5595,1.00080000,29.98681000,b,m,
1526443039.1899,1.00270000,9000.00000000,b,l,
1526306000.4508,1.00000000,12475.43909000,b,l,
1526501038.7394,1.00070000,30.00030000,b,m,
1526187571.8203,1.00050000,34.33209000,s,l,
1526294338.3624,1.00000000,504.98409000,b,m,
1526178979.3533,1.00050000,12.91164133,s,l,
1526458369.1319,1.00160000,12226.25723196,b,l,
1526476849.1909,1.00190000,75.00000000,s,l,
1526318637.8843,0.99960000,75.00000000,b,m,
1526215077.1635,1.00050000,797.84389270,b,l,
1526467135.3056,1.00050000,32.87384000,s,m,
1526268894.2362,1.00000000,30.00540000,b,l,
1526123491.8048,1.00040000,0.00000007,s,m,
1526228922.3185,1.00060000,34.34362000,b,m,
1526268171.0244,1.00000000,16.90375760,s,l,
1526228922.5332,1.00190000,10966.83983645,b,m,
1526507355.2339,1.00000000,0.54581456,s,m,
1526331061.6948,0.99910000,0.44617610,s,m,
1526252146.721,1.00080000,34.36420000,b,m,
1526228832.4739,1.00030000,951.59376628,b,m,
1526156946.1711,1.00040000,34.32186000,s,m,
1526221688.2293,1.00010000,30.02372000,b,m,
1526248702.2005,1.00040000,34.37076000,s,m,
1526455889.1153,1.00050000,47846.61999000,s,l,
1526277991.6889,1.00000000,1589.03800000,b,l,
1526476721.3717,1.00150000,29.96823000,b,l,
1526392685.6295,1.00000000,0.00004771,s,m,
1526507374.3298,1.00010000,29.99760000,b,l,
1526231438.2944,1.00030000,34.35386000,b,l,
1526359699.4404,1.00000000,38.88990912,s,l,
1526187381.7239,1.00060000,23.31176477,b,l,
1526130753.2227,0.99990000,1378.52726991,b,l,
1526133425.3244,1.00060000,72.85661500,b,l,
1526325194.75,0.99910000,63.80380162,s,m,
1526318637.9216,0.99970000,30.94278000,b,m,
1526422954.8916,1.00010000,31.43151000,s,l,
1526404018.8491,1.00010000,1197.11636999,s,m,
1526327168.7162,0.99910000,0.00002935,s,m,
1526499203.8448,1.00000000,0.13392705,s,m,
1526476871.4074,1.00110000,7177.77573670,s,m,
1526249376.437,1.00030000,0.91463074,s,m,
1526172546.1418,1.00030000,34.33411000,b,m,
1526385742.3798,0.99990000,30.94329000,s,m,
1526267900.5173,0.99920000,36.20140480,s,l,
1526450064.0996,1.00240000,34.32073000,b,l,
1526482910.555,1.00080000,29.98681000,b,m,
1526146965.9868,1.00050000,51.72000000,s,m,
1526507414.0897,1.00010000,29.99760000,b,l,
1526476721.3604,1.00150000,29.96823000,b,l,
1526443039.2629,1.00400000,7.98403194,b,l,
1526174297.5774,1.00050000,34.33388000,b,m,
1526456291.0044,0.99990000,30.01651000,b,l,
1526467258.0382,1.00100000,33.88585000,b,m,
1526385742.4111,0.99990000,30.94284000,s,m,
1526456291.0526,0.99990000,30.01651000,b,l,
1526319010.9839,0.99970000,29.32413060,s,l,
1526477345.432,1.00050000,29.98441000,s,m,
1526228922.3838,1.00060000,34.34362000,b,m,
1526385742.3173,1.00000000,30.93744000,s,m,
1526122409.7952,1.00060000,71.07740994,b,m,
1526232712.342,1.00020000,34.36316000,s,m,
1526309364.4708,0.99920000,30.94113000,s,m,
1526249376.3727,1.00070000,34.37594000,s,m,
1526460777.932,1.00200000,624.93750625,b,m,
1526130609.7829,0.99990000,34.32901000,b,l,
1526467135.3401,1.00050000,32.92630000,s,m,
1526507444.6412,1.00010000,29.99760000,b,l,
1526368181.0748,1.00010000,0.00009940,s,m,
1526359699.4339,1.00000000,19483.84446775,s,l,
1526187571.7992,1.00050000,34.33209000,s,l,
1526228922.37,1.00060000,34.34362000,b,m,
1526252146.654,1.00060000,75.00000000,b,m,
1526168065.9557,1.00010000,195.56839638,s,m,
1526422954.8604,1.00010000,31.43237000,s,l,
1526231438.3034,1.00030000,34.35386000,b,l,
1526515360.7556,1.00080000,37.50000000,b,l,
1526462123.0958,1.00250000,19.34285781,b,l,
1526486225.2441,1.00040000,29.98711000,s,m,
1526507467.925,1.00010000,15.00480000,b,l,
1526346203.9248,1.00010000,30.00240000,b,l,
1526172546.132,1.00030000,34.33411000,b,m,
1526289762.0409,1.00000000,30.01011000,b,l,
1526176691.464,1.00040000,34.33159000,s,l,
1526386970.9659,1.00000000,31.43768000,b,m,
1526291449.6858,0.99990000,30.00446000,s,m,
1526486022.8381,1.00020000,29.99340000,s,l,
1526162063.7351,1.00020000,75.00000000,b,l,
1526482910.5347,1.00070000,75.00000000,b,m,
1526249376.3786,1.00070000,34.37594000,s,m,
1526386971.0158,1.00000000,31.43768000,b,m,
1526345049.1794,0.99990000,393.85721387,b,l,
1526130755.1682,1.00060000,34.31340000,b,l,
1526190941.6061,1.00050000,34.33419000,s,m,
1526203767.4403,1.00030000,34.33578000,b,l,
1526491246.6783,1.00040000,29.98950000,s,m,
1526344930.958,0.99990000,30.94271000,b,l,
1526482923.6773,1.00070000,29.97842000,s,m,
1526237164.7697,1.00080000,60.00000000,s,m,
1526347283.4789,1.00000000,84.56368189,s,l,
1526138867.0986,1.00070000,543.12492000,b,l,
1526168065.9589,1.00010000,0.39473954,s,m,
1526138872.1363,1.00070000,24.00948000,b,l,
1526229747.413,1.00010000,34.36073000,s,m,
1526231154.6572,1.00010000,32.33309090,s,m,
1526231340.8959,1.00010000,91.14952408,s,l,
1526368181.0767,1.00010000,0.00000020,s,m,
1526222065.2698,0.99940000,34.34579000,s,m,
1526458369.1482,1.00180000,33.90580000,b,l,
1526249323.9047,1.00070000,34.37594000,s,m,
1526386971.0609,1.00000000,31.43768000,b,m,
1526245380.4532,1.00000000,1599.67800000,s,l,
1526289762.0436,1.00000000,30.01011000,b,l,
1526467469.6272,1.00120000,33.88636000,b,l,
1526122509.5515,1.00070000,1381.53400000,b,l,
1526433806.1236,1.00000000,0.00161764,s,l,
1526442706.1314,1.00060000,32.91340000,b,l,
1526136670.1895,1.00030000,74.99900023,s,l,
1526346084.1636,1.00000000,30.44544000,b,l,
1526130753.2606,1.00010000,34.32890000,b,l,
1526476856.9937,1.00090000,0.00001988,s,m,
1526232700.9922,1.00030000,34.35657000,b,l,
1526120419.8894,1.00020000,75.00000000,s,m,
1526488376.5273,1.00040000,29.99850000,b,l,
1526150832.0265,1.00050000,783.44072367,s,m,
1526229319.4838,1.00080000,36.09575670,s,l,
1526267905.6973,0.99920000,27.10885329,s,l,
1526248847.0696,1.00060000,34.36489000,b,m,
1526392871.976,1.00010000,379.86100000,b,l,
1526133724.3791,1.00030000,34.32024000,s,l,
1526442705.9921,1.00010000,2500.00000000,b,l,
1526452573.155,1.00130000,75.00000000,b,l,
1526172546.127,1.00030000,34.33411000,b,m,
1526249376.4117,1.00050000,34.37592000,s,m,
1526286003.6187,0.99990000,0.00000157,s,l,
1526491246.7312,1.00010000,29.99790000,s,m,
1526422954.8663,1.00010000,31.43189000,s,l,
1526130753.2465,1.00010000,34.32890000,b,l,
1526172959.4129,1.00060000,34.33483000,b,m,
1526386971.0654,1.00000000,31.43768000,b,m,
1526438957.581,1.00000000,32.91750000,s,l,
1526331061.5287,0.99940000,30.94382000,b,l,
1526130753.2492,1.00010000,34.32890000,b,l,
1526156946.1899,1.00020000,34.32151000,s,m,
1526130755.1544,1.00060000,34.31340000,b,l,
1526433860.6943,1.00010000,75.00000000,b,l,
1526376517.6173,1.00010000,5.00000000,b,m,
1526130759.4636,1.00070000,13076.38900000,b,l,
1526201356.9548,1.00000000,916.01623309,s,m,
1526130762.6159,1.00070000,10566.61297501,b,l,
1526237259.7949,1.00080000,75.00000000,s,l,
1526482674.4967,1.00010000,0.49995001,s,l,
1526433869.4437,1.00000000,549.84322499,s,l,
1526130766.2599,1.00070000,13076.38900000,b,l,
1526144665.3101,1.00060000,14.99910054,b,m,
1526433873.3675,1.00000000,189.02020200,s,l,
1526327378.9982,0.99930000,51.12098985,b,l,
1526327379.0036,0.99930000,0.10203790,b,l,
1526327381.7679,0.99940000,118.86577480,b,l,
1526455889.2505,1.00010000,34.39590000,s,l,
1526125120.9298,0.99980000,214.20536313,s,m,
1526346084.161,1.00000000,30.44544000,b,l,
1526121929.0443,1.00020000,34.31651000,b,l,
1526462128.8575,1.00260000,19.34305321,b,l,
1526327388.6285,0.99940000,75.93233520,b,l,
1526385742.4021,0.99990000,30.94014000,s,m,
1526479888.5342,1.00080000,15.01309000,b,m,
1526417508.6233,1.00020000,75.00000000,s,l,
1526289939.1875,0.99990000,0.11669707,s,m,
1526459409.9362,1.00260000,34.32927000,b,l,
1526291449.646,0.99990000,30.00446000,s,m,
1526231399.6893,1.00010000,0.19698103,s,m,
1526441388.8137,1.00000000,32.91750000,s,l,
1526491246.6353,1.00040000,29.98950000,s,m,
1526318637.9189,0.99970000,30.94241000,b,m,
1526237296.4366,1.00020000,34.36308000,s,l,
1526237296.3996,1.00020000,34.36316000,s,l,
1526138995.6644,1.00070000,553.50737800,b,l,
1526173337.3334,1.00050000,34.33739000,s,l,
1526494910.0785,1.00000000,24.80039920,s,m,
1526460777.929,1.00200000,92.41091463,b,m,
1526190941.6458,1.00020000,865.38997200,s,m,
1526332436.6334,0.99990000,75.00000000,b,l,
1526291449.66,0.99990000,30.00446000,s,m,
1526433915.3546,1.00000000,99.60078174,s,l,
1526456290.9611,0.99960000,75.00000000,b,l,
1526459413.9424,1.00300000,1000.00000000,s,l,
1526139009.1582,1.00070000,248.26938318,b,l,
1526172695.1893,1.00030000,34.33548000,s,l,
1526466692.6727,1.00100000,75.00000000,s,m,
1526433929.1607,1.00000000,58.32950000,s,l,
1526483991.0922,1.00070000,29.97842000,s,m,
1526491246.6973,1.00020000,764.51094781,s,m,
1526505837.22,1.00030000,29.99220000,s,m,
1526488376.7567,1.00080000,2299.62590758,b,l,
1526253713.7632,1.00070000,75.00000000,b,l,
1526311058.854,0.99960000,74.99999542,s,l,
1526456291.1137,0.99990000,30.01651000,b,l,
1526248847.1145,1.00080000,12.39761000,b,m,
1526176809.8302,1.00060000,34.33308000,b,m,
1526231438.3056,1.00030000,34.35386000,b,l,
1526120815.1227,1.00000000,75.00000000,s,l,
1526513186.6,1.00010000,15.00720000,b,m,
1526248144.8303,1.00080000,34.35713000,b,m,
1526335657.6573,0.99960000,30.95093000,s,m,
1526245551.334,1.00000000,560.52855135,s,l,
1526325194.7529,0.99910000,1313.44220934,s,m,
1526319285.0791,0.99950000,30.94434000,s,m,
1526124788.2223,0.99980000,0.59522657,s,m,
1526484294.1182,1.00010000,29.99790000,s,m,
1526443039.2429,1.00360000,0.00000793,b,l,
1526507355.2374,1.00000000,0.00000217,s,m,
1526280879.6941,0.99980000,30.00525000,s,m,
1526467952.5953,1.00140000,34.37931000,b,l,
1526253760.49,1.00070000,75.00000000,s,l,
1526385742.3847,0.99990000,30.94329000,s,m,
1526442706.0818,1.00060000,32.91340000,b,l,
1526496289.5308,1.00010000,75.00000000,s,m,
1526433992.0874,1.00010000,247.26600000,s,l,
1526249323.9171,1.00070000,25.60902000,s,m,
1526367749.924,1.00020000,658.13067387,b,l,
1526484500.6921,1.00050000,29.98441000,s,l,
1526289762.0619,1.00000000,30.00540000,b,l,
1526133724.3766,1.00030000,34.32024000,s,l,
1526301733.8377,1.00000000,31.14990000,b,m,
1526121928.5222,1.00020000,34.31539000,b,l,
1526253782.0607,1.00070000,559.98297792,s,l,
1526243906.8465,1.00000000,0.00114512,s,l,
1526502371.951,1.00070000,0.00000007,s,m,
1526386970.9944,1.00000000,31.43768000,b,m,
1526385742.3725,0.99990000,30.94329000,s,m,
1526232700.9945,1.00030000,34.35657000,b,l,
1526393933.0352,1.00010000,150.29940120,s,m,
1526267667.3705,0.99990000,30.01426000,b,l,
1526443039.2056,1.00300000,0.02187132,b,l,
1526119245.3433,1.00010000,9857.10300000,b,l,
1526438957.5861,1.00000000,32.91750000,s,l,
1526365295.6786,1.00010000,150.00000000,b,l,
1526216753.0015,1.00020000,34.34236000,s,m,
1526491375.5227,1.00040000,66.31518110,b,l,
1526130755.191,1.00060000,34.31340000,b,l,
1526491377.8287,1.00060000,57.63036220,b,l,
1526386970.9972,1.00000000,31.43768000,b,m,
1526248702.2028,1.00040000,34.37076000,s,m,
1526491382.2761,1.00060000,17.36963780,b,l,
1526176809.8172,1.00060000,34.33308000,b,m,
1526435589.5535,1.00020000,32.42121000,b,l,
1526255797.5562,1.00000000,34.36682000,s,l,
1526139131.0923,1.00070000,558.54669320,b,l,
1526491388.6715,1.00050000,74.99897730,b,l,
1526139133.1828,1.00070000,121.92476160,b,l,
1526176691.403,1.00040000,34.33353000,s,l,
1526189351.1192,1.00060000,37.50000000,b,m,
1526327379.0157,0.99930000,30.94291840,b,l,
1526458628.7662,1.00200000,10000.00000000,s,l,
1526237447.5833,1.00040000,75.00000000,s,l,
1526443039.1461,1.00170000,75.00000000,b,l,
1526389804.4597,0.99960000,31.44389000,s,m,
1526442706.1429,1.00060000,32.91340000,b,l,
1526368526.0511,1.00020000,12976.39034730,b,l,
1526438957.5944,1.00000000,32.91750000,s,l,
1526368528.1257,1.00020000,13076.38900000,b,l,
1526368529.8129,1.00020000,13076.38900000,b,l,
1526456291.0109,0.99990000,30.01651000,b,l,
1526124788.217,0.99980000,1915.94595903,s,m,
1526291449.628,0.99990000,30.00446000,s,m,
1526455889.196,1.00020000,34.39590000,s,l,
1526484500.7027,1.00030000,75.00000000,s,l,
1526190941.6088,1.00050000,34.33419000,s,m,
1526467794.684,1.00090000,33.88636000,s,m,
1526267745.3287,0.99980000,12.80506457,s,l,
1526386971.0725,1.00000000,31.43768000,b,m,
1526280879.6555,0.99990000,6320.52600000,s,m,
1526505837.2571,1.00010000,10.00000000,s,m,
1526280879.685,0.99980000,30.00525000,s,m,
1526232795.5652,1.00030000,75.00000000,s,l,
1526133724.3977,1.00030000,34.32024000,s,l,
1526248847.1531,1.00100000,34.34719000,b,m,
1526162725.1317,1.00030000,28.86817510,b,l,
1526373140.4231,1.00010000,127.26807319,s,l,
1526376749.2276,1.00010000,171.02685372,b,l,
1526456504.5596,1.00170000,1863.50244584,b,m,
1526332322.9424,0.99990000,30.94544000,b,l,
1526229747.4104,1.00010000,34.36073000,s,m,
1526139190.846,1.00070000,66.69592000,b,l,
1526488868.765,1.00070000,10.00000000,b,l,
1526176691.3923,1.00050000,34.33071000,s,l,
1526501038.7259,1.00070000,30.00030000,b,m,
1526346203.935,1.00010000,30.94260000,b,l,
1526187571.8152,1.00050000,34.33209000,s,l,
1526136653.8469,1.00050000,34.32177000,s,l,
1526442706.0312,1.00050000,32.91610000,b,l,
1526376772.7004,1.00010000,10.00000000,b,m,
1526491461.7724,1.00050000,59.71744800,b,l,
1526228574.504,1.00010000,0.00000179,s,l,
1526491463.3119,1.00030000,0.00996012,s,l,
1526434120.6657,1.00000000,549.84329640,s,l,
1526252610.3445,1.00050000,34.34673000,s,l,
1526173337.3567,1.00050000,34.33739000,s,l,
1526418487.9864,1.00020000,0.44547021,s,m,
1526467135.335,1.00050000,32.92630000,s,m,
1526201356.9415,1.00020000,1075.34703059,s,m,
1526386971.0411,1.00000000,31.43768000,b,m,
1526231438.3341,1.00030000,34.35522000,b,l,
1526331061.5265,0.99940000,30.94382000,b,l,
1526228922.5393,1.00190000,0.01572907,b,m,
1526434140.7076,1.00000000,67.57058800,s,l,
1526385742.3606,0.99990000,30.94329000,s,m,
1526491246.7811,1.00000000,29.99850000,s,m,
1526306100.7703,0.99980000,75.00000000,b,l,
1526318637.8976,0.99970000,30.94241000,b,m,
1526459409.9214,1.00200000,1249.87501250,b,l,
1526130755.1519,1.00060000,34.31340000,b,l,
1526282499.3555,0.99990000,0.01190793,s,m,
1526434152.445,1.00000000,168.57816800,s,l,
1526455889.1726,1.00020000,34.39590000,s,l,
1526156946.1756,1.00030000,0.00081013,s,m,
1526491246.6809,1.00040000,29.98950000,s,m,
1526455889.3069,1.00010000,2500.00000000,s,l,
1526442706.1479,1.00100000,1.99077779,b,l,
1526162725.1469,1.00030000,34.33383000,b,l,
1526484294.1105,1.00010000,29.99790000,s,m,
1526139254.6885,1.00070000,271.65575120,b,l,
1526130753.2246,0.99990000,1121.47273009,b,l,
1526130755.132,1.00060000,34.31340000,b,l,
1526139257.6619,1.00070000,250.03710000,b,l,
1526249376.4141,1.00050000,34.37592000,s,m,
1526335868.7983,0.99950000,16.19686521,s,m,
1526139261.5402,1.00070000,160.73469660,b,l,
1526268073.2122,0.99980000,75.00000000,b,l,
1526139263.99,1.00070000,133.35232000,b,l,
1526216753.0545,1.00010000,1249.87500891,s,m,
1526288921.3348,0.99990000,24.95021892,s,l,
1526335879.5719,0.99960000,30.94153000,b,l,
1526456504.5373,1.00060000,519.64365852,b,m,
1526385742.3507,0.99990000,30.94329000,s,m,
1526438957.5835,1.00000000,32.91750000,s,l,
1526267758.9421,0.99990000,30.00210000,s,l,
1526360465.7079,1.00010000,537.19255604,b,l,
1526386970.9779,1.00000000,31.43768000,b,m,
1526125120.9537,0.99970000,34.31874000,s,m,
1526252610.326,1.00080000,75.00000000,s,l,
1526174297.4874,1.00050000,34.33388000,b,m,
1526318637.9074,0.99970000,30.94241000,b,m,
1526346084.1855,1.00000000,30.94151000,b,l,
1526385742.3458,0.99990000,30.94198000,s,m,
1526484507.5172,1.00000000,251.93600000,s,l,
1526488376.5405,1.00070000,29.98441000,b,l,
1526455889.2662,1.00010000,34.39590000,s,l,
1526477345.488,1.00040000,972.92033285,s,m,
1526414150.8222,1.00020000,1191.49100000,b,l,
1526385742.9484,0.99950000,30.94271000,s,m,
1526286065.1613,0.99980000,30.00525000,s,m,
1526407580.3492,1.00010000,443.38400000,b,l,
1526122924.4522,1.00070000,6648.34610000,b,l,
1526482674.5015,1.00000000,136969.12902953,s,l,
1526249376.4049,1.00050000,34.37594000,s,m,
1526237296.3969,1.00020000,34.36316000,s,l,
1526137801.7272,1.00050000,34.32229000,b,m,
1526319285.0367,0.99950000,30.94434000,s,m,
1526327733.1318,0.99920000,75.00000000,s,l,
1526327735.2515,0.99910000,715.74686564,s,l,
1526231455.6552,1.00020000,75.00000000,s,l,
1526327741.6052,0.99930000,19.44705450,b,l,
1526459412.4384,1.00300000,4080.11666273,s,l,
1526335935.6274,0.99930000,67.08044300,s,l,
1526231438.3011,1.00030000,34.35386000,b,l,
1526409668.7784,1.00020000,1602.65300000,b,l,
1526309720.3392,0.99940000,30.94091000,b,m,
1526467258.0331,1.00100000,33.88585000,b,m,
1526327751.1892,0.99930000,55.55294550,b,l,
1526409672.0874,1.00020000,13076.38900000,b,l,
1526409673.1584,1.00020000,13076.38900000,b,l,
1526344138.0582,0.99970000,0.00796112,s,m,
1526409675.2378,1.00020000,13076.38900000,b,l,
1526346203.9374,1.00010000,30.94260000,b,l,
1526409678.6331,1.00020000,13076.38900000,b,l,
1526393933.0434,1.00010000,0.00059880,s,m,
1526409680.9403,1.00020000,13076.38900000,b,l,
1526409683.2419,1.00020000,30.00750000,b,l,
1526385742.3629,0.99990000,30.94329000,s,m,
1526305349.3566,0.99910000,18233.61187054,s,m,
1526476871.4027,1.00110000,29.96823000,s,m,
1526124788.1872,1.00000000,34.32210000,s,m,
1526435589.5131,1.00020000,32.42031000,b,l,
1526215077.1156,1.00040000,34.33974000,b,l,
1526221688.2146,0.99950000,1.00000000,b,m,
1526130755.0796,1.00060000,34.31340000,b,l,
1526121928.512,0.99990000,34.31871000,b,l,
1526203767.5173,1.00060000,34.33592000,b,l,
1526325194.7386,0.99910000,3994.42306401,s,m,
1526491246.6522,1.00040000,29.98950000,s,m,
1526469406.7064,1.00150000,34.38594000,s,l,
1526426706.097,1.00000000,31.43668000,s,l,
1526491246.7757,1.00000000,29.99910000,s,m,
1526473128.5054,1.00110000,34.38109000,s,m,
1526456291.0332,0.99990000,30.01651000,b,l,
1526228922.3998,1.00070000,31.66512955,b,m,
1526443039.1676,1.00200000,99.80039920,b,l,
1526355710.7318,1.00010000,100.00000000,b,m,
1526455889.1917,1.00020000,34.39590000,s,l,
1526172546.1708,1.00050000,0.11608441,b,m,
1526139386.2869,1.00070000,337.50256095,b,l,
1526391866.4029,1.00000000,565.10361118,b,l,
1526438957.5128,1.00010000,32.91750000,s,l,
1526422954.923,1.00010000,1418.12500000,s,l,
1526487648.3513,1.00040000,29.99850000,b,m,
1526156946.1394,1.00040000,34.32180000,s,m,
1526443039.3135,1.00490000,305.00000000,b,l,
1526245893.1511,1.00000000,34.35769000,s,l,
1526289762.1066,1.00000000,30.00540000,b,l,
1526363905.1264,1.00000000,77.98612455,s,l,
1526221320.3067,0.99950000,75.00000000,s,m,
1526120876.3454,0.99990000,34.31569000,b,l,
1526409668.3344,1.00020000,977.54700000,b,l,
1526139403.7726,1.00070000,299.99239978,b,l,
1526344138.0639,0.99970000,30.94262000,s,m,
1526139405.6809,1.00070000,94.25512460,b,l,
1526444805.6672,1.00080000,927.00000000,s,l,
1526228922.3924,1.00060000,34.34362000,b,m,
1526407598.2905,1.00010000,1263.74700000,b,l,
1526172546.1759,1.00050000,20.00000000,b,m,
1526286873.7927,1.00000000,25.00000000,b,l,
1526488376.7543,1.00080000,2301.73300046,b,l,
1526475291.4653,1.00100000,5.00000000,b,m,
1526174903.7587,1.00070000,16467.91915659,b,m,
1526501038.7304,1.00070000,30.00030000,b,m,
1526172192.5039,1.00020000,559.78003927,s,l,
1526473600.4873,1.00110000,0.00000004,s,m,
1526443099.6789,1.00310000,5.13400000,s,l,
1526455889.2915,1.00010000,34.39590000,s,l,
1526435589.5687,1.00020000,302.57729192,b,l,
1526385742.3926,0.99990000,30.94284000,s,m,
1526125120.9761,0.99960000,34.32262000,s,m,
1526172204.4312,1.00020000,101.79600000,s,l,
1526438957.5888,1.00000000,32.91750000,s,l,
1526172546.1597,1.00050000,3.71104877,b,m,
1526134187.4516,1.00060000,34.32342000,b,l,
1526131936.1191,1.00050000,34.34275000,s,m,
1526443039.2883,1.00450000,168.46674134,b,l,
1526422954.8892,1.00010000,31.43153000,s,l,
1526286904.9097,1.00000000,558.53913560,b,l,
1526228922.335,1.00060000,34.34362000,b,m,
1526213727.9848,1.00030000,68.41802460,s,m,
1526463508.1479,1.00160000,11.41453674,s,m,
1526467135.3271,1.00050000,32.92630000,s,m,
1526131265.309,1.00060000,835.25619502,b,l,
1526228922.5033,1.00100000,20.00000000,b,m,
1526131267.0377,1.00070000,13076.38900000,b,l,
1526131268.5679,1.00070000,13076.38900000,b,l,
1526434373.1247,1.00020000,31.43693000,b,l,
1526237767.8701,1.00030000,75.00000000,s,l,
1526306100.7742,0.99990000,75.00000000,b,l,
1526434378.5298,1.00000000,550.36979685,s,l,
1526243906.7316,1.00010000,75.00000000,s,l,
1526224653.4023,0.99990000,34.34608000,b,l,
1526441388.8246,1.00000000,32.91750000,s,l,
1526286003.6108,0.99990000,197.65968064,s,l,
1526254163.7464,1.00030000,411.41684450,s,l,
1526252146.673,1.00080000,34.36823000,b,m,
1526133724.408,1.00030000,34.32024000,s,l,
1526444687.7085,1.00110000,1996.00000000,s,l,
1526259433.6799,1.00000000,13076.38900000,b,l,
1526286943.3865,1.00000000,29.59933769,b,l,
1526255154.9408,1.00020000,12517.82800000,s,m,
1526491973.8365,1.00000000,51.59681586,s,m,
1526386971.051,1.00000000,31.43768000,b,m,
1526289762.0714,1.00000000,30.00540000,b,l,
1526318637.9026,0.99970000,30.94241000,b,m,
1526317571.3131,0.99910000,10.19000918,s,m,
1526221320.3132,0.99950000,75.00000000,s,m,
1526237296.4612,1.00020000,34.36308000,s,l,
1526327923.0441,0.99930000,25.75454580,b,l,
1526173337.3796,1.00030000,34.33483000,s,l,
1526337172.6547,0.99990000,30.94191000,b,l,
1526232700.9637,1.00030000,34.35657000,b,l,
1526352508.8115,1.00010000,112.00000000,b,m,
1526438957.5009,1.00020000,32.90965000,s,l,
1526488376.7497,1.00080000,29.99730000,b,l,
1526139522.3002,1.00070000,555.68678169,b,l,
1526249376.4187,1.00030000,34.36489000,s,m,
1526130753.2319,1.00010000,34.32890000,b,l,
1526224662.5385,0.99990000,34.34638000,s,l,
1526432226.8062,1.00000000,0.00777326,b,l,
1526398861.7485,1.00000000,34980.00000001,s,m,
1526442634.1413,1.00000000,10367.37658652,b,l,
1526298391.7716,0.99970000,30.01711000,s,l,
1526252611.9001,1.00050000,7.78820000,s,l,
1526254163.7414,1.00030000,29.99040000,s,l,
1526464329.0355,1.00060000,0.14363174,s,m,
1526488376.5571,1.00070000,29.98441000,b,l,
1526442706.0771,1.00060000,32.91340000,b,l,
1526456291.0596,0.99990000,30.01651000,b,l,
1526248847.1318,1.00100000,34.34719000,b,m,
1526435589.5428,1.00020000,32.42031000,b,l,
1526139547.9712,1.00070000,46.08123418,b,l,
1526255797.561,1.00000000,34.36715000,s,l,
1526282010.8517,0.99990000,75.00000000,b,l,
1526367749.8988,1.00010000,577.89681891,b,l,
1526455889.147,1.00020000,34.39590000,s,l,
1526491808.2146,1.00030000,75.00000000,s,l,
1526365296.641,1.00000000,359.59200000,s,l,
1526204187.7019,1.00050000,75.00000000,b,l,
1526477025.8084,1.00080000,75.00000000,s,m,
1526139557.2318,1.00070000,185.90217870,b,l,
1526237862.4672,1.00030000,850.00000000,b,m,
1526476721.3888,1.00150000,29.96823000,b,l,
1526476512.1602,1.00060000,4.99001996,s,m,
1526442706.0174,1.00050000,32.91610000,b,l,
1526131373.0219,1.00070000,439.24100000,b,l,
1526513186.6233,1.00070000,29.99760000,b,m,
1526130753.2833,1.00010000,34.32890000,b,l,
1526295225.2343,0.99960000,75.00000000,s,m,
1526467258.0275,1.00100000,33.88585000,b,m,
1526513186.6146,1.00070000,29.99220000,b,m,
1526280879.7011,0.99980000,30.00525000,s,m,
1526467794.6769,1.00120000,34.38004000,s,m,
1526422954.8786,1.00010000,31.43453000,s,l,
1526444728.7053,1.00050000,0.01968884,s,m,
1526246223.4498,1.00020000,34.36447000,b,l,
1526488376.7449,1.00080000,29.99730000,b,l,
1526476879.273,1.00080000,0.00000004,s,m,
1526153180.1154,1.00050000,3000.00000000,b,m,
1526438144.3354,1.00030000,73405.26194266,b,l,
1526319823.5828,0.99940000,50.00000000,b,l,
1526434512.5993,1.00000000,500.00000000,s,l,
1526442705.9782,1.00010000,0.99990002,b,l,
1526442706.0256,1.00050000,32.91610000,b,l,
1526130753.2387,1.00010000,34.32890000,b,l,
1526121928.8744,1.00020000,34.31569000,b,l,
1526467794.6565,1.00120000,34.38004000,s,m,
1526133719.1144,1.00070000,555.34559000,b,l,
1526516441.0597,1.00010000,0.02355345,s,m,
1526442714.5552,1.00100000,34.39109000,s,l,
1526268367.3408,0.99980000,9.35739574,s,l,
1526140266.3166,1.00070000,196.92799425,b,l,
1526232869.9383,1.00060000,75.00000000,b,l,
1526329808.8513,0.99930000,75.00000000,b,l,
1526513186.6275,1.00070000,29.99760000,b,m,
1526221539.032,0.99930000,1.00000000,b,m,
1526267667.3491,0.99970000,0.00178000,b,l,
1526124788.2073,0.99980000,34.32210000,s,m,
1526441388.8159,1.00000000,32.91750000,s,l,
1526438957.6048,1.00000000,32.91750000,s,l,
1526385742.3532,0.99990000,30.94329000,s,m,
1526455889.2686,1.00010000,34.39590000,s,l,
1526139629.0637,1.00070000,554.51789380,b,l,
1526252611.9151,1.00050000,34.34703000,s,l,
1526139631.7604,1.00070000,121.69237500,b,l,
1526386971.0303,1.00000000,31.43768000,b,m,
1526232872.3419,1.00070000,3.00000000,b,l,
1526139634.1897,1.00070000,63.93275000,b,l,
1526229747.377,1.00060000,2.00000000,s,m,
1526287094.518,0.99990000,0.00000316,s,m,
1526435589.5316,1.00020000,32.42031000,b,l,
1526189351.1269,1.00070000,962.50000000,b,m,
1526267876.8947,1.00020000,393.51400000,b,l,
1526418171.7866,1.00030000,20.14834379,b,l,
1526332760.2887,0.99990000,75.00000000,b,m,
1526229757.0195,1.00080000,34.35329000,s,l,
1526229759.373,1.00080000,34.35329000,s,l,
1526229760.5317,1.00080000,6.29342000,s,l,
1526139650.1736,1.00070000,69.92557000,b,l,
1526268894.2315,1.00000000,30.00540000,b,l,
1526317527.1783,0.99940000,0.00010091,s,m,
1526367749.917,1.00010000,54.33441854,b,l,
1526308752.4187,0.99920000,0.04980060,s,l,
1526228922.3668,1.00060000,34.34362000,b,m,
1526442706.1496,1.00100000,0.00238607,b,l,
1526176899.6507,1.00070000,437.90400000,b,l,
1526500116.4007,1.00000000,50.46000000,s,m,
1526291449.6341,0.99990000,30.00446000,s,m,
1526455889.2548,1.00010000,34.39590000,s,l,
1526255797.5516,1.00000000,34.36683000,s,l,
1526501038.779,1.00070000,29.98441000,b,m,
1526245893.1412,1.00000000,34.35769000,s,l,
1526484500.6967,1.00050000,29.98441000,s,l,
1526252146.6987,1.00080000,34.36823000,b,m,
1526398861.7379,1.00010000,379.86100000,s,m,
1526455889.1799,1.00020000,34.39590000,s,l,
1526346203.8651,1.00010000,30.00825000,b,l,
1526386591.1806,0.99970000,75.00000000,s,m,
1526434373.1189,1.00020000,31.43373000,b,l,
1526231438.2687,1.00030000,28.05987000,b,l,
1526176809.7715,1.00050000,34.33308000,b,m,
1526190941.618,1.00050000,34.33360000,s,m,
1526309364.4536,0.99920000,30.94113000,s,m,
1526477345.4557,1.00040000,29.98860000,s,m,
1526299784.3019,1.00000000,12926.38900000,b,l,
1526241768.5084,1.00010000,50.00000000,s,l,
1526386971.0462,1.00000000,31.43768000,b,m,
1526491956.845,0.99990000,4289.16132938,s,m,
1526266515.8132,0.99970000,40.96872774,b,l,
1526151353.8174,1.00050000,34.32587000,s,l,
1526377272.3229,1.00000000,5617.52441319,s,l,
1526501038.8038,1.00080000,198.87424239,b,m,
1526424052.3797,1.00000000,14.09176000,s,l,
1526132571.0132,1.00050000,34.32119000,b,l,
1526187571.8129,1.00050000,34.33209000,s,l,
1526246208.2062,1.00010000,75.00000000,b,l,
1526176691.4115,1.00040000,34.33353000,s,l,
1526442706.1245,1.00060000,32.91340000,b,l,
1526476871.4153,1.00100000,7721.28156741,s,m,
1526491973.8498,1.00000000,0.00019649,s,m,
1526445029.7705,1.00460000,13000.00000000,b,l,
1526432226.8182,1.00000000,0.00012577,b,l,
1526120419.9262,0.99980000,7307.90768617,s,m,
1526246223.4584,1.00020000,34.36447000,b,l,
1526477345.4035,1.00080000,75.00000000,s,m,
1526469173.8534,1.00150000,34.38109000,b,m,
1526443039.2394,1.00360000,1.99202393,b,l,
1526270806.3693,0.99990000,1.51098682,s,l,
1526508377.7622,1.00000000,3.56438696,s,m,
1526228922.4633,1.00070000,34.33419000,b,m,
1526390908.5172,0.99970000,3.68746456,s,m,
1526426706.0873,1.00000000,31.43669000,s,l,
1526230160.9878,1.00010000,25.19419000,s,l,
1526229315.3427,1.00080000,5.00000000,s,l,
1526332322.911,0.99990000,30.94549000,b,l,
1526230161.0387,1.00010000,34.36073000,s,l,
1526456291.0284,0.99990000,30.01651000,b,l,
1526467794.6652,1.00120000,34.38004000,s,m,
1526133724.3948,1.00030000,34.32024000,s,l,
1526476721.3536,1.00150000,29.96823000,b,l,
1526476856.9956,1.00090000,0.00000004,s,m,
1526289135.4978,1.00000000,26.02200000,b,m,
1526176691.4181,1.00040000,34.33353000,s,l,
1526156946.2147,1.00010000,1121.47273009,s,m,
1526484294.1236,1.00010000,29.99730000,s,m,
1526221688.2348,1.00010000,30.02372000,b,m,
1526252146.6685,1.00080000,34.36823000,b,m,
1526482910.5814,1.00080000,29.98681000,b,m,
1526172546.1371,1.00030000,34.33411000,b,m,
1526369155.2368,1.00020000,114844.82223555,b,m,
1526229893.995,1.00020000,3.00000000,s,m,
1526229894.0008,1.00020000,146.70059880,s,m,
1526482910.5665,1.00080000,29.98681000,b,m,
1526287241.2027,1.00000000,2908.02340000,b,l,
1526488376.5298,1.00070000,8.59542000,b,l,
1526232615.3611,1.00010000,1776.08456056,s,m,
1526467469.6346,1.00130000,33.86568000,b,l,
1526139790.5803,1.00070000,275.93688010,b,l,
1526231438.2989,1.00030000,34.35386000,b,l,
1526127618.721,0.99900000,11935.26780624,s,m,
1526231340.8052,1.00010000,34.36073000,s,l,
1526464329.0214,1.00150000,34.39108000,s,m,
1526462974.9137,1.00190000,0.30824950,s,m,
1526374047.1538,1.00000000,190.50000000,s,m,
1526164634.8153,1.00020000,24.87948240,s,l,
1526311838.0393,0.99960000,74.99969923,b,l,
1526467489.8392,1.00140000,75.00000000,b,l,
1526455889.2,1.00020000,34.39590000,s,l,
1526477345.4857,1.00040000,29.98771000,s,m,
1526319285.0416,0.99950000,30.94434000,s,m,
1526203831.7882,1.00060000,1249.87500891,b,l,
1526385742.3001,1.00000000,30.93768000,s,m,
1526120419.8867,1.00020000,75.00000000,s,m,
1526277342.5883,0.99990000,1347.26958115,s,l,
1526289762.0597,1.00000000,30.00540000,b,l,
1526216753.0216,1.00020000,34.34327000,s,m,
1526268208.3281,0.99980000,30.00750000,s,l,
1526130755.1615,1.00060000,34.31340000,b,l,
1526475697.2434,1.00080000,5.00000000,s,m,
1526432226.8024,1.00000000,1951.09780439,b,l,
1526248847.1972,1.00200000,0.00340478,b,m,
1526309364.4731,0.99920000,30.94113000,s,m,
1526475706.5734,1.00080000,0.00001988,s,m,
1526323615.04,0.99930000,75.00000000,b,l,
1526158910.9808,1.00030000,34.33383000,b,l,
1526168065.9203,1.00010000,34.33363000,s,m,
1526215077.1178,1.00040000,34.33974000,b,l,
1526231438.2862,1.00030000,34.35329000,b,l,
1526156946.2124,1.00010000,6600.00000000,s,m,
1526216753.0351,1.00020000,34.33757000,s,m,
1526168065.9492,1.00010000,34.33391000,s,m,
1526455936.4771,0.99990000,2600.00000000,s,m,
1526516441.0577,1.00010000,11.92571016,s,m,
1526456291.0482,0.99990000,30.01651000,b,l,
1526346203.8936,1.00010000,30.00240000,b,l,
1526386971.0203,1.00000000,31.43768000,b,m,
1526232701.0019,1.00030000,34.35711000,b,l,
1526484294.0972,1.00010000,29.99730000,s,m,
1526289759.604,1.00000000,30.00540000,b,l,
1526505530.7183,1.00050000,29.98426000,s,l,
1526346084.1877,1.00000000,30.94151000,b,l,
1526229747.4418,1.00010000,0.00000002,s,m,
1526419634.7095,1.00020000,386.27461348,b,l,
1526392871.9829,1.00010000,735.43000000,b,l,
1526172635.339,1.00030000,34.33548000,s,m,
1526124788.1723,1.00000000,34.32210000,s,m,
1526335657.6643,0.99930000,30.94610000,s,m,
1526426706.1379,1.00000000,31.43673000,s,l,
1526123491.8012,1.00040000,0.01792821,s,m,
1526467952.5999,1.00150000,3.88803000,b,l,
1526173337.3739,1.00030000,34.33498000,s,l,
1526203767.4926,1.00060000,34.33592000,b,l,
1526476721.3472,1.00100000,19.07860000,b,l,
1526172648.7199,1.00030000,11.50596322,s,l,
1526491246.7194,1.00010000,29.99790000,s,m,
1526172650.5019,1.00030000,4.65712644,s,l,
1526469406.6929,1.00150000,34.38594000,s,l,
1526458369.1455,1.00180000,33.90580000,b,l,
1526224565.9052,0.99980000,23.28000000,b,m,
1526491246.6667,1.00040000,29.98950000,s,m,
1526204685.787,1.00020000,1.62253837,s,m,
1526355749.902,1.00010000,6.35704000,b,l,
1526229747.4401,1.00010000,0.00001315,s,m,
1526443039.2902,1.00450000,95.12178884,b,l,
1526443039.1716,1.00200000,0.00039760,b,l,
1526289762.0362,1.00000000,30.01011000,b,l,
1526398861.7446,1.00010000,0.49995000,s,m,
1526291449.6626,0.99990000,30.00287000,s,m,
1526130753.2579,1.00010000,34.32890000,b,l,
1526327405.9712,0.99930000,30.94347000,s,l,
1526229747.4198,1.00010000,34.36073000,s,m,
1526459409.9423,1.00280000,34.32085000,b,l,
1526317571.3111,0.99910000,5153.75654364,s,m,
1526443039.2093,1.00300000,0.00000009,b,l,
1526248702.1684,1.00050000,75.00000000,s,m,
1526459414.941,1.00300000,1000.00000000,s,l,
1526483991.2083,1.00050000,0.00000028,s,m,
1526459416.097,1.00300000,1000.00000000,s,l,
1526459417.7046,1.00300000,1000.00000000,s,l,
1526459418.9054,1.00300000,1000.00000000,s,l,
1526318637.8927,0.99970000,30.94241000,b,m,
1526459421.5029,1.00300000,109.54439750,s,l,
1526151353.7877,1.00050000,34.32563000,s,l,
1526443039.2266,1.00340000,0.00204330,b,l,
1526424215.0424,1.00010000,96.02824717,s,l,
1526232712.3501,1.00010000,0.00014769,s,m,
1526507355.2293,1.00000000,273.45309382,s,m,
1526230161.0434,1.00010000,34.36073000,s,l,
1526231558.3781,1.00020000,0.00008594,s,m,
1526385742.4196,0.99990000,30.94284000,s,m,
1526232701.0162,1.00030000,34.35711000,b,l,
1526434373.1,1.00020000,31.43338000,b,l,
1526252610.3385,1.00050000,34.34673000,s,l,
1526125120.9971,0.99940000,14089.75967780,s,m,
1526352940.8308,1.00000000,0.00009656,s,m,
1526289762.0507,1.00000000,30.01011000,b,l,
1526501038.7864,1.00070000,29.98441000,b,m,
1526130755.1496,1.00060000,34.31340000,b,l,
1526172546.1737,1.00050000,10.00000000,b,m,
1526414151.4031,1.00030000,2593.29648263,b,l,
1526422954.9312,1.00010000,714.71362863,s,l,
1526418487.9797,1.00020000,226.03452979,s,m,
1526267667.3613,0.99990000,30.01426000,b,l,
1526460777.9394,1.00200000,92.41091463,b,m,
1526130755.2025,1.00060000,34.32890000,b,l,
1526172959.4153,1.00060000,34.33483000,b,m,
1526443070.2908,1.00320000,163.50420000,b,l,
1526455889.3362,1.00000000,4999.50004999,s,l,
1526228832.4677,1.00030000,1297.66227318,b,m,
1526246467.4566,1.00020000,75.00000000,b,l,
1526130753.2439,1.00010000,34.32890000,b,l,
1526176809.8417,1.00060000,34.33308000,b,m,
1526312008.9321,0.99990000,41.41907280,b,l,
1526245893.1811,1.00000000,34.35866000,s,l,
1526139980.3741,1.00070000,63.43508000,b,l,
1526393933.0412,1.00010000,0.29999880,s,m,
1526385742.388,0.99990000,30.94329000,s,m,
1526441388.8181,1.00000000,32.91750000,s,l,
1526426706.0789,1.00000000,31.43669000,s,l,
1526385742.9321,0.99980000,30.94336000,s,m,
1526508630.86,1.00010000,29.99760000,s,m,
1526245380.3019,1.00000000,5005.01000000,s,l,
1526396075.8699,1.00010000,1196.11100000,b,m,
1526148187.5846,1.00050000,5006.49600000,s,l,
1526148188.0371,1.00050000,3783.78800000,s,l,
1526213727.9749,1.00040000,75.00000000,s,m,
1526426706.0466,1.00000000,31.43668000,s,l,
1526467489.8481,1.00150000,34.33363000,b,l,
1526469173.8334,1.00150000,34.38004000,b,m,
1526455889.1771,1.00020000,34.39590000,s,l,
1526187571.8058,1.00050000,34.33209000,s,l,
1526508652.3028,1.00010000,29.99760000,b,l,
1526221688.1944,0.99930000,75.00000000,b,m,
1526385742.3751,0.99990000,30.94329000,s,m,
1526305940.9601,0.99920000,75.00000000,s,l,
1526491246.6723,1.00040000,29.98950000,s,m,
1526435703.4994,1.00020000,1401.28864596,b,l,
1526248847.1559,1.00100000,34.34719000,b,m,
1526455889.1417,1.00030000,34.39258000,s,l,
1526232700.981,1.00030000,34.35657000,b,l,
1526391866.4064,1.00010000,183072.40598404,b,l,
1526131936.1237,1.00050000,34.34275000,s,m,
1526477345.4134,1.00080000,75.00000000,s,m,
1526176691.4354,1.00040000,34.33289000,s,l,
1526386970.9373,0.99990000,2499.50004999,b,m,
1526249323.8887,1.00070000,34.37594000,s,m,
1526305349.3495,0.99940000,30.44533000,s,m,
1526432226.8207,1.00000000,0.00000025,b,l,
1526508679.6405,1.00010000,29.99760000,b,l,
1526491246.8118,0.99990000,1938.46278498,s,m,
1526392685.6314,1.00000000,0.00000010,s,m,
1526230160.9989,1.00010000,34.36073000,s,l,
1526230161.029,1.00010000,34.36073000,s,l,
1526488376.5521,1.00070000,29.98441000,b,l,
1526248847.1584,1.00100000,34.34719000,b,m,
1526385742.3261,0.99990000,30.94198000,s,m,
1526312086.7726,0.99980000,75.00000000,b,l,
1526508695.7064,1.00010000,15.00480000,b,l,
1526203767.5026,1.00060000,34.33592000,b,l,
1526422724.6025,1.00020000,1143.34011258,b,m,
1526164634.813,1.00020000,75.00000000,s,l,
1526317527.1766,0.99940000,0.05055302,s,m,
1526255797.541,1.00010000,770.31611148,s,l,
1526476720.6437,1.00100000,29.98860000,b,l,
1526182676.1748,1.00060000,34.33221000,b,m,
1526267673.082,1.00000000,7610.00014713,b,l,
1526231580.2323,1.00020000,328.29200000,s,l,
1526273672.5528,1.00000000,13076.38900000,b,l,
1526175252.6918,1.00060000,174.40054782,b,m,
1526135507.6197,1.00060000,74.99904020,b,l,
1526161949.907,1.00020000,74.99555740,b,l,
1526172546.1576,1.00050000,1859.23543678,b,m,
1526508724.2042,1.00010000,29.99760000,b,l,
1526246223.4226,1.00020000,1634.47940000,b,l,
1526335657.6388,0.99960000,30.95093000,s,m,
1526484294.0949,1.00010000,29.99730000,s,m,
1526172635.3256,1.00040000,75.00000000,s,m,
1526438957.5458,1.00010000,32.91750000,s,l,
1526422954.8758,1.00010000,31.43453000,s,l,
1526346203.9147,1.00010000,30.00240000,b,l,
1526501038.4887,1.00010000,30.00240000,b,m,
1526505837.2433,1.00030000,3495.55038082,s,m,
1526477345.4483,1.00050000,29.98441000,s,m,
1526484677.9694,1.00020000,0.00008032,s,m,
1526253760.4997,1.00060000,0.00024751,s,l,
1526455889.3206,1.00010000,1249.50004999,s,l,
1526467794.6866,1.00090000,33.88636000,s,m,
1526121928.5414,1.00020000,30.71707000,b,l,
1526245893.1719,1.00000000,34.36042000,s,l,
1526172546.2089,1.00060000,771.97721160,b,m,
1526417508.6289,1.00020000,231.16401532,s,l,
1526335868.8028,0.99950000,0.00000572,s,m,
1526312154.2636,0.99950000,11.59174962,s,l,
1526151353.8342,1.00050000,34.32540000,s,l,
1526392685.6163,1.00000000,11.97604790,s,m,
1526136653.8497,1.00040000,0.00044256,s,l,
1526332322.862,0.99960000,30.94415000,b,l,
1526131936.1305,1.00050000,34.34275000,s,m,
1526344930.9604,0.99990000,1274.59342627,b,l,
1526390590.9371,0.99980000,3925.00000000,b,m,
1526441388.7954,1.00000000,6.24796348,s,l,
1526443239.5028,1.00310000,203.20960000,b,m,
1526140137.4272,1.00070000,82.83331946,b,l,
1526120999.111,0.99990000,34.31661000,b,l,
1526267673.0848,1.00000000,30.01125000,b,l,
1526467794.6677,1.00120000,34.38004000,s,m,
1526289762.1114,1.00000000,30.00540000,b,l,
1526222065.2728,0.99940000,34.34579000,s,m,
1526216753.0468,1.00010000,34.33608000,s,m,
1526248702.1525,1.00060000,75.00000000,s,m,
1526452777.657,1.00150000,75.00000000,s,l,
1526435589.4612,1.00020000,31.43693000,b,l,
1526473897.2525,1.00110000,0.00000004,s,m,
1526515360.7609,1.00080000,37.50000000,b,l,
1526386970.9732,1.00000000,31.43768000,b,m,
1526140117.0367,1.00070000,556.76828644,b,l,
1526365295.9413,1.00000000,533.95800000,s,l,
1526327168.713,0.99910000,7.36742970,s,m,
1526328578.4035,0.99910000,2165.49147007,s,m,
1526174297.4974,1.00050000,34.33388000,b,m,
1526426706.0898,1.00000000,31.43669000,s,l,
1526473128.4873,1.00130000,34.34569000,s,m,
1526469173.8558,1.00150000,34.38109000,b,m,
1526295225.2457,0.99960000,32.54339538,s,m,
1526252610.5922,1.00050000,34.34673000,s,l,
1526315657.9165,0.99970000,30.93994000,s,l,
1526501038.6898,1.00020000,29.99940000,b,m,
1526467135.3451,1.00050000,32.92630000,s,m,
1526386971.1003,1.00000000,31.43768000,b,m,
1526123795.8699,1.00030000,10102.93940000,s,l,
1526207935.3399,1.00040000,0.00000016,s,m,
1526455889.1513,1.00020000,34.39590000,s,l,
1526483991.2027,1.00050000,35.67181637,s,m,
1526467794.6724,1.00120000,34.38004000,s,m,
1526252146.7365,1.00170000,13464.88459619,b,m,
1526172959.3967,1.00060000,34.33498000,b,m,
1526268894.2339,1.00000000,30.00540000,b,l,
1526455889.296,1.00010000,34.39738000,s,l,
1526344994.2478,0.99990000,862.71442774,b,l,
1526443039.2477,1.00370000,13076.38900000,b,l,
1526309720.3177,0.99940000,30.94091000,b,m,
1526176809.8042,1.00060000,34.33308000,b,m,
1526228922.3812,1.00060000,34.34362000,b,m,
1526298503.4358,0.99970000,15.05133000,s,l,
1526488629.3224,1.00080000,14.07723821,b,l,
1526230161.034,1.00010000,34.36073000,s,l,
1526442706.0144,1.00050000,32.91610000,b,l,
1526254114.381,1.00030000,7463.12662500,s,l,
1526204685.7756,1.00020000,34.34081000,s,m,
1526228922.3407,1.00060000,34.34362000,b,m,
1526332760.2921,1.00000000,844.06730000,b,m,
1526443039.2792,1.00400000,0.00007157,b,l,
1526151353.8151,1.00050000,34.32587000,s,l,
1526501038.8169,1.00110000,29.97752000,b,m,
1526267673.0872,1.00000000,30.01125000,b,l,
1526312252.2954,0.99970000,50.46453936,b,m,
1526304061.6437,0.99990000,40.42566257,s,l,
1526309957.887,0.99940000,2.51037924,s,m,
1526469173.865,1.00190000,34.32706000,b,m,
1526131936.1214,1.00050000,34.34275000,s,m,
1526442706.1012,1.00060000,32.91340000,b,l,
1526484294.1265,1.00010000,29.99730000,s,m,
1526134187.4569,1.00060000,34.32342000,b,l,
1526467469.6298,1.00130000,6.06213000,b,l,
1526435589.4545,1.00020000,31.43693000,b,l,
1526229319.4808,1.00080000,45.28980010,s,l,
1526455889.2464,1.00010000,34.39590000,s,l,
1526344930.9531,0.99980000,75.00000000,b,l,
1526373140.4313,1.00010000,4569.00000000,s,l,
1526140239.4647,1.00070000,136.85541225,b,l,
1526426706.0705,1.00000000,31.43669000,s,l,
1526120419.9213,0.99980000,34.31940000,s,m,
1526232700.9415,1.00030000,11.17183000,b,l,
1526140287.5457,1.00050000,12.82090550,s,m,
1526123491.803,1.00040000,0.00003579,s,m,
1526476721.3975,1.00180000,9188.05073670,b,l,
1526491246.6549,1.00040000,29.98950000,s,m,
1526345049.1823,1.00000000,10385.95300000,b,l,
1526228922.3234,1.00060000,34.34362000,b,m,
1526513186.6517,1.00110000,6346.12256788,b,m,
1526318637.9166,0.99970000,30.94241000,b,m,
1526335657.6734,0.99920000,123.93538615,s,m,
1526426706.0845,1.00000000,31.43669000,s,l,
1526451556.3866,1.00230000,34.39298000,s,l,
1526140261.2934,1.00070000,196.92814092,b,l,
1526254951.0195,1.00040000,29.98950000,b,l,
1526121929.0534,1.00030000,34.31818000,b,l,
1526304106.1823,0.99980000,18.41344135,s,l,
1526443239.5074,1.00320000,129.79040000,b,m,
1526304108.8991,0.99980000,18.41528306,s,l,
1526156946.2223,1.00010000,344.63181747,s,m,
1526476721.3513,1.00100000,29.98860000,b,l,
1526467952.5927,1.00140000,34.37931000,b,l,
1526164849.2411,1.00050000,181.60038930,b,l,
1526221688.2172,0.99950000,1.00000000,b,m,
1526484294.1381,1.00010000,29.99730000,s,m,
1526467952.6094,1.00150000,26.00584000,b,l,
1526228922.3754,1.00060000,34.34362000,b,m,
1526254968.0918,1.00040000,29.98950000,b,l,
1526484500.7094,1.00000000,1127.90918000,s,l,
1526254972.8039,1.00040000,29.98950000,b,l,
1526140287.5399,1.00060000,75.00000000,s,m,
1526125120.9319,0.99980000,227.99300000,s,m,
1526435203.2865,1.00000000,550.36979914,s,l,
1526125121.013,0.99930000,34.32262000,s,m,
1526229315.3449,1.00080000,29.71019990,s,l,
1526140300.9295,1.00070000,56.74878300,b,l,
1526243906.8419,1.00000000,287.42514971,s,l,
1526438957.5154,1.00010000,32.91750000,s,l,
1526467952.6046,1.00150000,34.33363000,b,l,
1526140304.6661,1.00070000,58.66112565,b,l,
1526207549.6652,1.00060000,34.33608000,b,m,
1526254995.1247,1.00040000,29.98950000,b,l,
1526435221.3383,1.00000000,19.42108000,s,l,
1526391541.7398,0.99990000,31.44107000,b,l,
1526435224.0566,1.00000000,19.42108000,s,l,
1526377881.1428,1.00000000,128.39380980,s,l,
1526123930.1397,1.00060000,0.00351800,b,l,
1526422954.9095,1.00010000,31.43163000,s,l,
1526123932.8286,1.00070000,13076.38900000,b,l,
1526435229.8045,1.00000000,19.42108000,s,l,
1526255006.025,1.00040000,29.98950000,b,l,
1526361503.4986,1.00010000,127.26807319,b,m,
1526123936.3167,1.00070000,13076.38900000,b,l,
1526176691.4667,1.00020000,6.26576000,s,l,
1526426706.051,1.00000000,31.43668000,s,l,
1526216753.0443,1.00020000,545.41581683,s,m,
1526248847.1179,1.00080000,34.35723000,b,m,
1526385742.288,1.00000000,30.94154000,s,m,
1526222065.264,0.99990000,75.00000000,s,m,
1526304169.1719,0.99980000,13.42509596,s,l,
1526237296.4587,1.00020000,34.36308000,s,l,
1526344138.0771,0.99970000,0.00000002,s,m,
1526215488.599,1.00060000,34.33832000,b,m,
1526120419.9189,0.99980000,34.31940000,s,m,
1526249376.3905,1.00070000,34.37594000,s,m,
1526456291.0405,0.99990000,30.01651000,b,l,
1526467135.314,1.00050000,32.87384000,s,m,
1526172546.1812,1.00050000,60.00000000,b,m,
1526255028.5588,1.00040000,15.02100000,b,l,
1526319285.0761,0.99950000,30.94434000,s,m,
1526435255.3343,1.00000000,99.67280000,s,l,
1526435257.7748,1.00000000,99.67280000,s,l,
1526291449.7231,0.99970000,30.00825000,s,m,
1526491246.7372,1.00010000,29.99790000,s,m,
1526369155.2253,1.00010000,37.50000001,b,m,
1526238653.8939,1.00030000,34.35608000,b,l,
1526248847.1688,1.00100000,34.34719000,b,m,
1526280879.6988,0.99980000,30.00525000,s,m,
1526442706.0613,1.00060000,32.90965000,b,l,
1526249376.3876,1.00070000,34.37594000,s,m,
1526228922.4946,1.00100000,142.71457086,b,m,
1526206577.1074,1.00060000,34.33608000,b,m,
1526237296.4065,1.00020000,34.36308000,s,l,
1526346203.8983,1.00010000,30.00240000,b,l,
1526435278.4329,1.00000000,119.70759117,s,l,
1526385742.9541,0.99950000,32711.66870008,s,m,
1526442706.1201,1.00060000,32.91340000,b,l,
1526347283.4768,1.00000000,1095.40260640,s,l,
1526254114.2593,1.00040000,34.36680000,s,l,
1526172546.2299,1.00060000,4941.49150510,b,m,
1526391541.743,0.99990000,1275.00252499,b,l,
1526135509.8984,1.00070000,109.31806950,b,l,
1526435291.1446,1.00000000,135.50425395,s,m,
1526124788.1467,1.00000000,34.32210000,s,m,
1526369757.4269,1.00020000,7.00000000,b,m,
1526298533.1185,0.99970000,0.08555000,s,l,
1526121942.6326,1.00050000,57.84087500,b,l,
1526297809.4151,0.99970000,30.01711000,b,m,
1526309364.4565,0.99920000,30.94113000,s,m,
1526488376.5454,1.00070000,29.98441000,b,l,
1526491246.7115,1.00010000,29.99790000,s,m,
1526433806.1122,1.00010000,1683.15803779,s,l,
1526438957.5734,1.00010000,4999.00009998,s,l,
1526455889.2894,1.00010000,34.39590000,s,l,
1526459409.9316,1.00210000,236.60702000,b,l,
1526513186.6489,1.00090000,29.98426000,b,m,
1526254114.2492,1.00050000,75.00000000,s,l,
1526122409.7984,1.00070000,560.87308884,b,m,
1526410744.3299,1.00020000,815.50800000,b,l,
1526496289.5671,0.99990000,5.97792848,s,m,
1526492668.3519,1.00010000,10.00000000,b,l,
1526487648.3453,1.00040000,29.99850000,b,m,
1526441172.6485,1.00050000,75.00000000,s,l,
1526373140.4035,1.00010000,2885.19223077,s,l,
1526289762.0768,1.00000000,30.00540000,b,l,
1526306000.412,0.99980000,30.93823000,b,l,
1526296707.4177,0.99970000,75.00000000,s,m,
1526493783.9801,1.00030000,75.00000000,b,l,
1526215077.1107,1.00040000,34.33974000,b,l,
1526438957.6074,1.00000000,32.91750000,s,l,
1526267876.8311,0.99970000,75.00000000,b,l,
1526435346.0941,1.00000000,119.70758627,s,l,
1526435347.6332,1.00000000,119.70758627,s,l,
1526484500.7058,1.00020000,75.00000000,s,l,
1526465723.4191,1.00080000,33.85813000,s,l,
1526442706.0477,1.00050000,32.91610000,b,l,
1526174297.5676,1.00050000,34.33388000,b,m,
1526484505.3004,1.00000000,1488.50400000,s,l,
1526484507.5117,1.00010000,75.00000000,s,l,
1526482923.6868,1.00010000,265.83642843,s,m,
1526435358.808,1.00000000,112.49623892,s,l,
1526435361.5689,1.00000000,112.49623892,s,l,
1526443039.1614,1.00200000,0.00003976,b,l,
1526229747.436,1.00010000,9.15555334,s,m,
1526130609.7873,0.99990000,34.32901000,b,l,
1526125120.9379,0.99980000,2215.75099006,s,m,
1526331061.531,0.99940000,30.94382000,b,l,
1526124788.1923,1.00000000,34.32210000,s,m,
1526296112.407,0.99970000,75.00000000,s,m,
1526172546.1686,1.00050000,96.88391559,b,m,
1526255154.9431,1.00010000,959.36777702,s,m,
1526151353.7967,1.00050000,34.32563000,s,l,
1526386971.0227,1.00000000,31.43768000,b,m,
1526422954.8636,1.00010000,31.43237000,s,l,
1526130612.2396,0.99980000,3.96975383,s,m,
1526137801.7339,1.00060000,39.48568247,b,m,
1526353468.2503,1.00010000,13.47279793,b,l,
1526515360.7668,1.00100000,243.58502595,b,l,
1526368181.073,1.00010000,0.04980060,s,m,
1526229747.4059,1.00010000,34.36073000,s,m,
1526486097.0755,1.00040000,75.00000000,b,l,
1526305349.299,0.99990000,75.00000000,s,m,
1526223457.7399,0.99960000,41.46213295,b,l,
1526482910.5688,1.00080000,29.98681000,b,m,
1526482674.5052,1.00000000,0.19676303,s,l,
1526441388.8312,1.00000000,32.90935000,s,l,
1526470921.4677,1.00200000,5.00000000,s,l,
1526267685.9191,1.00020000,13076.38900000,b,l,
1526482489.4838,1.00040000,29.98681000,s,m,
1526505837.2457,1.00030000,75.00000000,s,m,
1526228922.4607,1.00070000,34.33419000,b,m,
1526438957.61,1.00000000,32.91750000,s,l,
1526203767.52,1.00060000,34.33592000,b,l,
1526125121.024,0.99930000,34.32262000,s,m,
1526482910.5787,1.00080000,29.98681000,b,m,
1526255154.9138,1.00040000,14.96850000,s,m,
1526309364.4812,0.99920000,517.99298285,s,m,
1526238978.6759,1.00020000,0.02992813,s,m,
1526291145.6964,1.00010000,6691.38900000,b,l,
1526307512.8492,0.99990000,75.00000000,b,l,
1526482910.564,1.00080000,29.98681000,b,m,
1526318637.8728,0.99940000,75.00000000,b,m,
1526121942.6524,1.00060000,74.78756345,b,l,
1526176809.8445,1.00060000,34.33308000,b,m,
1526123795.8673,1.00040000,75.00000000,s,l,
1526173337.354,1.00050000,34.33739000,s,l,
1526473128.4608,1.00160000,75.00000000,s,m,
1526232700.9787,1.00030000,34.35657000,b,l,
1526291449.6806,0.99990000,30.00446000,s,m,
1526123930.1424,1.00060000,42.00000000,b,l,
1526140543.9479,1.00060000,75.00000000,b,m,
1526130755.1772,1.00060000,34.31340000,b,l,
1526508630.8786,1.00000000,0.00000007,s,m,
1526406616.3704,1.00000000,4.11383495,s,m,
1526469173.8455,1.00150000,34.38131000,b,m,
1526133724.3892,1.00030000,34.32024000,s,l,
1526252610.6172,1.00050000,26.55883000,s,l,
1526215077.1613,1.00050000,495.82690723,b,l,
1526252146.6777,1.00080000,34.36823000,b,m,
1526455889.2076,1.00020000,34.39590000,s,l,
1526361744.8687,1.00010000,22.55674639,b,l,
1526156946.2051,1.00010000,34.32335000,s,m,
1526442706.0863,1.00060000,32.91340000,b,l,
1526337172.6383,0.99990000,30.94191000,b,l,
1526125120.9691,0.99960000,34.32262000,s,m,
1526173337.3712,1.00030000,34.33548000,s,l,
1526317527.1491,0.99950000,30.94192000,s,m,
1526255797.5634,1.00000000,34.36715000,s,l,
1526346203.8795,1.00010000,30.00240000,b,l,
1526455889.1237,1.00050000,34.39258000,s,l,
1526215488.5946,1.00060000,34.33802000,b,m,
1526424610.3518,1.00000000,0.00000002,s,m,
1526279843.6521,1.00000000,13076.38900000,b,l,
1526279844.7329,1.00000000,13076.38900000,b,l,
1526513186.634,1.00070000,29.99760000,b,m,
1526291147.6184,1.00010000,13076.38900000,b,l,
1526309720.2975,0.99940000,30.94091000,b,m,
1526484652.2222,1.00040000,20.00000000,b,m,
1526252146.7041,1.00080000,34.36823000,b,m,
1526501038.7371,1.00070000,30.00030000,b,m,
1526144285.4217,1.00050000,7.48438661,s,l,
1526424538.686,1.00010000,89.19794600,s,l,
1526386970.9234,0.99970000,31.43744000,b,m,
1526266254.4765,0.99980000,34.36671000,s,l,
1526443039.2531,1.00390000,50.00000000,b,l,
1526216752.9808,1.00020000,34.34236000,s,m,
1526335657.6365,0.99960000,30.95093000,s,m,
1526291449.6368,0.99990000,30.00446000,s,m,
1526172959.3943,1.00060000,34.33498000,b,m,
1526280879.7035,0.99980000,9759.47629741,s,m,
1526252611.9239,1.00040000,29.98741000,s,l,
1526165184.1605,1.00030000,75.00000000,s,l,
1526455889.0952,1.00160000,34.36508000,s,l,
1526443039.3047,1.00470000,10000.00000000,b,l,
1526484677.824,1.00020000,20.15968064,s,m,
1526475706.5714,1.00080000,0.00996012,s,m,
1526394569.7233,1.00020000,2090.00000000,b,m,
1526443039.1596,1.00200000,0.01992024,b,l,
1526344994.2411,0.99990000,75.00000000,b,l,
1526513186.6103,1.00030000,29.99910000,b,m,
1526385742.3678,0.99990000,30.94329000,s,m,
1526510563.4574,1.00000000,8158.18807341,s,m,
1526309364.4589,0.99920000,30.94113000,s,m,
1526331573.678,0.99930000,47.79115600,b,l,
1526121928.86,1.00020000,3.59832000,b,l,
1526121081.6598,0.99980000,34.31825000,b,l,
1526255320.6408,1.00030000,8.57467901,s,m,
1526432226.8163,1.00000000,0.06300919,b,l,
1526228922.3208,1.00060000,34.34362000,b,m,
1526476512.196,1.00060000,0.00000004,s,m,
1526438957.525,1.00010000,32.91750000,s,l,
1526130753.2855,1.00010000,34.32890000,b,l,
1526246223.4656,1.00020000,34.36447000,b,l,
1526443752.8533,1.00270000,75.00000000,s,l,
1526513186.6426,1.00080000,1941.95704106,b,m,
1526443754.1122,1.00260000,75.00000000,s,l,
1526305349.3398,0.99940000,30.01711000,s,m,
1526216753.0193,1.00020000,34.34327000,s,m,
1526476526.4864,1.00060000,4.99001996,s,m,
1526469173.8509,1.00150000,34.38109000,b,m,
1526243260.6737,1.00000000,1896.05788423,s,m,
1526228922.4152,1.00070000,34.32799000,b,m,
1526214388.1174,1.00020000,34.33459000,s,l,
1526248062.6789,1.00030000,2066.18049575,b,l,
1526435589.4523,1.00020000,31.43693000,b,l,
1526433806.1253,1.00000000,0.00000323,s,l,
1526435589.5629,1.00020000,32.91276000,b,l,
1526442706.1292,1.00060000,32.91340000,b,l,
1526309720.3027,0.99940000,30.94091000,b,m,
1526386970.935,0.99990000,2136.48106071,b,m,
1526491246.6182,1.00080000,75.00000000,s,m,
1526361856.0354,1.00000000,12.00000000,s,m,
1526501038.746,1.00070000,30.00030000,b,m,
1526394628.0359,1.00020000,10.00000000,b,m,
1526435589.4876,1.00020000,31.43693000,b,l,
1526466692.6691,1.00100000,75.00000000,s,m,
1526277357.6227,0.99990000,1652.11369535,s,l,
1526473128.4953,1.00110000,34.38131000,s,m,
1526361868.0754,1.00010000,18.64387148,b,l,
1526469406.6835,1.00150000,34.38594000,s,l,
1526385742.2905,1.00000000,30.94154000,s,m,
1526214417.0583,1.00020000,34.33450000,s,m,
1526385742.3654,0.99990000,30.94329000,s,m,
1526291449.6654,0.99990000,30.00287000,s,m,
1526455889.1098,1.00070000,433.65574098,s,l,
1526484294.0857,1.00050000,29.98441000,s,m,
1526443039.1538,1.00190000,34.37129000,b,l,
1526467794.6701,1.00120000,34.38004000,s,m,
1526484294.1501,1.00000000,1.98623687,s,m,
1526252146.6801,1.00080000,34.36823000,b,m,
1526280879.6718,0.99980000,30.00525000,s,m,
1526501038.8083,1.00100000,2499.50007981,b,m,
1526130755.2121,1.00070000,3178.23121220,b,l,
1526228922.4041,1.00070000,0.00006660,b,m,
1526319285.0264,0.99970000,75.00000000,s,m,
1526176809.7683,1.00050000,34.33308000,b,m,
1526444728.7016,1.00050000,30897.89405477,s,m,
1526386971.0486,1.00000000,31.43768000,b,m,
1526482910.6019,1.00080000,29.98681000,b,m,
1526151353.7764,1.00050000,34.32525000,s,l,
1526501038.8244,1.00110000,29.97752000,b,m,
1526228922.4121,1.00070000,34.32799000,b,m,
1526130756.2866,1.00070000,13076.38900000,b,l,
1526441388.8268,1.00000000,32.91750000,s,l,
1526271812.3247,0.99990000,472.90268518,s,l,
1526443039.2375,1.00360000,998.00399202,b,l,
1526221320.32,0.99910000,2799.65272218,s,m,
1526386507.5781,0.99970000,75.00000000,s,m,
1526124788.1334,1.00000000,34.32210000,s,m,
1526245893.1585,1.00000000,34.35769000,s,l,
1526477345.4604,1.00040000,29.98681000,s,m,
1526488376.5477,1.00070000,29.98441000,b,l,
1526385742.3999,0.99990000,30.94282000,s,m,
1526228922.4732,1.00070000,960.77382695,b,m,
1526252146.728,1.00080000,34.36420000,b,m,
1526473128.5076,1.00110000,34.38109000,s,m,
1526331573.683,0.99930000,75.00000000,b,l,
1526493017.5854,1.00010000,20.00240000,b,l,
1526132570.994,1.00050000,34.32119000,b,l,
1526132571.0077,1.00050000,34.32119000,b,l,
1526214492.2314,1.00020000,39.17489709,s,m,
1526455889.136,1.00030000,34.39315000,s,l,
1526289759.6061,1.00000000,30.00540000,b,l,
1526477345.439,1.00050000,29.98441000,s,m,
1526247265.1237,1.00000000,34.36425000,s,l,
1526458369.1371,1.00180000,33.90580000,b,l,
1526309720.3317,0.99940000,30.94091000,b,m,
1526419634.2234,1.00020000,2130.65800000,b,l,
1526484294.0691,1.00060000,75.00000000,s,m,
1526361963.2289,1.00000000,18.70493987,s,l,
1526222700.2143,0.99970000,40.59510795,b,l,
1526156946.2242,1.00010000,344.13186748,s,m,
1526476721.3835,1.00150000,29.96823000,b,l,
1526247282.6351,1.00020000,34.36682000,b,l,
1526246223.4774,1.00020000,34.36447000,b,l,
1526252146.7256,1.00080000,34.36420000,b,m,
1526332322.9187,0.99990000,30.94549000,b,l,
