time,price,volume,buy_or_sell,market_or_limit,misc
1526579200.3767,1.00000000,548.63992288,s,l,
1526267905.6944,0.99930000,30.02101000,s,l,
1526443039.1697,1.00200000,0.19920240,b,l,
1526289762.1158,1.00000000,30.00540000,b,l,
1526267905.6973,0.99920000,27.10885329,s,l,
1526337172.645,0.99990000,30.94191000,b,l,
1526530061.5109,1.00000000,20.00000000,b,m,
1526267918.2552,0.99930000,27.07263388,s,l,
1526131373.0491,1.00070000,1362.42500000,b,l,
1526267921.6136,0.99930000,54.14054722,s,l,
1526510563.4574,1.00000000,8158.18807341,s,m,
1526521519.1483,1.00070000,29.99490000,b,m,
1526642094.8951,0.99910000,470.47897320,b,l,
1526594867.2839,1.00060000,29.99550000,b,l,
1526663857.7415,1.00030000,75.00000000,s,l,
1526125120.9559,0.99970000,34.31874000,s,m,
1526473953.1773,1.00090000,34.37931000,s,l,
1526125120.9667,0.99960000,34.32262000,s,m,
1526252610.6,1.00050000,34.34673000,s,l,
1526172546.1544,1.00030000,34.33411000,b,m,
1526521593.6816,1.00000000,0.00001736,s,m,
1526579255.576,1.00010000,75.00000000,s,l,
1526601926.723,1.00010000,30.14906000,s,l,
1526267963.7635,0.99940000,42.91400000,s,l,
1526332760.2921,1.00000000,844.06730000,b,m,
1526486097.0865,1.00070000,29.98441000,b,l,
1526267970.4874,0.99940000,32.08599988,s,l,
1526300740.5168,0.99990000,19.10978000,b,m,
1526399045.6585,1.00000000,21380.86741327,s,m,
1526168065.9292,1.00010000,34.33391000,s,m,
1526289762.0338,1.00000000,30.01011000,b,l,
1526267918.2508,0.99930000,30.02101000,s,l,
1526267990.5586,0.99940000,75.00000000,s,l,
1526295225.2343,0.99960000,75.00000000,s,m,
1526267993.8999,0.99930000,30.02001016,s,l,
1526267997.1954,0.99930000,30.02101000,s,l,
1526268000.566,0.99930000,8.15644255,s,l,
1526125121.0196,0.99930000,34.32262000,s,m,
1526140287.5432,1.00050000,8410.17909450,s,m,
1526268005.7771,0.99920000,194.31502114,s,l,
1526333542.8643,1.00000000,14.93460000,b,m,
1526267921.61,0.99930000,2.94837612,s,l,
1526289767.386,1.00010000,10356.93324971,b,l,
1526577306.7198,1.00060000,29.99250000,b,m,
1526268019.5303,0.99920000,194.16224730,s,l,
1526386971.107,1.00000000,31.43768000,b,m,
1526268027.2433,0.99930000,74.99996540,s,l,
1526582137.3689,1.00030000,29.99640000,b,m,
1526228922.4607,1.00070000,34.33419000,b,m,
1526202501.3127,1.00010000,35.09333319,s,l,
1526317190.7683,0.99990000,30.94007000,b,m,
1526174297.573,1.00050000,34.33388000,b,m,
1526483991.2047,1.00050000,0.07120123,s,m,
1526588087.9547,1.00000000,0.03984048,s,m,
1526300814.8712,0.99980000,0.00000024,s,m,
1526127618.723,0.99900000,23.57883561,s,m,
1526456291.0548,0.99990000,30.01651000,b,l,
1526248847.1046,1.00060000,34.36474000,b,m,
1526317527.1783,0.99940000,0.00010091,s,m,
1526255797.5366,1.00030000,75.00000000,s,l,
1526349981.6705,1.00000000,26.06922742,s,m,
1526455889.161,1.00020000,34.39590000,s,l,
1526309957.8815,0.99940000,30.94230000,s,m,
1526268065.9433,0.99930000,75.00000000,s,l,
1526251683.0707,1.00050000,34.35266000,b,l,
1526644281.7121,0.99980000,31.58499000,b,l,
1526595752.1849,1.00030000,74.93651905,s,l,
1526268073.2062,0.99940000,30.02342000,b,l,
1526595754.9859,1.00020000,13.55711267,s,l,
1526517974.8721,1.00080000,75.00000000,s,m,
1526431926.1259,1.00000000,575.61600000,b,l,
1526669433.9852,1.00080000,29.98681000,b,m,
1526268091.9826,0.99980000,13076.38900000,b,l,
1526332107.7304,0.99950000,30.94536000,b,l,
1526595775.8937,1.00020000,30.11579477,s,l,
1526251712.7379,1.00050000,6.29433000,b,l,
1526473953.1662,1.00110000,34.37247000,s,l,
1526613217.3033,0.99950000,30.02309894,b,l,
1526268099.946,0.99950000,16.85495944,s,l,
1526595781.174,1.00000000,119.52010411,s,l,
1526268102.6107,0.99950000,16.88966493,s,l,
1526661319.2789,1.00010000,75.00000000,s,l,
1526121928.5222,1.00020000,34.31539000,b,l,
1526575864.086,1.00030000,0.00003939,s,l,
1526456291.1091,0.99990000,30.01651000,b,l,
1526268114.424,0.99970000,75.00000000,b,l,
1526121928.5389,1.00020000,34.31539000,b,l,
1526595799.991,1.00000000,47.41094160,s,l,
1526268120.2355,0.99970000,16.89342076,s,l,
1526268121.8057,1.00020000,13076.38900000,b,l,
1526583222.4324,1.00030000,29.99640000,b,m,
1526467794.7012,1.00040000,0.00000269,s,m,
1526268127.5474,1.00000000,30.01591000,b,l,
1526506255.6565,1.00000000,0.00000001,s,m,
1526631120.3569,0.99910000,75.00000000,b,l,
1526130753.2227,0.99990000,1378.52726991,b,l,
1526438957.5734,1.00010000,4999.00009998,s,l,
1526228922.3924,1.00060000,34.34362000,b,m,
1526442706.0591,1.00050000,32.91582000,b,l,
1526577306.7687,1.00100000,29.97812000,b,m,
1526268147.0439,0.99990000,16.84821666,s,l,
1526268150.0368,0.99990000,16.89905758,s,l,
1526435589.4876,1.00020000,31.43693000,b,l,
1526661370.8715,1.00010000,75.00000000,s,l,
1526579451.668,1.00000000,0.00000002,s,l,
1526661372.329,1.00000000,1022.82800000,s,l,
1526608265.6558,0.99480000,10.31423917,s,m,
1526530303.0495,0.99990000,0.20146135,s,m,
1526670417.4092,1.00050000,75.00000000,s,l,
1526268163.7992,0.99990000,16.84821675,s,l,
1526632076.5143,0.99930000,53.97461327,b,m,
1526268166.8297,0.99990000,16.84821675,s,l,
1526622128.5014,0.99950000,31.98440000,b,l,
1526268171.0244,1.00000000,16.90375760,s,l,
1526268173.536,1.00000000,16.84653182,s,l,
1526268177.4095,1.00000000,16.84653182,s,l,
1526595858.2355,1.00010000,0.00001988,s,l,
1526627036.5934,0.99980000,1551.15754684,b,l,
1526455889.2915,1.00010000,34.39590000,s,l,
1526516441.0597,1.00010000,0.02355345,s,m,
1526277357.6227,0.99990000,1652.11369535,s,l,
1526655322.8264,0.99980000,30.02192000,b,l,
1526670417.4736,1.00010000,32.51762000,s,l,
1526268199.6612,1.00000000,16.93012713,s,l,
1526543591.8912,1.00090000,29.97243000,s,l,
1526216753.0148,1.00020000,34.34327000,s,m,
1526291449.6482,0.99990000,30.00446000,s,m,
1526190941.6272,1.00050000,34.33358000,s,m,
1526501038.7169,1.00070000,30.00030000,b,m,
1526268207.3211,0.99980000,9.37348032,s,l,
1526268208.3231,0.99980000,20.63401968,s,l,
1526134152.337,1.00050000,18.75000000,b,l,
1526268210.5724,0.99980000,7.47399998,s,l,
1526229747.4336,1.00010000,34.36073000,s,m,
1526268214.663,0.99980000,703.79100000,s,l,
1526268215.1371,0.99980000,561.14518467,s,l,
1526501038.7603,1.00070000,30.00030000,b,m,
1526665563.9305,1.00040000,2324.90251777,b,m,
1526268114.4716,1.00010000,30.02101000,b,l,
1526469173.8697,1.00260000,1658.69058493,b,m,
1526268226.4351,0.99980000,561.14513362,s,l,
1526442706.1337,1.00060000,32.91340000,b,l,
1526158910.9679,1.00030000,34.33383000,b,l,
1526595914.8523,1.00000000,1.42380640,s,m,
1526579255.5702,1.00010000,517.45180481,s,l,
1526467135.1791,1.00080000,75.00000000,s,m,
1526232700.9637,1.00030000,34.35657000,b,l,
1526268248.3091,0.99980000,8.10375994,s,l,
1526221688.198,0.99950000,30.02582000,b,m,
1526268250.4458,0.99980000,8.10376000,s,l,
1526248847.1559,1.00100000,34.34719000,b,m,
1526172695.1916,1.00030000,5.41968934,s,l,
1526268253.8856,0.99980000,37.28368327,s,l,
1526426706.0388,1.00000000,31.43312000,s,l,
1526268257.7701,0.99980000,19.22977604,s,l,
1526337172.6684,0.99990000,30.93791400,b,l,
1526268261.2465,0.99980000,202.13932862,s,l,
1526176691.464,1.00040000,34.33159000,s,l,
1526476721.3835,1.00150000,29.96823000,b,l,
1526237296.3937,1.00020000,34.36316000,s,l,
1526120815.134,0.99990000,34.31539000,s,l,
1526477345.4414,1.00050000,29.98441000,s,m,
1526332322.9446,0.99990000,30.94544000,b,l,
1526476721.394,1.00170000,1678.63969165,b,l,
1526216086.6268,1.00060000,75.00000000,b,l,
1526636105.9962,0.99930000,6.88982223,s,m,
1526120839.7711,0.99990000,34.31559000,b,l,
1526643743.3495,0.99890000,30.04627000,b,l,
1526168065.9557,1.00010000,195.56839638,s,m,
1526172959.4153,1.00060000,34.33483000,b,m,
1526125976.0321,0.99980000,1841.45379076,b,l,
1526605155.8612,1.00020000,31.52276000,s,m,
1526300740.5122,0.99990000,10.89022000,b,m,
1526605155.8898,1.00010000,75.16770528,s,m,
1526602188.6346,1.00010000,75.00000000,s,l,
1526231455.6585,1.00020000,75.00000000,s,l,
1526399045.6545,1.00010000,75.00000000,s,m,
1526543591.8783,1.00090000,29.97243000,s,l,
1526543591.9438,1.00070000,29.97842000,s,l,
1526596003.7588,1.00000000,4.82813674,s,m,
1526385742.3606,0.99990000,30.94329000,s,m,
1526577306.7421,1.00060000,713.88521443,b,m,
1526230161.019,1.00010000,34.36073000,s,l,
1526604486.6365,1.00040000,30.15109000,b,l,
1526120876.0742,0.99990000,34.31569000,b,l,
1526455889.196,1.00020000,34.39590000,s,l,
1526120882.2541,0.99990000,34.31590000,b,l,
1526229747.429,1.00010000,34.36073000,s,m,
1526563254.6218,1.00030000,75.00000000,s,l,
1526268894.2315,1.00000000,30.00540000,b,l,
1526612410.6073,0.99940000,74.99198000,b,l,
1526563259.0214,1.00030000,0.01240187,s,m,
1526268349.9547,0.99980000,9.24746788,s,l,
1526306000.4508,1.00000000,12475.43909000,b,l,
1526455889.2548,1.00010000,34.39590000,s,l,
1526287094.5139,0.99990000,0.79514672,s,m,
1526442706.0964,1.00060000,32.91340000,b,l,
1526583222.4382,1.00030000,29.99640000,b,m,
1526120910.3661,0.99990000,34.31600000,b,l,
1526120911.4014,0.99990000,34.31600000,b,l,
1526255595.4327,1.00020000,0.00376481,s,m,
1526268370.3244,0.99980000,9.43063473,s,l,
1526317527.1469,0.99950000,30.94192000,s,m,
1526142372.6203,1.00060000,116.94104400,b,l,
1526657505.1335,0.99980000,1123.97122080,b,l,
1526309364.4785,0.99920000,30.94113000,s,m,
1526432226.8147,1.00000000,31.56760331,b,l,
1526346084.1855,1.00000000,30.94151000,b,l,
1526120937.5629,0.99990000,34.31620000,b,l,
1526507355.2359,1.00000000,0.00108945,s,m,
1526137323.1235,1.00030000,34.32099987,s,l,
1526584023.3679,1.00020000,29.99280000,s,l,
1526455889.2437,1.00010000,34.39590000,s,l,
1526309720.3222,0.99940000,30.94091000,b,m,
1526563316.1099,1.00020000,18.15373850,s,l,
1526229759.373,1.00080000,34.35329000,s,l,
1526120957.1756,0.99990000,34.31630000,b,l,
1526120958.0757,0.99990000,34.31630000,b,l,
1526317571.3111,0.99910000,5153.75654364,s,m,
1526267990.5629,0.99930000,0.00099984,s,l,
1526289762.0384,1.00000000,30.01011000,b,l,
1526435589.5248,1.00020000,32.42031000,b,l,
1526573915.6595,1.00060000,30.50370000,s,m,
1526221688.2121,0.99950000,30.02582000,b,m,
1526120978.5117,0.99990000,34.31651000,b,l,
1526214388.1174,1.00020000,34.33459000,s,l,
1526267993.9109,0.99930000,14.95997972,s,l,
1526608212.7328,0.99520000,10.38544785,s,m,
1526268449.5192,0.99980000,558.98336539,s,l,
1526390875.3462,0.99980000,75.00000000,b,m,
1526120999.111,0.99990000,34.31661000,b,l,
1526268457.2987,0.99980000,176.73035869,s,l,
1526237296.4636,1.00020000,0.28576000,s,l,
1526267997.1978,0.99930000,21.86456745,s,l,
1526629885.6093,0.99960000,75.00000000,s,l,
1526170162.5114,1.00020000,107.98783920,b,l,
1526121012.9943,0.99990000,34.31671000,b,l,
1526268469.1091,0.99990000,75.00000000,b,l,
1526422954.8998,1.00010000,31.43151000,s,l,
1526601926.668,1.00040000,30.15560000,s,l,
1526237296.454,1.00020000,34.36308000,s,l,
1526588087.9379,1.00000000,19.96007984,s,m,
1526228574.5016,1.00010000,0.00089462,s,l,
1526385742.2929,1.00000000,30.94154000,s,m,
1526268000.5688,0.99920000,66.94749057,s,l,
1526221688.2219,1.00010000,34.34395000,b,m,
1526121033.7392,0.99990000,34.31811000,b,l,
1526596172.1858,1.00000000,548.34175672,s,l,
1526432226.8024,1.00000000,1951.09780439,b,l,
1526133722.696,1.00050000,75.00000000,s,l,
1526552219.6293,1.00000000,29.99880000,s,m,
1526640724.2645,0.99950000,31.58754000,s,m,
1526121054.1164,0.99990000,34.31818000,b,l,
1526393933.0352,1.00010000,150.29940120,s,m,
1526309364.4731,0.99920000,30.94113000,s,m,
1526366828.5234,1.00000000,597.18270000,s,m,
1526596206.3381,1.00000000,25322.56288722,s,m,
1526318637.8843,0.99960000,75.00000000,b,m,
1526284912.4343,1.00000000,557.49706452,b,l,
1526252146.6491,1.00060000,29.98741000,b,m,
1526173337.3767,1.00030000,34.33483000,s,l,
1526635932.1954,0.99940000,30.02612000,b,m,
1526337172.6574,0.99990000,30.94191000,b,l,
1526121081.6598,0.99980000,34.31825000,b,l,
1526207935.3363,1.00040000,0.03984048,s,m,
1526614805.8885,0.99990000,40.18965529,b,l,
1526670417.4265,1.00010000,31.57907000,s,l,
1526391541.7376,0.99990000,31.44843000,b,l,
1526473847.3517,1.00110000,0.00000004,s,m,
1526268563.356,0.99990000,25.29871315,s,l,
1526121120.6166,0.99970000,34.31837000,b,l,
1526121121.5261,0.99970000,34.31837000,b,l,
1526447349.8151,1.00270000,75.00000000,s,l,
1526268580.8362,0.99990000,55.59162284,s,l,
1526248847.1109,1.00060000,34.36474000,b,m,
1526332107.7213,0.99940000,30.94457000,b,l,
1526172959.3841,1.00060000,6322.64849490,b,m,
1526517974.8768,1.00070000,29.98051000,s,m,
1526563504.5573,1.00030000,75.00000000,b,l,
1526252212.4329,1.00050000,7784.06582381,s,m,
1526286065.1613,0.99980000,30.00525000,s,m,
1526461430.5114,1.00270000,75.00000000,s,l,
1526608265.6277,0.99490000,10.31036963,s,m,
1526121151.5106,0.99970000,6.36326000,b,l,
1526645443.9991,0.99960000,110.10648330,s,l,
1526613120.1841,0.99870000,30.03845000,s,m,
1526469173.8407,1.00150000,34.38131000,b,m,
1526456291.0261,0.99990000,30.01651000,b,l,
1526467135.2996,1.00050000,32.87384000,s,m,
1526255797.5492,1.00000000,34.36671000,s,l,
1526137801.7318,1.00060000,34.32239000,b,m,
1526219479.9778,1.00000000,9059.03370000,s,m,
1526669434.261,1.00080000,30.65989000,b,m,
1526424610.3518,1.00000000,0.00000002,s,m,
1526645479.9538,0.99960000,547.51771943,s,l,
1526390908.5143,0.99970000,75.00000000,s,m,
1526228832.4767,1.00030000,245.49315205,b,m,
1526216753.0373,1.00020000,34.33757000,s,m,
1526229315.3368,1.00080000,10.00000000,s,l,
1526172959.4082,1.00060000,34.33498000,b,m,
1526435589.4634,1.00020000,31.43693000,b,l,
1526605155.8438,1.00020000,31.52276000,s,m,
1526608265.6176,0.99490000,10.39142990,s,m,
1526168065.9423,1.00010000,34.33391000,s,m,
1526579983.3697,1.00020000,75.00000000,b,m,
1526130753.29,1.00010000,34.32903000,b,l,
1526291449.6391,0.99990000,30.00446000,s,m,
1526455889.2505,1.00010000,34.39590000,s,l,
1526268696.6574,0.99990000,45.28275670,s,l,
1526467794.6606,1.00120000,34.38004000,s,m,
1526252146.7233,1.00080000,34.36420000,b,m,
1526252611.9285,1.00040000,29.98741000,s,l,
1526215488.599,1.00060000,34.33832000,b,m,
1526232795.5706,1.00030000,74.99000159,s,l,
1526670417.4932,1.00010000,32.51762000,s,l,
1526317190.7659,0.99990000,30.94007000,b,m,
1526176809.7854,1.00060000,34.33308000,b,m,
1526190941.6011,1.00050000,34.33419000,s,m,
1526547772.5653,1.00090000,29.98381000,b,m,
1526670417.538,1.00010000,32.51762000,s,l,
1526386971.0932,1.00000000,31.43768000,b,m,
1526248062.672,1.00030000,433.81950425,b,l,
1526491956.845,0.99990000,4289.16132938,s,m,
1526268730.5006,0.99990000,212.34113987,s,l,
1526268734.3378,0.99990000,212.34114004,s,l,
1526416191.5702,1.00010000,551.03365618,s,l,
1526486097.0936,1.00070000,29.98441000,b,l,
1526442706.0908,1.00060000,32.91340000,b,l,
1526644281.6793,0.99930000,0.00000110,b,l,
1526248144.8153,1.00040000,75.00000000,b,m,
1526219600.7232,0.99920000,66.73493795,s,m,
1526377272.3283,1.00000000,11.21262358,s,l,
1526300814.8665,0.99980000,0.05976072,s,m,
1526416214.1946,1.00010000,435.12800000,s,l,
1526178937.5175,1.00050000,34.33209000,s,l,
1526252610.3492,1.00050000,16.40962000,s,l,
1526228922.4781,1.00070000,1629.38755605,b,m,
1526416223.2484,1.00010000,449.32117922,s,l,
1526360174.7069,1.00000000,0.00020278,s,m,
1526268770.8169,0.99990000,77.40388200,s,l,
1526268773.3665,0.99990000,134.14015647,s,l,
1526608212.5725,0.99950000,75.00000000,s,m,
1526268776.7163,0.99990000,56.73627608,s,l,
1526657505.1382,0.99990000,31.58440000,b,l,
1526156946.2147,1.00010000,1121.47273009,s,m,
1526584023.3735,1.00020000,29.99280000,s,l,
1526670417.4607,1.00010000,32.51575000,s,l,
1526501038.6874,1.00010000,30.00240000,b,m,
1526467952.6046,1.00150000,34.33363000,b,l,
1526130753.2833,1.00010000,34.32890000,b,l,
1526595353.5333,1.00020000,18.00324974,s,l,
1526641032.0976,0.99930000,30.08243000,b,l,
1526190941.6225,1.00050000,34.33360000,s,m,
1526482910.5841,1.00080000,29.98681000,b,m,
1526506255.6465,1.00020000,75.00000000,s,m,
1526286065.1722,0.99980000,30.00525000,s,m,
1526605155.9825,0.99900000,5.47433333,s,m,
1526627036.5652,0.99910000,75.00000000,b,l,
1526491973.8498,1.00000000,0.00019649,s,m,
1526170756.1521,1.00020000,194.93959912,b,l,
1526605524.34,0.99850000,1000.00000000,s,m,
1526385742.2832,1.00000000,30.94284000,s,m,
1526604486.7727,1.00110000,29.97782000,b,l,
1526249376.3905,1.00070000,34.37594000,s,m,
1526438957.6022,1.00000000,32.91750000,s,l,
1526349981.6911,1.00000000,0.01037258,s,m,
1526482489.4838,1.00040000,29.98681000,s,m,
1526134187.4595,1.00060000,34.32342000,b,l,
1526396075.8375,1.00010000,462.01400000,b,m,
1526252610.3226,1.00080000,75.00000000,s,l,
1526285243.7691,0.99990000,2.20242051,s,m,
1526604737.0146,1.00200000,0.34262811,b,l,
1526649763.7859,0.99960000,0.26434310,s,m,
1526168065.9589,1.00010000,0.39473954,s,m,
1526215077.141,1.00040000,34.33974000,b,l,
1526456291.0685,0.99990000,30.01651000,b,l,
1526268065.9457,0.99920000,0.00091093,s,l,
1526540742.4186,1.00000000,30.01125000,b,l,
1526137801.7296,1.00050000,34.32229000,b,m,
1526597656.5689,1.00060000,30.14903000,b,m,
1526346203.8711,1.00010000,30.00898000,b,l,
1526563791.946,1.00050000,29.99310000,b,l,
1526305349.3528,0.99930000,1000.00000000,s,m,
1526657505.1121,0.99970000,75.00000000,b,l,
1526246223.482,1.00020000,34.36447000,b,l,
1526124788.2207,0.99980000,298.20850950,s,m,
1526268894.2339,1.00000000,30.00540000,b,l,
1526385742.4196,0.99990000,30.94284000,s,m,
1526203767.4631,1.00030000,434.63665068,b,l,
1526491246.6549,1.00040000,29.98950000,s,m,
1526306000.3968,0.99970000,75.00000000,b,l,
1526469406.6732,1.00150000,34.38594000,s,l,
1526573915.68,1.00030000,29.99160000,s,m,
1526643743.4661,0.99920000,30.04537000,b,l,
1526268073.2036,0.99940000,30.02342000,b,l,
1526613217.2975,0.99930000,75.00000000,b,l,
1526595754.9939,1.00020000,1.01428543,s,l,
1526487648.3484,1.00040000,29.99850000,b,m,
1526443039.1716,1.00200000,0.00039760,b,l,
1526270806.3693,0.99990000,1.51098682,s,l,
1526232615.3664,1.00010000,1392.68730090,s,m,
1526176691.4328,1.00040000,34.33289000,s,l,
1526231154.6321,1.00010000,34.36073000,s,m,
1526132570.9991,1.00050000,34.32119000,b,l,
1526645780.3404,0.99960000,2522.29081411,s,m,
1526474094.1818,1.00060000,0.00001988,s,m,
1526508377.7622,1.00000000,3.56438696,s,m,
1526373140.4202,1.00010000,20.20524273,s,l,
1526318637.9216,0.99970000,30.94278000,b,m,
1526386971.0066,1.00000000,31.43768000,b,m,
1526573915.6828,1.00030000,29.99160000,s,m,
1526219479.9852,1.00000000,393.84080000,s,m,
1526301733.8345,0.99990000,75.00000000,b,m,
1526486097.0889,1.00070000,29.98441000,b,l,
1526132571.0077,1.00050000,34.32119000,b,l,
1526131936.1305,1.00050000,34.34275000,s,m,
1526334510.4474,1.00000000,557.05999000,b,l,
1526426706.0681,1.00000000,31.43669000,s,l,
1526172546.1442,1.00030000,34.33411000,b,m,
1526131373.0219,1.00070000,439.24100000,b,l,
1526465595.2497,1.00100000,10.00000000,b,m,
1526563904.6725,1.00060000,29.99280000,b,m,
1526486097.0707,1.00040000,29.99850000,b,l,
1526252610.6086,1.00050000,34.34673000,s,l,
1526252611.9151,1.00050000,34.34703000,s,l,
1526252613.7114,1.00080000,34.36658000,s,l,
1526252614.5425,1.00080000,34.36658000,s,l,
1526252618.7841,1.00080000,6.26684000,s,l,
1526249323.9121,1.00070000,34.37594000,s,m,
1526346203.912,1.00010000,30.00240000,b,l,
1526385742.9562,0.99950000,52.25506182,s,m,
1526604486.8389,1.00110000,29.97782000,b,l,
1526456504.5572,1.00100000,0.00000004,b,m,
1526602304.3569,0.99950000,75.00000000,s,l,
1526614307.6336,0.99970000,0.00795220,s,m,
1526563946.2667,1.00080000,234.68678614,b,l,
1526289938.5918,0.99990000,30.00446000,s,m,
1526232712.342,1.00020000,34.36316000,s,m,
1526347283.4717,1.00010000,75.00000000,s,l,
1526433806.1219,1.00000000,0.81043892,s,l,
1526337172.6658,0.99990000,30.94191000,b,l,
1526437396.7478,1.00020000,268.28100000,b,l,
1526465658.2705,1.00080000,0.02246884,s,m,
1526595775.8854,1.00020000,29.13632457,s,l,
1526613118.6399,0.99930000,74.99999996,b,l,
1526613120.181,0.99870000,30.03845000,s,m,
1526170756.1575,1.00020000,2386.20048877,b,l,
1526432226.7912,1.00000000,45472.94464170,b,l,
1526563976.2329,1.00100000,29.98051000,b,l,
1526416521.0552,1.00010000,551.03369867,s,l,
1526416522.9412,1.00010000,179.86738712,s,l,
1526613131.5181,0.99930000,0.00021991,b,l,
1526465677.2675,1.00100000,2455.00000000,b,m,
1526488376.7543,1.00080000,2301.73300046,b,l,
1526248847.1261,1.00100000,34.34719000,b,m,
1526247265.1211,1.00000000,34.36425000,s,l,
1526534656.6835,0.99980000,19.20540000,s,m,
1526613145.1135,0.99930000,30.04778000,b,l,
1526662298.0384,1.00020000,74.99962840,b,l,
1526613147.5191,0.99930000,30.04778000,b,l,
1526255797.5516,1.00000000,34.36683000,s,l,
1526595781.1694,1.00020000,0.03323523,s,l,
1526442706.0412,1.00050000,32.91610000,b,l,
1526595353.5565,1.00020000,30.15082000,s,l,
1526125120.9971,0.99940000,14089.75967780,s,m,
1526661319.2823,1.00000000,1528.04300000,s,l,
1526123491.803,1.00040000,0.00003579,s,m,
1526130753.2606,1.00010000,34.32890000,b,l,
1526138034.3396,1.00060000,37.49393912,b,l,
1526604486.683,1.00050000,30.15109000,b,l,
1526373140.4095,1.00010000,1274.59342627,s,l,
1526594672.1572,1.00020000,27.46810000,b,l,
1526335657.634,0.99960000,30.95093000,s,m,
1526465723.4241,1.00050000,32.87384000,s,l,
1526383804.1623,1.00000000,10000.00000000,s,m,
1526267876.8621,1.00000000,75.00000000,b,l,
1526170814.6803,1.00020000,5296.47500000,s,l,
1526640724.3024,0.99920000,31.58721000,s,m,
1526488376.5251,1.00040000,29.99850000,b,l,
1526613120.1925,0.99830000,0.00125348,s,m,
1526246223.4334,1.00020000,34.36447000,b,l,
1526138059.8017,1.00060000,0.00606088,b,l,
1526268065.9387,0.99930000,0.00003460,s,l,
1526221688.2371,1.00030000,514.71625000,b,m,
1526465747.1645,1.00080000,75.00000000,b,l,
1526582137.379,1.00030000,29.99640000,b,m,
1526465755.2302,1.00140000,410.74400000,s,l,
1526534190.8762,0.99980000,30.00525000,s,m,
1526250803.6826,1.00060000,0.00099957,s,l,
1526613217.2935,0.99930000,30.04778000,b,l,
1526577306.7605,1.00100000,29.97542000,b,m,
1526133724.4004,1.00030000,34.32024000,s,l,
1526240806.5898,1.00010000,11.72837326,s,l,
1526130755.1843,1.00060000,34.31340000,b,l,
1526232615.3549,1.00010000,54.64362797,s,m,
1526268114.7025,1.00010000,16.85664589,s,l,
1526215077.1178,1.00040000,34.33974000,b,l,
1526248702.1659,1.00060000,75.00000000,s,m,
1526475706.5752,1.00080000,0.00000004,s,m,
1526453801.5327,1.00160000,75.00000000,b,m,
1526435589.5371,1.00020000,32.42031000,b,l,
1526267878.6286,0.99930000,11.91468062,s,l,
1526605155.8637,1.00020000,31.52276000,s,m,
1526386970.9801,1.00000000,31.43768000,b,m,
1526608265.6848,0.99470000,10.30634627,s,m,
1526176691.458,1.00040000,34.33159000,s,l,
1526329514.1321,0.99930000,75.00000000,b,l,
1526594672.1515,1.00020000,30.14413000,b,l,
1526268119.9576,1.00020000,13076.38900000,b,l,
1526172546.1418,1.00030000,34.33411000,b,m,
1526134187.4378,1.00060000,34.32342000,b,l,
1526280879.6872,0.99980000,30.00525000,s,m,
1526369155.2331,1.00010000,37.50000001,b,m,
1526291449.7231,0.99970000,30.00825000,s,m,
1526455889.2076,1.00020000,34.39590000,s,l,
1526661337.6011,1.00020000,249.37940000,b,l,
1526138139.6774,1.00070000,167.47161600,b,l,
1526252146.728,1.00080000,34.36420000,b,m,
1526252831.8049,1.00060000,58.00000000,s,m,
1526281776.9411,0.99990000,0.00009960,b,l,
1526613282.5556,0.99960000,75.00000000,s,m,
1526670417.5203,1.00010000,32.51762000,s,l,
1526203686.3554,1.00020000,74.99586503,s,l,
1526239524.1381,1.00010000,34.36308000,s,l,
1526176809.8302,1.00060000,34.33308000,b,m,
1526187571.8036,1.00050000,34.33209000,s,l,
1526317571.3023,0.99920000,95.37941050,s,m,
1526162725.1421,1.00030000,34.33383000,b,l,
1526237296.402,1.00020000,34.36316000,s,l,
1526386971.0158,1.00000000,31.43768000,b,m,
1526287241.2027,1.00000000,2908.02340000,b,l,
1526501038.779,1.00070000,29.98441000,b,m,
1526595807.5919,1.00000000,13.52501145,s,l,
1526547772.5721,1.00100000,29.98321000,b,m,
1526491246.7424,1.00010000,2500.00000000,s,m,
1526583222.4002,1.00030000,29.99640000,b,m,
1526632076.523,0.99940000,30.02612000,b,m,
1526442706.1496,1.00100000,0.00238607,b,l,
1526269252.9168,0.99990000,205.92743072,s,l,
1526317527.1766,0.99940000,0.05055302,s,m,
1526488753.7492,1.00090000,4.60129000,b,l,
1526281783.0713,1.00000000,97.97400000,b,l,
1526346203.8882,1.00010000,30.00240000,b,l,
1526441172.6485,1.00050000,75.00000000,s,l,
1526467469.6166,1.00110000,75.00000000,b,l,
1526426706.0994,1.00000000,31.43668000,s,l,
1526351192.8097,1.00000000,15.43252980,s,l,
1526228922.3951,1.00060000,34.34362000,b,m,
1526187571.7925,1.00050000,34.33209000,s,l,
1526564193.2208,1.00100000,2034.07322677,b,l,
1526608212.7227,0.99530000,13.99580125,s,m,
1526317527.1513,0.99950000,30.94192000,s,m,
1526604486.6312,1.00020000,2018.01136392,b,l,
1526573915.688,1.00020000,0.44058256,s,m,
1526214492.2314,1.00020000,39.17489709,s,m,
1526187381.7239,1.00060000,23.31176477,b,l,
1526203767.5126,1.00060000,34.33592000,b,l,
1526174297.4848,1.00050000,34.33388000,b,m,
1526542470.3738,1.00090000,29.98890000,b,m,
1526214417.2398,1.00020000,34.33802000,s,m,
1526594672.1394,1.00020000,29.99940000,b,l,
1526580612.9389,1.00020000,14.52410430,s,l,
1526482910.5524,1.00080000,29.98681000,b,m,
1526121942.6524,1.00060000,74.78756345,b,l,
1526203791.2214,1.00070000,10000.88078539,b,l,
1526605155.8249,1.00020000,31.52276000,s,m,
1526267766.3278,0.99920000,30.00720557,s,l,
1526203809.3617,1.00070000,13076.38900000,b,l,
1526477345.4604,1.00040000,29.98681000,s,m,
1526422954.8604,1.00010000,31.43237000,s,l,
1526203813.4471,1.00070000,13076.38900000,b,l,
1526385742.3532,0.99990000,30.94329000,s,m,
1526400425.5319,1.00010000,30.00000000,b,m,
1526604486.7886,1.00110000,29.97782000,b,l,
1526471367.9647,1.00140000,75.00000000,s,m,
1526165318.6978,1.00020000,0.17863920,s,m,
1526488376.5273,1.00040000,29.99850000,b,l,
1526203831.7835,1.00060000,75.00000000,b,l,
1526214417.247,1.00020000,34.33802000,s,m,
1526643062.9618,0.99910000,30.03679000,b,m,
1526442706.0725,1.00060000,32.91340000,b,l,
1526151353.7713,1.00050000,34.32204000,s,l,
1526467489.8392,1.00140000,75.00000000,b,l,
1526121928.5414,1.00020000,30.71707000,b,l,
1526121929.0606,1.00060000,246.04389000,b,l,
1526203851.4304,1.00070000,13076.38900000,b,l,
1526121932.4173,1.00060000,245.08100000,b,l,
1526121933.1861,1.00060000,46.51154845,b,l,
1526337172.6605,0.99990000,30.94191000,b,l,
1526121942.6326,1.00050000,57.84087500,b,l,
1526583222.4095,1.00030000,29.99640000,b,m,
1526245893.1839,1.00000000,34.35866000,s,l,
1526121947.6223,1.00060000,9.00000000,b,m,
1526124788.217,0.99980000,1915.94595903,s,m,
1526661370.875,1.00010000,789.76400000,s,l,
1526494477.5034,1.00000000,0.03993234,s,m,
1526579451.6561,1.00010000,71.21720688,s,l,
1526252610.5864,1.00050000,34.34673000,s,l,
1526665563.9269,1.00040000,75.00018580,b,m,
1526120419.9164,0.99980000,34.31799000,s,m,
1526386971.1025,1.00000000,31.43768000,b,m,
1526559615.5777,1.00020000,29.97960000,b,l,
1526501038.4794,1.00000000,75.00000000,b,m,
1526530303.0555,0.99990000,0.00000079,s,m,
1526639758.8105,0.99960000,30.02552000,b,m,
1526530303.0515,0.99990000,0.00040212,s,m,
1526629885.6207,0.99920000,31.09410000,s,l,
1526456504.5489,1.00080000,0.49995001,b,m,
1526252611.9041,1.00050000,34.34703000,s,l,
1526443039.1763,1.00210000,1249.50004999,b,l,
1526367749.9198,1.00010000,577.89681891,b,l,
1526491246.6212,1.00080000,75.00000000,s,m,
1526510582.9639,1.00010000,30.00240000,s,l,
1526491246.7922,1.00000000,29.99850000,s,m,
1526531599.6733,0.99990000,14089.75967780,s,l,
1526172959.4037,1.00060000,34.33498000,b,m,
1526629909.8456,0.99890000,75.00000000,b,l,
1526608265.4996,0.99510000,10.34174020,s,m,
1526482923.6773,1.00070000,29.97842000,s,m,
1526277560.4015,0.99990000,1283.37276033,s,l,
1526253084.7542,1.00060000,75.00000000,b,l,
1526627036.5603,0.99910000,2.00962010,b,l,
1526123930.1374,1.00060000,2.08119220,b,l,
1526125120.9877,0.99960000,34.32262000,s,m,
1526585506.3423,1.00000000,0.00000017,s,m,
1526318637.8976,0.99970000,30.94241000,b,m,
1526473128.4849,1.00140000,34.34424000,s,m,
1526187571.8229,1.00050000,12.90456176,s,l,
1526422954.912,1.00010000,31.43163000,s,l,
1526385742.9457,0.99950000,30.94563000,s,m,
1526482489.4922,1.00020000,0.45201605,s,m,
1526277342.5905,0.99990000,0.61672350,s,l,
1526547772.5371,1.00080000,546.89601135,b,m,
1526124788.1273,1.00030000,34.31859000,s,m,
1526347283.4743,1.00000000,2752.86445000,s,l,
1526127618.7143,0.99920000,1841.45379076,s,m,
1526122050.9568,1.00050000,17.75698364,b,l,
1526472971.8224,1.00160000,75.00000000,b,m,
1526384199.6545,1.00000000,0.11991763,s,m,
1526216753.0619,1.00010000,495.32695723,s,m,
1526187600.1452,1.00070000,543.12300000,b,l,
1526187603.2397,1.00070000,338.88200000,b,l,
1526477345.4199,1.00050000,29.98441000,s,m,
1526386971.0748,1.00000000,31.43768000,b,m,
1526475706.5734,1.00080000,0.00001988,s,m,
1526125121.0262,0.99930000,34.32262000,s,m,
1526122085.5059,1.00060000,584.35318301,b,l,
1526190941.6346,1.00040000,34.33403000,s,m,
1526435589.497,1.00020000,32.42035000,b,l,
1526564459.1051,1.00100000,16.86793207,b,l,
1526595858.229,1.00010000,4.99001996,s,l,
1526134187.4401,1.00060000,34.32342000,b,l,
1526670417.5414,1.00010000,32.51762000,s,l,
1526657039.7934,0.99900000,2247.94389389,s,m,
1526266254.4828,0.99980000,458.04501359,s,l,
1526571284.3235,1.00080000,30.50193000,s,l,
1526482910.54,1.00070000,75.00000000,b,m,
1526488753.7446,1.00080000,1075.86650023,b,l,
1526371948.6057,1.00010000,0.00998004,s,m,
1526476707.2396,1.00050000,4.99001996,s,m,
1526187659.9066,1.00070000,411.83100000,b,l,
1526599595.9768,1.00050000,0.00006412,s,l,
1526582137.3554,1.00010000,75.00000000,b,m,
1526488376.5454,1.00070000,29.98441000,b,l,
1526318738.2272,0.99960000,75.00000000,s,m,
1526456291.0978,0.99990000,30.01651000,b,l,
1526187673.8025,1.00070000,587.53522534,b,l,
1526317527.1588,0.99940000,28.42652216,s,m,
1526122140.6811,1.00060000,227.99300000,b,l,
1526515360.7609,1.00080000,37.50000000,b,l,
1526526490.5442,0.99990000,160.99600000,s,l,
1526443039.2232,1.00340000,534.24939065,b,l,
1526332107.726,0.99940000,30.94457000,b,l,
1526222065.2698,0.99940000,34.34579000,s,m,
1526203767.52,1.00060000,34.33592000,b,l,
1526517974.9123,1.00010000,29.99670000,s,m,
1526442706.0524,1.00050000,32.91610000,b,l,
1526646450.0407,0.99970000,926.26000000,b,l,
1526286003.6148,0.99990000,0.39453030,s,l,
1526646454.9865,0.99970000,912.72100000,b,l,
1526231340.8934,1.00010000,1084.78747592,s,l,
1526476691.5473,1.00050000,0.00001988,s,m,
1526220474.495,0.99960000,74.99969940,b,l,
1526280879.6656,0.99980000,30.00525000,s,m,
1526331061.6967,0.99910000,0.00080299,s,m,
1526335170.9564,0.99970000,18.72244817,s,l,
1526613120.1627,0.99890000,75.00000000,s,m,
1526239524.1334,1.00010000,34.36308000,s,l,
1526533068.6061,0.99990000,100.00000000,b,m,
1526631373.1242,0.99930000,75.00000000,s,l,
1526552219.6317,1.00000000,29.99880000,s,m,
1526121928.872,1.00020000,34.31559000,b,l,
1526137801.7272,1.00050000,34.32229000,b,m,
1526467258.0407,1.00100000,33.88585000,b,m,
1526661091.2363,1.00010000,74.99434057,s,l,
1526456290.9979,0.99990000,30.01651000,b,l,
1526442706.1038,1.00060000,32.91340000,b,l,
1526232700.9945,1.00030000,34.35657000,b,l,
1526669434.3484,1.00080000,115.49089346,b,m,
1526232701.0264,1.00070000,5.00000000,b,l,
1526286065.164,0.99980000,30.00525000,s,m,
1526482674.4988,1.00010000,4999.00009998,s,l,
1526248702.1762,1.00040000,34.37061000,s,m,
1526204153.3084,1.00050000,75.00000000,b,l,
1526346084.1833,1.00000000,30.94151000,b,l,
1526386970.9997,1.00000000,31.43768000,b,m,
1526608265.585,0.99500000,10.32437943,s,m,
1526273665.8873,1.00000000,13076.38900000,b,l,
1526577473.4825,1.00020000,29.99250000,s,m,
1526646544.4065,0.99970000,12.00000000,b,m,
1526207549.6751,1.00060000,198.47095080,b,m,
1526291449.7054,0.99990000,13076.38900000,s,m,
1526455889.3056,1.00010000,0.99990002,s,l,
1526245893.1864,1.00000000,34.35866000,s,l,
1526268207.317,1.00000000,7.47305163,s,l,
1526268208.3258,0.99980000,30.00750000,s,l,
1526494477.4943,1.00010000,75.00000000,s,m,
1526172635.336,1.00030000,34.33548000,s,m,
1526602207.9438,1.00000000,30.14481000,s,l,
1526442706.0501,1.00050000,32.91610000,b,l,
1526232712.3482,1.00010000,0.09974409,s,m,
1526487648.3561,1.00040000,29.99850000,b,m,
1526669433.976,1.00080000,30.65989000,b,m,
1526158910.9808,1.00030000,34.33383000,b,l,
1526522164.6246,1.00040000,29.98890000,s,l,
1526605155.7609,1.00020000,31.52276000,s,m,
1526476849.1997,1.00100000,0.00259003,s,l,
1526636105.9756,0.99930000,31.58550000,s,m,
1526608265.5272,0.99510000,10.29409461,s,m,
1526253713.7632,1.00070000,75.00000000,b,l,
1526486097.0912,1.00070000,29.98441000,b,l,
1526134187.4195,1.00060000,34.32342000,b,l,
1526600147.7754,1.00050000,64.51691931,s,l,
1526268894.2547,1.00000000,208.85760000,b,l,
1526123491.8048,1.00040000,0.00000007,s,m,
1526669434.3562,1.00100000,99996.80000000,b,m,
1526438957.5757,1.00000000,32.91750000,s,l,
1526643743.3374,0.99880000,75.00000000,b,l,
1526228922.4679,1.00070000,34.33419000,b,m,
1526441388.8398,1.00000000,32.90935000,s,l,
1526617060.9967,0.99980000,60.00000000,b,m,
1526608212.6565,0.99700000,10.63993849,s,m,
1526156946.1849,1.00020000,34.32170000,s,m,
1526491246.6837,1.00040000,29.98950000,s,m,
1526584023.3969,1.00010000,1034.24594868,s,l,
1526133425.3319,1.00070000,317.08177000,b,l,
1526325194.7629,0.99910000,0.00003460,s,m,
1526318637.9335,0.99970000,30.94278000,b,m,
1526455889.1185,1.00050000,34.39258000,s,l,
1526499203.8448,1.00000000,0.13392705,s,m,
1526331573.683,0.99930000,75.00000000,b,l,
1526385742.3093,1.00000000,30.93749000,s,m,
1526267900.5123,0.99930000,20.88751854,s,l,
1526450064.0996,1.00240000,34.32073000,b,l,
1526605155.7475,1.00020000,31.52276000,s,m,
1526594867.2673,1.00060000,29.99550000,b,l,
1526604216.3861,1.00000000,30.15169000,b,l,
1526464329.0064,1.00150000,27.83196190,s,m,
1526174297.5774,1.00050000,34.33388000,b,m,
1526467258.0275,1.00100000,33.88585000,b,m,
1526319010.9839,0.99970000,29.32413060,s,l,
1526552219.6498,1.00000000,29.99880000,s,m,
1526613927.347,0.99810000,471.74906580,s,m,
1526385742.3579,0.99990000,30.94329000,s,m,
1526613927.3259,0.99840000,30.04778000,s,m,
1526579451.6596,1.00000000,1493.54848926,s,l,
1526122409.7851,1.00060000,71.07740994,b,m,
1526604486.7028,1.00050000,30.15109000,b,l,
1526309364.4565,0.99920000,30.94113000,s,m,
1526605524.3692,0.99800000,12307.24688541,s,m,
1526460777.9394,1.00200000,92.41091463,b,m,
1526613939.9922,0.99890000,30.12956000,b,l,
1526613940.0006,0.99950000,75.00000000,b,l,
1526368181.0767,1.00010000,0.00000020,s,m,
1526613943.765,0.99960000,30.12865000,s,l,
1526613944.0283,0.99960000,30.12865000,s,l,
1526597564.2979,1.00020000,74.99386082,b,l,
1526595914.8501,1.00000000,713.32700373,s,m,
1526613950.629,0.99960000,30.12865000,s,l,
1526176691.4052,1.00040000,34.33353000,s,l,
1526613956.7534,0.99960000,30.12865000,s,l,
1526462123.0958,1.00250000,19.34285781,b,l,
1526613958.4437,0.99960000,30.12865000,s,l,
1526613961.9176,0.99960000,30.12865000,s,l,
1526613963.7722,0.99960000,30.12865000,s,l,
1526175252.6918,1.00060000,174.40054782,b,m,
1526172546.1576,1.00050000,1859.23543678,b,m,
1526296112.407,0.99970000,75.00000000,s,m,
1526488376.5499,1.00070000,29.98441000,b,l,
1526645979.2448,0.99970000,4743.00000000,b,l,
1526305349.3398,0.99940000,30.01711000,s,m,
1526657505.1737,0.99990000,0.00001994,b,l,
1526124788.2049,0.99980000,34.31927000,s,m,
1526482910.5688,1.00080000,29.98681000,b,m,
1526249376.3757,1.00070000,34.37594000,s,m,
1526594867.2934,1.00060000,29.99550000,b,l,
1526130755.0628,1.00050000,880.34700000,b,l,
1526491246.6783,1.00040000,29.98950000,s,m,
1526267743.3634,0.99980000,17.20243543,s,l,
1526482923.6868,1.00010000,265.83642843,s,m,
1526237164.7697,1.00080000,60.00000000,s,m,
1526138867.0986,1.00070000,543.12492000,b,l,
1526168065.9127,1.00010000,34.33363000,s,m,
1526643743.3449,0.99890000,30.04627000,b,l,
1526138872.1363,1.00070000,24.00948000,b,l,
1526231154.6423,1.00010000,34.36073000,s,m,
1526386971.0462,1.00000000,31.43768000,b,m,
1526443039.1614,1.00200000,0.00003976,b,l,
1526122509.5515,1.00070000,1381.53400000,b,l,
1526433806.12,1.00000000,406.02990241,s,l,
1526346084.1636,1.00000000,30.44544000,b,l,
1526501038.7946,1.00070000,29.98441000,b,m,
1526552219.5597,1.00050000,29.98381000,s,m,
1526476856.9895,1.00090000,4.99001996,s,m,
1526597656.5321,1.00040000,75.00000000,b,m,
1526585007.3026,1.00020000,75.00000000,s,l,
1526462128.8575,1.00260000,19.34305321,b,l,
1526482910.6019,1.00080000,29.98681000,b,m,
1526636105.9935,0.99930000,31.58557000,s,m,
1526594867.2718,1.00060000,29.99550000,b,l,
1526521593.6757,1.00000000,2182.39540918,s,m,
1526585010.6584,1.00000000,0.00168110,s,l,
1526267876.8498,0.99980000,30.02192000,b,l,
1526249376.4117,1.00050000,34.37592000,s,m,
1526422954.8663,1.00010000,31.43189000,s,l,
1526601926.7399,1.00010000,30.14906000,s,l,
1526331061.5354,0.99940000,27.07428802,b,l,
1526386971.0561,1.00000000,31.43768000,b,m,
1526417473.5332,1.00030000,117.44666600,b,m,
1526433860.6915,1.00010000,75.00000000,b,l,
1526443039.2249,1.00340000,1.06636605,b,l,
1526639758.8014,0.99960000,30.02552000,b,m,
1526584023.3385,1.00020000,29.99280000,s,l,
1526237259.7949,1.00080000,75.00000000,s,l,
1526318637.9049,0.99970000,30.94241000,b,m,
1526433869.4437,1.00000000,549.84322499,s,l,
1526670417.4468,1.00010000,31.57893000,s,l,
1526138961.9648,1.00070000,296.26600000,b,l,
1526456290.9937,0.99990000,30.01651000,b,l,
1526289762.1181,1.00000000,30.00540000,b,l,
1526455889.136,1.00030000,34.39315000,s,l,
1526462128.8459,1.00250000,156.34524219,b,l,
1526268261.2434,0.99980000,2.27902075,s,l,
1526417508.6289,1.00020000,231.16401532,s,l,
1526459409.9214,1.00200000,1249.87501250,b,l,
1526491246.8142,0.99990000,3.86918720,s,m,
1526462974.9137,1.00190000,0.30824950,s,m,
1526393933.0434,1.00010000,0.00059880,s,m,
1526318637.9245,0.99970000,30.94278000,b,m,
1526237296.4237,1.00020000,34.36308000,s,l,
1526138995.6644,1.00070000,553.50737800,b,l,
1526547772.5451,1.00090000,29.98381000,b,m,
1526494910.0637,1.00020000,75.00000000,s,m,
1526190941.6458,1.00020000,865.38997200,s,m,
1526459412.4455,1.00300000,4.89027167,s,l,
1526433915.3546,1.00000000,99.60078174,s,l,
1526456290.9915,0.99990000,30.01651000,b,l,
1526139009.1582,1.00070000,248.26938318,b,l,
1526466692.6789,1.00080000,903.84936030,s,m,
1526608265.5021,0.99510000,10.34167346,s,m,
1526433929.1607,1.00000000,58.32950000,s,l,
1526172695.1828,1.00030000,29.67835356,s,l,
1526582605.4702,1.00000000,0.00093394,s,l,
1526505837.2571,1.00010000,10.00000000,s,m,
1526488376.7497,1.00080000,29.99730000,b,l,
1526253713.7689,1.00070000,75.00000000,b,l,
1526584023.3138,1.00040000,75.00000000,s,l,
1526248847.1952,1.00200000,2.13244768,b,m,
1526231438.3101,1.00030000,34.35386000,b,l,
1526120815.1282,0.99990000,9000.00000000,s,l,
1526517974.8933,1.00010000,29.99670000,s,m,
1526335657.6596,0.99960000,30.95093000,s,m,
1526517974.903,1.00010000,29.99670000,s,m,
1526325194.7386,0.99910000,3994.42306401,s,m,
1526604486.6774,1.00050000,30.15109000,b,l,
1526319285.0856,0.99920000,1.20240813,s,m,
1526335657.6751,0.99920000,0.05787077,s,m,
1526443039.1461,1.00170000,75.00000000,b,l,
1526507355.2339,1.00000000,0.54581456,s,m,
1526582461.3601,1.00010000,29.99640000,s,l,
1526253760.4958,1.00060000,62.12574850,s,l,
1526613120.1879,0.99830000,2017.55272454,s,m,
1526306100.7703,0.99980000,75.00000000,b,l,
1526433992.0874,1.00010000,247.26600000,s,l,
1526232700.9489,1.00030000,34.35522000,b,l,
1526367749.924,1.00020000,658.13067387,b,l,
1526484500.7027,1.00030000,75.00000000,s,l,
1526552219.6364,1.00000000,29.99880000,s,m,
1526327923.0402,0.99930000,30.94355000,b,l,
1526121928.8627,1.00020000,34.31539000,b,l,
1526253782.0607,1.00070000,559.98297792,s,l,
1526502371.951,1.00070000,0.00000007,s,m,
1526386970.9944,1.00000000,31.43768000,b,m,
1526133724.3948,1.00030000,34.32024000,s,l,
1526522164.627,1.00040000,29.98890000,s,l,
1526517465.3188,1.00120000,246682.44686376,b,l,
1526438957.525,1.00010000,32.91750000,s,l,
1526669434.2365,1.00080000,30.65989000,b,m,
1526660631.1286,1.00000000,0.00000790,s,l,
1526130755.191,1.00060000,34.31340000,b,l,
1526613120.166,0.99880000,75.00000000,s,m,
1526306000.4003,0.99980000,30.93823000,b,l,
1526435589.4924,1.00020000,32.42031000,b,l,
1526139131.0923,1.00070000,558.54669320,b,l,
1526132571.0106,1.00050000,34.32119000,b,l,
1526614269.6496,0.99960000,75.00000000,b,l,
1526608265.5188,0.99510000,10.32720209,s,m,
1526176691.403,1.00040000,34.33353000,s,l,
1526643161.4399,0.99900000,30.02913000,s,l,
1526327379.0061,0.99930000,0.00017225,b,l,
1526604486.8464,1.00120000,190814.57970435,b,l,
1526237447.5902,1.00030000,75.00000000,s,l,
1526443039.2883,1.00450000,168.46674134,b,l,
1526352940.8273,1.00000000,29.26350098,s,m,
1526204685.7887,1.00020000,0.00317759,s,m,
1526368526.0406,1.00010000,12.49932635,b,l,
1526385709.7134,1.00010000,56.42443479,b,l,
1526368528.1257,1.00020000,13076.38900000,b,l,
1526368529.8129,1.00020000,13076.38900000,b,l,
1526669434.2959,1.00080000,30.66067000,b,m,
1526456291.0931,0.99990000,30.01651000,b,l,
1526291449.628,0.99990000,30.00446000,s,m,
1526484500.7094,1.00000000,1127.90918000,s,l,
1526190941.6088,1.00050000,34.33419000,s,m,
1526467794.684,1.00090000,33.88636000,s,m,
1526267745.3287,0.99980000,12.80506457,s,l,
1526252146.673,1.00080000,34.36823000,b,m,
1526280879.6825,0.99980000,30.00525000,s,m,
1526519704.9423,1.00010000,243.58502595,s,l,
1526614307.6371,0.99970000,0.00000003,s,m,
1526176809.8172,1.00060000,34.33308000,b,m,
1526373140.4035,1.00010000,2885.19223077,s,l,
1526124788.1492,1.00000000,34.32210000,s,m,
1526267867.3751,0.99930000,30.02192000,s,l,
1526614322.5553,0.99970000,30.65556000,s,l,
1526386971.0252,1.00000000,31.43768000,b,m,
1526139190.846,1.00070000,66.69592000,b,l,
1526501038.7259,1.00070000,30.00030000,b,m,
1526139198.3663,1.00070000,70.84536158,b,l,
1526187571.7947,1.00050000,34.33209000,s,l,
1526442706.0312,1.00050000,32.91610000,b,l,
1526228574.504,1.00010000,0.00000179,s,l,
1526434120.6657,1.00000000,549.84329640,s,l,
1526418487.9797,1.00020000,226.03452979,s,m,
1526467135.335,1.00050000,32.92630000,s,m,
1526201356.9226,1.00030000,75.00000000,s,m,
1526386971.0411,1.00000000,31.43768000,b,m,
1526456291.0359,0.99990000,30.01651000,b,l,
1526657039.7867,0.99920000,30.02342000,s,m,
1526228922.37,1.00060000,34.34362000,b,m,
1526434140.7076,1.00000000,67.57058800,s,l,
1526582461.3654,1.00010000,29.99640000,s,l,
1526521519.1118,1.00070000,29.99490000,b,m,
1526666178.8006,1.00020000,31.58082000,s,m,
1526669434.3399,1.00080000,29.98681000,b,m,
1526459409.9316,1.00210000,236.60702000,b,l,
1526434152.445,1.00000000,168.57816800,s,l,
1526156946.1756,1.00030000,0.00081013,s,m,
1526584023.3652,1.00020000,29.99280000,s,l,
1526442706.0229,1.00050000,32.91610000,b,l,
1526243906.8443,1.00000000,0.57370289,s,l,
1526267667.3613,0.99990000,30.01426000,b,l,
1526139254.6885,1.00070000,271.65575120,b,l,
1526130753.2246,0.99990000,1121.47273009,b,l,
1526139257.6619,1.00070000,250.03710000,b,l,
1526335868.8011,0.99950000,0.03232907,s,m,
1526139261.5402,1.00070000,160.73469660,b,l,
1526268073.2122,0.99980000,75.00000000,b,l,
1526139263.99,1.00070000,133.35232000,b,l,
1526605155.9769,0.99900000,319944.94897401,s,m,
1526643062.9874,0.99930000,30.08243000,b,m,
1526335879.5719,0.99960000,30.94153000,b,l,
1526584023.4046,1.00010000,0.00000002,s,l,
1526438957.5835,1.00000000,32.91750000,s,l,
1526267758.9421,0.99990000,30.00210000,s,l,
1526605155.8296,1.00020000,31.52276000,s,m,
1526517321.8373,1.00100000,212.46397405,b,l,
1526122908.3532,1.00070000,10000.00000000,b,m,
1526573915.6903,1.00020000,0.00086067,s,m,
1526455889.2662,1.00010000,34.39590000,s,l,
1526605077.5893,1.00080000,0.00389688,s,l,
1526565958.7534,1.00060000,20.00258793,s,m,
1526385742.3458,0.99990000,30.94198000,s,m,
1526608265.7074,0.99420000,22941.03300000,s,m,
1526407580.0439,1.00010000,551.60500000,b,l,
1526604486.6226,1.00020000,0.00000822,b,l,
1526122924.4522,1.00070000,6648.34610000,b,l,
1526434221.1476,1.00000000,19.50491200,s,l,
1526249376.4049,1.00050000,34.37594000,s,m,
1526319285.0367,0.99950000,30.94434000,s,m,
1526176809.8042,1.00060000,34.33308000,b,m,
1526248702.1525,1.00060000,75.00000000,s,m,
1526214417.0605,1.00020000,34.33961000,s,m,
1526459412.4476,1.00300000,0.00585560,s,l,
1526335935.6274,0.99930000,67.08044300,s,l,
1526231438.3011,1.00030000,34.35386000,b,l,
1526434247.5991,1.00000000,380.88344386,s,l,
1526393933.0455,1.00010000,0.00000120,s,m,
1526596003.7454,1.00000000,12075.16997145,s,m,
1526385742.3434,0.99990000,30.94198000,s,m,
1526476871.4127,1.00110000,29.96823000,s,m,
1526207549.6652,1.00060000,34.33608000,b,m,
1526435589.5131,1.00020000,32.42031000,b,l,
1526237296.4475,1.00020000,34.36308000,s,l,
1526579983.3725,1.00030000,29.99640000,b,m,
1526130755.0796,1.00060000,34.31340000,b,l,
1526203767.5173,1.00060000,34.33592000,b,l,
1526491246.6522,1.00040000,29.98950000,s,m,
1526605155.7976,1.00020000,31.52276000,s,m,
1526426706.1067,1.00000000,31.43668000,s,l,
1526473128.503,1.00110000,34.38109000,s,m,
1526228922.3998,1.00070000,31.66512955,b,m,
1526434293.0546,1.00000000,59.21134000,s,l,
1526139386.2869,1.00070000,337.50256095,b,l,
1526604486.792,1.00110000,29.97782000,b,l,
1526267876.8574,0.99990000,30.00840000,b,l,
1526443039.3135,1.00490000,305.00000000,b,l,
1526508630.8759,1.00000000,0.01875923,s,m,
1526289762.1066,1.00000000,30.00540000,b,l,
1526363905.1264,1.00000000,77.98612455,s,l,
1526221320.3132,0.99950000,75.00000000,s,m,
1526120876.3454,0.99990000,34.31569000,b,l,
1526409668.3344,1.00020000,977.54700000,b,l,
1526139403.7726,1.00070000,299.99239978,b,l,
1526344138.0771,0.99970000,0.00000002,s,m,
1526139405.6809,1.00070000,94.25512460,b,l,
1526513186.6426,1.00080000,1941.95704106,b,m,
1526254114.2593,1.00040000,34.36680000,s,l,
1526444805.6983,1.00050000,0.08340379,s,l,
1526604486.7564,1.00050000,30.15379000,b,l,
1526423982.6984,1.00000000,288.88108000,s,l,
1526286873.7927,1.00000000,25.00000000,b,l,
1526373140.4231,1.00010000,127.26807319,s,l,
1526172192.5039,1.00020000,559.78003927,s,l,
1526254114.257,1.00040000,34.36658000,s,l,
1526443099.6789,1.00310000,5.13400000,s,l,
1526221320.32,0.99910000,2799.65272218,s,m,
1526435589.5687,1.00020000,302.57729192,b,l,
1526125120.9831,0.99960000,34.32262000,s,m,
1526172204.4312,1.00020000,101.79600000,s,l,
1526566892.0459,1.00080000,29.98141000,b,m,
1526254129.435,1.00020000,558.56100000,s,l,
1526627036.6135,1.00000000,10261.97345256,b,l,
1526422954.9046,1.00010000,31.43163000,s,l,
1526286904.9097,1.00000000,558.53913560,b,l,
1526213727.9811,1.00030000,956.58197540,s,m,
1526547772.5117,1.00070000,75.00000000,b,m,
1526434366.9678,1.00000000,107.97362000,s,l,
1526467135.3083,1.00050000,32.87384000,s,m,
1526486097.0801,1.00070000,29.98441000,b,l,
1526176809.8362,1.00060000,34.33308000,b,m,
1526434373.1189,1.00020000,31.43373000,b,l,
1526237767.8563,1.00030000,75.00000000,s,l,
1526434378.5298,1.00000000,550.36979685,s,l,
1526224653.4023,0.99990000,34.34608000,b,l,
1526605155.7403,1.00020000,31.52276000,s,m,
1526604216.3794,0.99980000,75.00000000,b,l,
1526254163.744,1.00030000,29.99040000,s,l,
1526491246.6723,1.00040000,29.98950000,s,m,
1526614615.5351,0.99970000,75.00000000,b,l,
1526444687.6977,1.00170000,75.00000000,s,l,
1526467794.6991,1.00040000,0.00134780,s,m,
1526286943.3865,1.00000000,29.59933769,b,l,
1526563259.0328,1.00020000,29.99310000,s,m,
1526626906.8678,0.99900000,0.00000281,b,l,
1526317571.2994,0.99920000,170.40943452,s,m,
1526614642.3557,0.99980000,30.65883000,s,l,
1526173337.3908,1.00020000,1523.80655942,s,l,
1526386970.9295,0.99990000,430.50004999,b,m,
1526337172.6547,0.99990000,30.94191000,b,l,
1526286968.3408,1.00000000,131.83571244,b,l,
1526352508.8115,1.00010000,112.00000000,b,m,
1526438957.5009,1.00020000,32.90965000,s,l,
1526631042.5611,0.99920000,2147.73829063,s,l,
1526249376.4441,1.00030000,0.00000364,s,m,
1526432226.8062,1.00000000,0.00777326,b,l,
1526398861.7446,1.00010000,0.49995000,s,m,
1526298391.7716,0.99970000,30.01711000,s,l,
1526464329.0188,1.00150000,34.39108000,s,m,
1526456291.0596,0.99990000,30.01651000,b,l,
1526248847.1663,1.00100000,34.34719000,b,m,
1526552219.6075,1.00010000,2114.30035200,s,m,
1526435589.5428,1.00020000,32.42031000,b,l,
1526139547.9712,1.00070000,46.08123418,b,l,
1526255797.561,1.00000000,34.36715000,s,l,
1526282010.8686,0.99990000,75.00000000,b,l,
1526120419.8867,1.00020000,75.00000000,s,m,
1526477025.8156,1.00080000,389.73964884,s,m,
1526139557.2318,1.00070000,185.90217870,b,l,
1526237862.4672,1.00030000,850.00000000,b,m,
1526248144.8275,1.00080000,34.35613000,b,m,
1526332107.7326,0.99950000,30.94536000,b,l,
1526134958.3986,1.00050000,34.32176000,s,l,
1526663857.7476,1.00000000,59726.44710579,s,l,
1526254163.7414,1.00030000,29.99040000,s,l,
1526216752.9924,1.00020000,34.34236000,s,m,
1526467257.9957,1.00080000,75.00000000,b,m,
1526467258.0242,1.00100000,33.88135000,b,m,
1526280879.7011,0.99980000,30.00525000,s,m,
1526521519.1186,1.00070000,29.99490000,b,m,
1526444728.7016,1.00050000,30897.89405477,s,m,
1526521593.671,1.00010000,29.99760000,s,m,
1526476879.271,1.00080000,0.00001988,s,m,
1526438144.3354,1.00030000,73405.26194266,b,l,
1526319823.5828,0.99940000,50.00000000,b,l,
1526434512.5993,1.00000000,500.00000000,s,l,
1526552219.684,0.99980000,3019.62947465,s,m,
1526139605.1841,1.00070000,40.09346640,b,l,
1526552219.5927,1.00010000,29.99670000,s,m,
1526516441.0388,1.00080000,75.00000000,s,m,
1526268367.3408,0.99980000,9.35739574,s,l,
1526585010.6608,1.00000000,0.00000335,s,l,
1526605633.6051,0.99810000,75.00000000,s,m,
1526232869.9352,1.00060000,34.36308000,b,l,
1526245380.4103,1.00000000,4239.03600000,s,l,
1526221539.032,0.99930000,1.00000000,b,m,
1526441388.8159,1.00000000,32.91750000,s,l,
1526438957.581,1.00000000,32.91750000,s,l,
1526540742.4467,1.00000000,30.01125000,b,l,
1526139629.0637,1.00070000,554.51789380,b,l,
1526139631.7604,1.00070000,121.69237500,b,l,
1526386971.0303,1.00000000,31.43768000,b,m,
1526232872.3401,1.00070000,5.00000000,b,l,
1526139634.1897,1.00070000,63.93275000,b,l,
1526287094.5161,0.99990000,0.00158712,s,m,
1526629885.639,0.99920000,31.09410000,s,l,
1526221560.0218,0.99930000,1.00000000,b,m,
1526466692.6762,1.00090000,33.86568000,s,m,
1526418171.7866,1.00030000,20.14834379,b,l,
1526249376.3846,1.00070000,34.37594000,s,m,
1526386970.927,0.99970000,75.00000000,b,m,
1526608265.697,0.99450000,10.38055555,s,m,
1526456291.0663,0.99990000,30.01651000,b,l,
1526139650.1736,1.00070000,69.92557000,b,l,
1526552219.5816,1.00010000,29.99670000,s,m,
1526134572.6875,1.00070000,13076.38900000,b,l,
1526317527.1656,0.99940000,30.93991000,s,m,
1526458369.1281,1.00150000,2499.75002499,b,l,
1526594867.2791,1.00060000,29.99550000,b,l,
1526500116.3911,1.00000000,31.54000000,s,m,
1526614805.8923,0.99990000,1757.55635564,b,l,
1526467794.6747,1.00120000,34.38004000,s,m,
1526605155.8877,1.00010000,2500.00000000,s,m,
1526252146.6777,1.00080000,34.36823000,b,m,
1526297809.4151,0.99970000,30.01711000,b,m,
1526434373.1247,1.00020000,31.43693000,b,l,
1526522164.6137,1.00050000,75.00000000,s,l,
1526287152.1823,1.00000000,13076.38900000,b,l,
1526386971.0532,1.00000000,31.43768000,b,m,
1526289762.0907,1.00000000,30.00540000,b,l,
1526522334.0364,1.00000000,29.99850000,b,l,
1526151353.8342,1.00050000,34.32540000,s,l,
1526643743.4633,0.99920000,25.94684000,b,l,
1526669792.9805,1.00050000,0.00148045,s,l,
1526442706.1245,1.00060000,32.91340000,b,l,
1526476871.4074,1.00110000,7177.77573670,s,m,
1526549320.2662,1.00080000,24.86011192,s,l,
1526432226.8045,1.00000000,3.89440680,b,l,
1526631248.5388,0.99930000,7702.00000000,s,l,
1526229747.4198,1.00010000,34.36073000,s,m,
1526543529.5092,1.00100000,943.79202271,b,l,
1526639758.8152,0.99960000,30.02552000,b,m,
1526270806.367,0.99990000,2092.48901318,s,l,
1526228922.4633,1.00070000,34.33419000,b,m,
1526390908.5096,0.99970000,31.44097000,s,m,
1526540838.0142,1.00010000,30.00825000,b,l,
1526521519.136,1.00070000,29.99490000,b,m,
1526230160.9989,1.00010000,34.36073000,s,l,
1526584023.3296,1.00020000,29.99280000,s,l,
1526540837.986,1.00010000,30.00825000,b,l,
1526608212.623,0.99830000,1987.22993600,s,m,
1526230161.0458,1.00010000,18.38331090,s,l,
1526467794.6793,1.00120000,34.38004000,s,m,
1526133724.4029,1.00030000,34.32024000,s,l,
1526156946.2027,1.00020000,866.46230753,s,m,
1526476721.3536,1.00150000,29.96823000,b,l,
1526584023.3214,1.00020000,29.99280000,s,l,
1526637032.2625,0.99930000,31.58557000,s,l,
1526130753.2181,0.99990000,1093.27802006,b,l,
1526221688.2293,1.00010000,30.02372000,b,m,
1526582137.3658,1.00030000,29.99640000,b,m,
1526252146.7112,1.00080000,34.36420000,b,m,
1526595353.539,1.00020000,30.15090000,s,l,
1526482910.5814,1.00080000,29.98681000,b,m,
1526172546.1395,1.00030000,34.33411000,b,m,
1526369155.2253,1.00010000,37.50000001,b,m,
1526312086.7726,0.99980000,75.00000000,b,l,
1526482910.5665,1.00080000,29.98681000,b,m,
1526287241.1877,0.99990000,75.00000000,b,l,
1526508695.7064,1.00010000,15.00480000,b,l,
1526467469.6272,1.00120000,33.88636000,b,l,
1526139790.5803,1.00070000,275.93688010,b,l,
1526139793.4202,1.00070000,275.93688010,b,l,
1526605155.922,0.99910000,14422.48613752,s,m,
1526583271.4698,1.00010000,5.01876248,s,m,
1526164634.813,1.00020000,75.00000000,s,l,
1526601926.6918,1.00040000,30.15558000,s,l,
1526467489.8333,1.00120000,33.88636000,b,l,
1526216753.0443,1.00020000,545.41581683,s,m,
1526477345.4437,1.00050000,29.98441000,s,m,
1526151353.8151,1.00050000,34.32587000,s,l,
1526385742.3001,1.00000000,30.93768000,s,m,
1526230161.0434,1.00010000,34.36073000,s,l,
1526604486.7467,1.00050000,30.15379000,b,l,
1526130755.1615,1.00060000,34.31340000,b,l,
1526432226.8182,1.00000000,0.00012577,b,l,
1526248847.1347,1.00100000,34.34719000,b,m,
1526617929.0304,0.99940000,69.81458775,b,l,
1526309364.4708,0.99920000,30.94113000,s,m,
1526124788.1308,1.00030000,34.31859000,s,m,
1526231438.2862,1.00030000,34.35329000,b,l,
1526552219.6858,0.99980000,3.61921232,s,m,
1526540838.0373,1.00010000,30.00825000,b,l,
1526456291.0482,0.99990000,30.01651000,b,l,
1526346203.8936,1.00010000,30.00240000,b,l,
1526631373.1309,0.99930000,75.00000000,s,l,
1526289759.5914,1.00000000,6421.60083334,b,l,
1526229747.3869,1.00010000,34.34363000,s,m,
1526419634.7095,1.00020000,386.27461348,b,l,
1526670960.4084,0.99850000,183.92082375,s,m,
1526172635.3437,1.00030000,34.33548000,s,m,
1526124788.1723,1.00000000,34.32210000,s,m,
1526123491.7966,1.00040000,8.98203593,s,m,
1526467952.5977,1.00140000,34.37931000,b,l,
1526203767.4772,1.00050000,2499.50003565,b,l,
1526658897.2037,1.00000000,0.02954109,s,l,
1526172648.7199,1.00030000,11.50596322,s,l,
1526491246.7194,1.00010000,29.99790000,s,m,
1526172650.4986,1.00030000,6.84883678,s,l,
1526617938.878,0.99940000,5.18541225,b,l,
1526458369.1203,1.00150000,184.82182926,b,l,
1526563326.203,1.00020000,5.79587632,s,l,
1526643743.4886,0.99930000,30.02913000,b,l,
1526602188.6378,1.00000000,12926.38900000,s,l,
1526637032.2757,0.99910000,0.02027851,s,l,
1526597656.5803,1.00060000,30.14903000,b,m,
1526443039.2902,1.00450000,95.12178884,b,l,
1526289762.046,1.00000000,30.01011000,b,l,
1526632076.5205,0.99930000,0.00000043,b,m,
1526327405.9712,0.99930000,30.94347000,s,l,
1526641032.1002,0.99930000,22.55661443,b,l,
1526221688.2007,0.99950000,30.02582000,b,m,
1526317571.2911,0.99940000,75.00000000,s,m,
1526389550.8897,0.99970000,0.49995001,s,l,
1526483991.1989,1.00070000,29.97842000,s,m,
1526267667.3522,0.99980000,75.00000000,b,l,
1526424069.9147,1.00000000,475.97618676,s,l,
1526232712.3097,1.00020000,34.36316000,s,m,
1526228922.4556,1.00070000,34.33419000,b,m,
1526613282.5631,0.99950000,1.82561589,s,m,
1526352940.8291,1.00000000,0.05841018,s,m,
1526289762.053,1.00000000,30.01011000,b,l,
1526587912.6925,1.00010000,41.51679832,s,l,
1526669434.3692,1.00150000,874.96159430,b,m,
1526418487.9864,1.00020000,0.44547021,s,m,
1526601926.7353,1.00010000,30.14906000,s,l,
1526130755.2025,1.00060000,34.32890000,b,l,
1526547772.554,1.00090000,29.98381000,b,m,
1526433806.1236,1.00000000,0.00161764,s,l,
1526438957.597,1.00000000,32.91750000,s,l,
1526130753.2439,1.00010000,34.32890000,b,l,
1526565958.7576,1.00060000,0.00001278,s,m,
1526139980.3741,1.00070000,63.43508000,b,l,
1526385742.3629,0.99990000,30.94329000,s,m,
1526216753.0661,1.00010000,3286.97011318,s,m,
1526140962.9419,1.00050000,0.99601214,s,m,
1526633229.2564,0.99910000,30.02612000,s,m,
1526602450.9432,0.99940000,1256.60800000,b,l,
1526396075.8584,1.00010000,189.93050000,b,m,
1526627036.5722,0.99930000,30.03183000,b,l,
1526507444.6412,1.00010000,29.99760000,b,l,
1526577473.4971,1.00020000,29.99250000,s,m,
1526426706.0466,1.00000000,31.43668000,s,l,
1526125121.0291,0.99900000,1868.71184588,s,m,
1526130753.2365,1.00010000,34.32890000,b,l,
1526187571.8058,1.00050000,34.33209000,s,l,
1526219479.9912,0.99910000,960.00383499,s,m,
1526221688.2269,1.00010000,34.34395000,b,m,
1526176809.8445,1.00060000,34.33308000,b,m,
1526582461.3552,1.00010000,29.99640000,s,l,
1526305940.9672,0.99910000,165.63700000,s,l,
1526577306.7517,1.00070000,554.02644472,b,m,
1526657039.7963,0.99900000,192.60566057,s,m,
1526248847.1531,1.00100000,34.34719000,b,m,
1526608265.5492,0.99500000,4506.96753769,s,m,
1526131936.1191,1.00050000,34.34275000,s,m,
1526249323.9171,1.00070000,25.60902000,s,m,
1526670417.554,1.00000000,128296.23476022,s,l,
1526491246.8118,0.99990000,1938.46278498,s,m,
1526488376.5203,1.00040000,8.01859196,b,l,
1526488376.5177,1.00030000,75.00000000,b,l,
1526250803.6917,1.00040000,34.36760000,s,l,
1526608265.6631,0.99480000,10.39626897,s,m,
1526248144.807,1.00040000,75.00000000,b,m,
1526332107.7121,0.99940000,30.94462000,b,l,
1526135507.616,1.00060000,34.32238000,b,l,
1526517974.8956,1.00010000,29.99670000,s,m,
1526426706.0898,1.00000000,31.43669000,s,l,
1526335657.6388,0.99960000,30.95093000,s,m,
1526245893.1607,1.00000000,34.35769000,s,l,
1526582461.363,1.00010000,29.99640000,s,l,
1526252611.9262,1.00040000,29.98741000,s,l,
1526669434.0003,1.00080000,29.98681000,b,m,
1526584023.3576,1.00020000,29.99280000,s,l,
1526346203.8467,1.00010000,86203.97556491,b,l,
1526521593.6477,1.00040000,29.98890000,s,m,
1526253760.5018,1.00060000,0.00000050,s,l,
1526552219.6094,1.00010000,2113.80040199,s,m,
1526467794.6769,1.00120000,34.38004000,s,m,
1526121928.512,0.99990000,34.31871000,b,l,
1526245893.1888,1.00000000,34.35866000,s,l,
1526533336.3072,0.99990000,402.04020000,b,l,
1526392685.6295,1.00000000,0.00004771,s,m,
1526585506.3337,1.00010000,75.00000000,s,m,
1526332322.9313,0.99990000,30.94544000,b,l,
1526346084.1812,1.00000000,30.94151000,b,l,
1526133724.3892,1.00030000,34.32024000,s,l,
1526140137.4272,1.00070000,82.83331946,b,l,
1526540742.4141,1.00000000,30.01125000,b,l,
1526659014.5562,1.00010000,115.31862371,s,l,
1526467794.6946,1.00040000,338.30053892,s,m,
1526442706.0115,1.00050000,32.91610000,b,l,
1526222065.2758,0.99940000,6.80887864,s,m,
1526644281.7305,0.99990000,3172.00318535,b,l,
1526133724.3862,1.00030000,34.32024000,s,l,
1526386970.9373,0.99990000,2499.50004999,b,m,
1526608265.5795,0.99500000,10.33363900,s,m,
1526140117.0367,1.00070000,556.76828644,b,l,
1526426706.0818,1.00000000,31.43669000,s,l,
1526469173.865,1.00190000,34.32706000,b,m,
1526295225.2457,0.99960000,32.54339538,s,m,
1526467135.3112,1.00050000,32.87384000,s,m,
1526123795.8574,1.00050000,75.00000000,s,l,
1526291449.6971,0.99990000,30.00240000,s,m,
1526455889.3206,1.00010000,1249.50004999,s,l,
1526483991.2027,1.00050000,35.67181637,s,m,
1526245893.1585,1.00000000,34.35769000,s,l,
1526559615.5631,1.00020000,30.00525000,b,l,
1526252146.7365,1.00170000,13464.88459619,b,m,
1526172959.3967,1.00060000,34.33498000,b,m,
1526268894.2362,1.00000000,30.00540000,b,l,
1526215488.5924,1.00060000,34.33708000,b,m,
1526670417.4887,1.00010000,32.51762000,s,l,
1526189351.1192,1.00060000,37.50000000,b,m,
1526228922.3812,1.00060000,34.34362000,b,m,
1526298503.4358,0.99970000,15.05133000,s,l,
1526582576.315,1.00020000,74.99997673,s,l,
1526552219.5729,1.00010000,29.99670000,s,m,
1526204685.7829,1.00020000,34.34081000,s,m,
1526228922.3407,1.00060000,34.34362000,b,m,
1526486921.5304,1.00020000,75.00000000,s,m,
1526608381.3937,0.99890000,75.00000000,b,l,
1526304061.6437,0.99990000,40.42566257,s,l,
1526309957.887,0.99940000,2.51037924,s,m,
1526268469.1058,0.99990000,75.00000000,b,l,
1526131936.1525,1.00050000,34.34756000,s,m,
1526442706.0863,1.00060000,32.91340000,b,l,
1526484294.1212,1.00010000,29.99730000,s,m,
1526134187.4569,1.00060000,34.32342000,b,l,
1526344930.9634,0.99990000,1274.59342627,b,l,
1526140239.4647,1.00070000,136.85541225,b,l,
1526140287.5319,1.00060000,75.00000000,s,m,
1526140248.8187,1.00070000,196.92897888,b,l,
1526228922.3234,1.00060000,34.34362000,b,m,
1526477345.4298,1.00050000,29.98441000,s,m,
1526469173.8455,1.00150000,34.38131000,b,m,
1526552464.7954,1.00070000,29.97782000,s,l,
1526467135.3325,1.00050000,32.92630000,s,m,
1526451556.3866,1.00230000,34.39298000,s,l,
1526140261.2934,1.00070000,196.92814092,b,l,
1526571284.3174,1.00080000,29.97542000,s,l,
1526254951.0195,1.00040000,29.98950000,b,l,
1526121929.0534,1.00030000,34.31818000,b,l,
1526582461.3575,1.00010000,29.99640000,s,l,
1526140266.3166,1.00070000,196.92799425,b,l,
1526443239.5074,1.00320000,129.79040000,b,m,
1526304108.8991,0.99980000,18.41528306,s,l,
1526582638.5163,1.00010000,74.99995208,s,l,
1526584023.355,1.00020000,29.99280000,s,l,
1526467952.6023,1.00150000,34.33363000,b,l,
1526248144.847,1.00080000,4.45952000,b,m,
1526541545.4761,1.00060000,75.00000000,s,m,
1526254968.0918,1.00040000,29.98950000,b,l,
1526484500.6967,1.00050000,29.98441000,s,l,
1526254972.8039,1.00040000,29.98950000,b,l,
1526373140.4261,1.00010000,54.33441854,s,l,
1526435203.2865,1.00000000,550.36979914,s,l,
1526643062.9642,0.99910000,30.03679000,b,m,
1526140300.9295,1.00070000,56.74878300,b,l,
1526243906.8419,1.00000000,287.42514971,s,l,
1526140304.6661,1.00070000,58.66112565,b,l,
1526519704.9378,1.00010000,1706.83721158,s,l,
1526605155.8959,1.00000000,4959.80630000,s,m,
1526254995.1247,1.00040000,29.98950000,b,l,
1526629885.63,0.99920000,31.09410000,s,l,
1526435221.3383,1.00000000,19.42108000,s,l,
1526391541.7323,0.99990000,27.75356051,b,l,
1526435224.0566,1.00000000,19.42108000,s,l,
1526440516.1498,1.00030000,75.00000000,s,l,
1526123930.1312,1.00050000,75.00000000,b,l,
1526543518.1651,1.00090000,29.99700000,b,l,
1526123932.8286,1.00070000,13076.38900000,b,l,
1526435229.8045,1.00000000,19.42108000,s,l,
1526255006.025,1.00040000,29.98950000,b,l,
1526123936.3167,1.00070000,13076.38900000,b,l,
1526477345.4764,1.00040000,29.98711000,s,m,
1526385742.3384,0.99990000,30.94198000,s,m,
1526222065.2668,0.99940000,34.34579000,s,m,
1526304169.1719,0.99980000,13.42509596,s,l,
1526604486.8223,1.00110000,29.97782000,b,l,
1526344138.0717,0.99970000,995.44298584,s,m,
1526215488.5946,1.00060000,34.33802000,b,m,
1526521593.6454,1.00040000,29.98890000,s,m,
1526412527.8806,1.00020000,382.45600000,b,l,
1526255028.5588,1.00040000,15.02100000,b,l,
1526435255.3343,1.00000000,99.67280000,s,l,
1526637032.267,0.99930000,31.58557000,s,l,
1526435257.7748,1.00000000,99.67280000,s,l,
1526484410.93,1.00060000,48.11685773,b,l,
1526238653.8939,1.00030000,34.35608000,b,l,
1526168065.918,1.00010000,34.33363000,s,m,
1526442706.0613,1.00060000,32.90965000,b,l,
1526249376.3876,1.00070000,34.37594000,s,m,
1526228922.4946,1.00100000,142.71457086,b,m,
1526565958.745,1.00080000,75.00000000,s,m,
1526552219.6771,1.00000000,30.00150000,s,m,
1526300814.8689,0.99980000,0.00011928,s,m,
1526237296.4065,1.00020000,34.36308000,s,l,
1526435276.0178,1.00000000,119.70759117,s,l,
1526435278.4329,1.00000000,119.70759117,s,l,
1526232615.3737,1.00000000,509.95167418,s,m,
1526254114.2646,1.00030000,11.17018595,s,l,
1526657505.1626,0.99990000,31.58440000,b,l,
1526435291.1488,1.00000000,0.21646047,s,m,
1526369757.4269,1.00020000,7.00000000,b,m,
1526298533.1185,0.99970000,0.08555000,s,l,
1526121942.6419,1.00060000,0.00000196,b,l,
1526594867.2394,1.00020000,30.14418000,b,l,
1526297809.3986,0.99970000,30.01711000,b,m,
1526203767.4819,1.00060000,34.33592000,b,l,
1526488376.5361,1.00070000,29.98441000,b,l,
1526491246.7474,1.00010000,4800.62583742,s,m,
1526433806.1253,1.00000000,0.00000323,s,l,
1526534190.886,0.99980000,0.02149421,s,m,
1526455889.2894,1.00010000,34.39590000,s,l,
1526229747.4244,1.00010000,34.36073000,s,m,
1526435315.0842,1.00010000,948.14700000,b,l,
1526643743.4737,0.99930000,30.03228000,b,l,
1526494910.0785,1.00000000,24.80039920,s,m,
1526597656.5988,1.00060000,30.14903000,b,m,
1526249387.6758,1.00080000,34.36760000,s,l,
1526443039.2585,1.00400000,66.59033207,b,l,
1526289762.0768,1.00000000,30.00540000,b,l,
1526608265.5546,0.99500000,10.39299596,s,m,
1526455889.282,1.00010000,34.39590000,s,l,
1526267876.8311,0.99970000,75.00000000,b,l,
1526435346.0941,1.00000000,119.70758627,s,l,
1526435347.6332,1.00000000,119.70758627,s,l,
1526484500.7058,1.00020000,75.00000000,s,l,
1526484505.3004,1.00000000,1488.50400000,s,l,
1526484507.5117,1.00010000,75.00000000,s,l,
1526482923.6796,1.00030000,75.00000000,s,m,
1526435358.808,1.00000000,112.49623892,s,l,
1526435361.5689,1.00000000,112.49623892,s,l,
1526442706.1604,1.00100000,0.00000189,b,l,
1526172546.1686,1.00050000,96.88391559,b,m,
1526255154.9408,1.00020000,12517.82800000,s,m,
1526422954.8636,1.00010000,31.43237000,s,l,
1526176809.8,1.00060000,34.33308000,b,m,
1526353468.2503,1.00010000,13.47279793,b,l,
1526515360.7637,1.00100000,668.51297405,b,l,
1526534190.8816,0.99980000,30.00525000,s,m,
1526482910.5595,1.00080000,29.98681000,b,m,
1526517321.8341,1.00070000,29.99490000,b,l,
1526124788.1749,1.00000000,34.32210000,s,m,
1526604486.736,1.00050000,30.15379000,b,l,
1526608265.7099,0.99420000,4208.16575199,s,m,
1526640724.2544,0.99950000,31.58754000,s,m,
1526505837.22,1.00030000,29.99220000,s,m,
1526176809.8277,1.00060000,34.33308000,b,m,
1526670417.4714,1.00010000,32.51762000,s,l,
1526648418.5753,0.99960000,542.42398545,s,l,
1526255154.9138,1.00040000,14.96850000,s,m,
1526309364.4686,0.99920000,30.94113000,s,m,
1526550127.2261,1.00080000,31.98440000,s,l,
1526130755.132,1.00060000,34.31340000,b,l,
1526577306.7004,1.00050000,13076.38900000,b,m,
1526237296.3899,1.00030000,75.00000000,s,l,
1526123795.865,1.00040000,75.00000000,s,l,
1526605155.7587,1.00020000,31.52276000,s,m,
1526477345.446,1.00050000,29.98441000,s,m,
1526123930.1397,1.00060000,0.00351800,b,l,
1526140543.9479,1.00060000,75.00000000,b,m,
1526540742.4514,1.00000000,30.01125000,b,l,
1526632076.5304,0.99960000,30.02552000,b,m,
1526331061.6928,0.99910000,223.53422646,s,m,
1526156946.1951,1.00020000,34.32151000,s,m,
1526442706.0202,1.00050000,32.91610000,b,l,
1526337172.6383,0.99990000,30.94191000,b,l,
1526517974.8814,1.00020000,29.99490000,s,m,
1526125120.9691,0.99960000,34.32262000,s,m,
1526173337.3277,1.00050000,34.33739000,s,l,
1526467489.8425,1.00150000,31.46652000,b,l,
1526577306.7031,1.00060000,29.99250000,b,m,
1526455889.1237,1.00050000,34.39258000,s,l,
1526215488.5839,1.00060000,0.01986408,b,m,
1526424610.345,1.00000000,1238.18321138,s,m,
1526306150.9171,0.99960000,74.99992803,s,l,
1526484652.2222,1.00040000,20.00000000,b,m,
1526252146.664,1.00080000,34.36760000,b,m,
1526501038.7765,1.00070000,29.98441000,b,m,
1526536136.326,0.99980000,93.81237525,s,m,
1526335657.6295,0.99960000,30.95093000,s,m,
1526291449.6368,0.99990000,30.00446000,s,m,
1526172959.4105,1.00060000,34.33483000,b,m,
1526252611.9085,1.00050000,34.34703000,s,l,
1526456291.013,0.99990000,30.01651000,b,l,
1526637032.2774,0.99910000,0.00000890,s,l,
1526669434.3508,1.00100000,125.03840570,b,m,
1526443039.3047,1.00470000,10000.00000000,b,l,
1526484677.9713,1.00020000,0.00000016,s,m,
1526475706.5714,1.00080000,0.00996012,s,m,
1526521593.6664,1.00040000,29.98890000,s,m,
1526253777.9414,1.00070000,75.00000000,b,l,
1526344994.2411,0.99990000,75.00000000,b,l,
1526501038.8268,1.00110000,29.98830000,b,m,
1526176809.7888,1.00060000,34.33308000,b,m,
1526552219.6542,1.00000000,29.99880000,s,m,
1526121928.8861,1.00020000,31.15164000,b,l,
1526255320.6432,1.00030000,0.00532099,s,m,
1526517465.3159,1.00110000,603.51700910,b,l,
1526650831.8798,0.99960000,195.00000000,s,m,
1526124788.1416,1.00000000,34.32210000,s,m,
1526438957.5204,1.00010000,32.91750000,s,l,
1526608212.7016,0.99560000,10.35653430,s,m,
1526438957.61,1.00000000,32.91750000,s,l,
1526189351.1269,1.00070000,962.50000000,b,m,
1526669434.3075,1.00080000,30.66067000,b,m,
1526469173.8509,1.00150000,34.38109000,b,m,
1526229893.995,1.00020000,3.00000000,s,m,
1526248702.2127,1.00030000,0.00000595,s,m,
1526435589.5018,1.00020000,32.42035000,b,l,
1526670959.8697,0.99970000,31.58472000,s,m,
1526608265.6896,0.99460000,10.37738908,s,m,
1526176691.4115,1.00040000,34.33353000,s,l,
1526238978.6786,1.00020000,0.00003587,s,m,
1526435589.4377,1.00020000,1.33337000,b,l,
1526655322.8397,0.99980000,998.00000000,b,l,
1526543591.9462,1.00070000,29.97842000,s,l,
1526267869.4966,0.99930000,21.02374520,s,l,
1526469406.6835,1.00150000,34.38594000,s,l,
1526385742.2905,1.00000000,30.94154000,s,m,
1526604486.8124,1.00110000,29.97782000,b,l,
1526488376.5477,1.00070000,29.98441000,b,l,
1526248702.1684,1.00050000,75.00000000,s,m,
1526291449.6626,0.99990000,30.00287000,s,m,
1526455889.2376,1.00010000,34.39590000,s,l,
1526668202.9408,1.00030000,31.57907000,b,m,
1526131936.1237,1.00050000,34.34275000,s,m,
1526252146.7328,1.00080000,34.36044000,b,m,
1526501038.8083,1.00100000,2499.50007981,b,m,
1526657039.7896,0.99920000,30.02342000,s,m,
1526670417.5279,1.00010000,32.51762000,s,l,
1526216752.997,1.00020000,34.34236000,s,m,
1526608265.6484,0.99490000,10.30677597,s,m,
1526605155.8784,1.00020000,31.52277000,s,m,
1526602207.9587,1.00000000,30.14481000,s,l,
1526456504.5373,1.00060000,519.64365852,b,m,
1526588040.1997,1.00010000,63.20633638,s,l,
1526670960.022,0.99850000,2324.90251777,s,m,
1526386971.0654,1.00000000,31.43768000,b,m,
1526151353.7764,1.00050000,34.32525000,s,l,
1526501038.8146,1.00110000,29.97752000,b,m,
1526627036.584,0.99940000,30.02883000,b,l,
1526588042.5333,1.00000000,85.63235079,s,l,
1526229747.3821,1.00030000,5.00000000,s,m,
1526441388.8376,1.00000000,32.90935000,s,l,
1526271812.3247,0.99990000,472.90268518,s,l,
1526386507.5841,0.99960000,118.73992815,s,m,
1526134187.4355,1.00060000,34.32342000,b,l,
1526442706.1292,1.00060000,32.91340000,b,l,
1526438957.5603,1.00010000,32.90938000,s,l,
1526469173.8334,1.00150000,34.38004000,b,m,
1526599512.9295,1.00060000,75.00000000,s,l,
1526228922.4307,1.00070000,34.32799000,b,m,
1526162063.7351,1.00020000,75.00000000,b,l,
1526661319.2756,1.00010000,75.00000000,s,l,
1526458369.1344,1.00170000,9000.00000000,b,l,
1526309720.3199,0.99940000,30.94091000,b,m,
1526608212.7042,0.99550000,1000.00000000,s,m,
1526419634.713,1.00020000,1143.19456169,b,l,
1526222700.2143,0.99970000,40.59510795,b,l,
1526156946.1673,1.00040000,34.32186000,s,m,
1526476721.3975,1.00180000,9188.05073670,b,l,
1526121929.0555,1.00030000,34.31825000,b,l,
1526228922.5283,1.00190000,100.00000000,b,m,
1526323615.04,0.99930000,75.00000000,b,l,
1526252146.6566,1.00070000,75.00000000,b,m,
1526332322.9187,0.99990000,30.94549000,b,l,
1526435703.4994,1.00020000,1401.28864596,b,l,
1526222713.1955,0.99970000,34.40489205,b,l,
1526644953.4547,0.99960000,23.04504938,s,l,
1526657505.1841,1.00000000,3000.00000000,b,l,
1526124788.2025,1.00000000,34.32210000,s,m,
1526501038.7483,1.00070000,30.00030000,b,m,
1526543518.1483,1.00090000,29.99700000,b,l,
1526615945.9176,0.99960000,21.00000000,b,m,
1526424215.0484,1.00010000,75.00000000,s,l,
1526327379.0093,0.99930000,30.94320000,b,l,
1526608212.6663,0.99650000,1000.00000000,s,m,
1526605155.9062,0.99920000,17711.39900000,s,m,
1526190941.6539,1.00010000,1835.46993701,s,m,
1526599575.1582,1.00050000,74.99993588,s,l,
1526402971.4938,1.00010000,1250.00000000,b,m,
1526386591.1834,0.99960000,597.07752901,s,m,
1526543591.9494,1.00050000,5.06795000,s,l,
1526426706.114,1.00000000,31.43669000,s,l,
1526484294.1359,1.00010000,29.99730000,s,m,
1526385742.9541,0.99950000,32711.66870008,s,m,
1526604486.7822,1.00110000,29.97782000,b,l,
1526599595.9805,1.00050000,75.00000000,s,l,
1526319285.034,0.99950000,30.94434000,s,m,
1526632373.6885,0.99940000,30.00000000,b,m,
1526583222.4245,1.00030000,29.99640000,b,m,
1526215077.1132,1.00040000,34.33974000,b,l,
1526231438.3273,1.00030000,34.35386000,b,l,
1526608265.5102,0.99510000,10.32609035,s,m,
1526309720.3155,0.99940000,30.94091000,b,m,
1526132570.9821,1.00030000,75.00000000,b,l,
1526540838.0439,1.00040000,29.99850000,b,l,
1526577473.4894,1.00020000,29.99250000,s,m,
1526482923.6845,1.00010000,115.84392768,s,m,
1526329514.1356,0.99940000,172.86727580,b,l,
1526441388.8312,1.00000000,32.90935000,s,l,
1526599634.594,1.00050000,74.99993676,s,l,
1526204685.787,1.00020000,1.62253837,s,m,
1526577306.7574,1.00100000,29.98127000,b,m,
1526505837.2642,1.00000000,43006.04124877,s,m,
1526187571.797,1.00050000,34.33209000,s,l,
1526124788.1108,1.00050000,34.31859000,s,m,
1526491246.6466,1.00040000,29.98950000,s,m,
1526456291.1068,0.99990000,30.01651000,b,l,
1526594867.2562,1.00060000,29.99550000,b,l,
1526237296.4268,1.00020000,34.36308000,s,l,
1526419430.5431,1.00030000,2726.89000000,b,l,
1526583271.459,1.00020000,29.99280000,s,m,
1526491246.6868,1.00040000,29.98950000,s,m,
1526255595.4212,1.00020000,253.13887222,s,m,
1526566892.0491,1.00080000,1940.03718000,b,m,
1526187571.8152,1.00050000,34.33209000,s,l,
1526156946.1972,1.00020000,34.32180000,s,m,
1526657505.1308,0.99970000,75.00000000,b,l,
1526315657.9165,0.99970000,30.93994000,s,l,
1526459409.9423,1.00280000,34.32085000,b,l,
1526419454.3764,1.00030000,2513.68300000,b,l,
1526130755.1999,1.00060000,34.31340000,b,l,
1526577152.2895,1.00030000,75.00000000,s,l,
1526597656.6037,1.00060000,30.14864000,b,m,
1526443039.2772,1.00400000,0.03585643,b,l,
1526289762.0815,1.00000000,30.00540000,b,l,
1526162092.5757,1.00020000,327.32023526,b,l,
1526170756.1663,1.00020000,2386.20048877,b,l,
1526583310.3084,1.00050000,75.00000000,b,l,
1526611935.9846,0.99920000,75.00000000,b,l,
1526419472.1194,1.00020000,3583.06738652,s,l,
1526486225.2386,1.00040000,29.98711000,s,m,
1526345049.1771,0.99990000,393.85721387,b,l,
1526342319.9589,0.99990000,2092.83647821,b,l,
1526456291.1023,0.99990000,30.01651000,b,l,
1526289762.0737,1.00000000,30.00540000,b,l,
1526140962.9297,1.00050000,499.00207908,s,m,
1526249376.3512,1.00080000,75.00000000,s,m,
1526216752.9709,1.00020000,34.34236000,s,m,
1526438957.6173,1.00000000,32.91750000,s,l,
1526595858.2377,1.00010000,0.00000004,s,l,
1526241287.7202,1.00010000,75.00000000,s,l,
1526360174.7049,1.00000000,0.10159322,s,m,
1526534190.8841,0.99980000,10.77835579,s,m,
1526386971.0486,1.00000000,31.43768000,b,m,
1526172546.122,1.00030000,34.33411000,b,m,
1526422954.9252,1.00010000,1143.34011258,s,l,
1526601926.699,1.00040000,30.15558000,s,l,
1526252212.4249,1.00050000,28.05868000,s,m,
1526409680.9403,1.00020000,13076.38900000,b,l,
1526547772.5699,1.00090000,29.98381000,b,m,
1526267673.1005,1.00020000,5256.31010287,b,l,
1526508630.8744,1.00000000,9.39837371,s,m,
1526577163.2009,1.00030000,74.99768071,s,l,
1526531599.6626,0.99990000,30.00240000,s,l,
1526140999.9974,1.00050000,491.16819926,s,l,
1526550602.54,1.00070000,75.00000000,b,l,
1526588087.9582,1.00000000,0.00000016,s,m,
1526584023.3438,1.00020000,29.99280000,s,l,
1526519821.947,1.00000000,10906.63103124,s,l,
1526441388.8023,1.00000000,32.91750000,s,l,
1526595858.2334,1.00010000,0.00996012,s,l,
1526306830.1581,0.99980000,75.00000000,b,m,
1526460777.9356,1.00200000,624.93750625,b,m,
1526640724.3216,0.99710000,14089.75967780,s,m,
1526120419.9016,0.99990000,34.31756000,s,m,
1526137801.7361,1.00060000,39.48568247,b,m,
1526309364.4332,0.99930000,115.56014718,s,m,
1526608265.6098,0.99490000,10.39402244,s,m,
1526665320.8149,1.00010000,75.00000000,b,l,
1526583402.1079,1.00050000,75.00000000,b,l,
1526434373.1,1.00020000,31.43338000,b,l,
1526206577.1097,1.00060000,17.32784000,b,m,
1526486097.1033,1.00070000,29.98441000,b,l,
1526232700.9442,1.00030000,34.35522000,b,l,
1526482923.6733,1.00070000,29.97842000,s,m,
1526419581.2747,1.00010000,214.07099734,s,l,
1526385742.3556,0.99990000,30.94329000,s,m,
1526442706.1568,1.00100000,11.82217772,b,l,
1526486225.2469,1.00040000,29.98711000,s,m,
1526552219.6476,1.00000000,29.99880000,s,m,
1526550663.3509,1.00110000,1467.84107482,b,l,
1526252610.6107,1.00050000,34.34673000,s,l,
1526389804.4678,0.99960000,0.00006468,s,m,
1526648971.7958,0.99970000,600.00000000,b,m,
1526488753.7307,1.00080000,15.91226179,b,l,
1526456291.0821,0.99990000,30.01651000,b,l,
1526248847.1179,1.00080000,34.35723000,b,m,
1526131936.1395,1.00050000,34.34275000,s,m,
1526419612.6464,1.00010000,35.67849834,s,l,
1526419615.0663,1.00010000,35.67849563,s,l,
1526158910.9604,1.00030000,34.33383000,b,l,
1526467952.538,1.00110000,75.00000000,b,l,
1526604486.6553,1.00050000,30.15109000,b,l,
1526583462.9237,1.00060000,75.00000000,b,l,
1526125120.8458,1.00020000,75.00000000,s,m,
1526501038.7057,1.00070000,30.00030000,b,m,
1526289939.1875,0.99990000,0.11669707,s,m,
1526419634.7156,1.00020000,51.42982483,b,l,
1526419636.7908,1.00020000,373.38600000,b,l,
1526255797.5634,1.00000000,34.36715000,s,l,
1526419638.5161,1.00020000,1418.12500000,b,l,
1526156946.1925,1.00020000,34.32151000,s,m,
1526280879.6555,0.99990000,6320.52600000,s,m,
1526608212.6314,0.99780000,30.06524000,s,m,
1526482910.5969,1.00080000,29.98681000,b,m,
1526267896.548,0.99930000,30.02101000,s,l,
1526505837.2457,1.00030000,75.00000000,s,m,
1526246223.4261,1.00020000,34.36447000,b,l,
1526521593.6431,1.00040000,29.98890000,s,m,
1526141130.754,1.00050000,351.37232590,s,l,
1526501038.7438,1.00070000,30.00030000,b,m,
1526442706.1383,1.00060000,32.91340000,b,l,
1526552219.5423,1.00070000,29.97782000,s,m,
1526380579.9907,1.00000000,556.62852982,s,l,
1526385742.3261,0.99990000,30.94198000,s,m,
1526443039.2429,1.00360000,0.00000793,b,l,
1526517974.9099,1.00010000,29.99670000,s,m,
1526206680.651,1.00040000,35.62860000,s,l,
1526583222.4065,1.00030000,29.99640000,b,m,
1526496289.5644,0.99990000,2994.94217206,s,m,
1526552219.6454,1.00000000,29.99880000,s,m,
1526488376.5709,1.00070000,29.98441000,b,l,
1526577473.4871,1.00020000,29.99250000,s,m,
1526141162.6405,1.00050000,351.39739620,s,l,
1526237296.4173,1.00020000,34.36308000,s,l,
1526216752.9734,1.00020000,34.34236000,s,m,
1526124787.8734,1.00060000,75.00000000,s,m,
1526124788.2146,0.99980000,34.32210000,s,m,
1526288629.4595,1.00000000,353.46800000,b,l,
1526435589.5606,1.00020000,32.91276000,b,l,
1526438957.5505,1.00010000,32.91750000,s,l,
1526608265.4788,0.99510000,478.94986932,s,m,
1526176691.3966,1.00050000,34.33022000,s,l,
1526463508.1421,1.00180000,75.00000000,s,m,
1526583271.4557,1.00020000,75.00000000,s,m,
1526434373.1044,1.00020000,31.43338000,b,l,
1526219479.9952,0.99910000,0.00053338,s,m,
1526467794.6677,1.00120000,34.38004000,s,m,
1526422954.8694,1.00010000,31.43189000,s,l,
1526608212.7465,0.99520000,5000.00000000,s,m,
1526455889.1938,1.00020000,34.39590000,s,l,
1526403352.9213,1.00000000,1977.67100000,s,l,
1526245893.1511,1.00000000,34.35769000,s,l,
1526386970.9143,0.99970000,31.43744000,b,m,
1526386971.0609,1.00000000,31.43768000,b,m,
1526386971.091,1.00000000,31.43768000,b,m,
1526216752.9947,1.00020000,34.34236000,s,m,
1526670417.4309,1.00010000,31.57907000,s,l,
1526239524.1309,1.00010000,34.36308000,s,l,
1526216753.0351,1.00020000,34.33757000,s,m,
1526120419.9088,0.99990000,34.31756000,s,m,
1526605155.7954,1.00020000,31.52276000,s,m,
1526599981.9175,1.00060000,75.00000000,b,m,
1526237862.4776,1.00030000,700.00000000,b,m,
1526386971.0113,1.00000000,31.43768000,b,m,
1526641032.0855,0.99930000,30.08243000,b,l,
1526578976.6693,1.00010000,554.02644472,s,l,
1526255930.1931,1.00000000,12.91217531,b,l,
1526611935.9821,0.99920000,75.00000000,b,l,
1526442706.1479,1.00100000,1.99077779,b,l,
1526467135.3271,1.00050000,32.92630000,s,m,
1526396075.8644,1.00010000,189.93050000,b,m,
1526230161.0387,1.00010000,34.36073000,s,l,
1526455889.0979,1.00140000,6428.52316162,s,l,
1526118456.5039,1.00020000,34.31848000,b,l,
1526540838.0277,1.00010000,30.00825000,b,l,
1526452563.1201,1.00140000,75.00000000,s,l,
1526228922.3869,1.00060000,34.34362000,b,m,
1526665563.8391,1.00020000,75.00000000,b,m,
1526452573.155,1.00130000,75.00000000,b,l,
1526426706.0789,1.00000000,31.43669000,s,l,
1526214417.2522,1.00020000,34.33802000,s,m,
1526455936.5172,0.99940000,647.54101369,s,m,
1526584023.3793,1.00020000,29.99280000,s,l,
1526386971.0725,1.00000000,31.43768000,b,m,
1526649203.1174,0.99970000,396.94700000,b,l,
1526484294.1265,1.00010000,29.99730000,s,m,
1526669434.3618,1.00140000,59919.06188088,b,m,
1526268114.4526,1.00010000,30.02101000,b,l,
1526456291.046,0.99990000,30.01651000,b,l,
1526643062.9782,0.99930000,30.08243000,b,m,
1526482910.5498,1.00080000,29.98681000,b,m,
1526344138.0761,0.99970000,0.00000791,s,m,
1526221688.1944,0.99930000,75.00000000,b,m,
1526649234.2133,0.99970000,20.00000000,b,m,
1526608212.7066,0.99550000,10.35047143,s,m,
1526464329.028,1.00150000,34.32706000,s,m,
1526377881.1489,1.00000000,0.25627507,s,l,
1526123930.1424,1.00060000,42.00000000,b,l,
1526175813.688,1.00060000,49.70027390,b,m,
1526426706.073,1.00000000,31.43669000,s,l,
1526162692.8126,1.00030000,34.33383000,b,l,
1526513186.6212,1.00070000,29.99760000,b,m,
1526604486.7757,1.00110000,29.97782000,b,l,
1526282010.8517,0.99990000,75.00000000,b,l,
1526134187.4492,1.00060000,34.32342000,b,l,
1526361503.4872,1.00010000,1324.44870928,b,m,
1526597656.5547,1.00060000,30.14481000,b,m,
1526250808.1117,1.00040000,24.42660820,s,l,
1526501038.7237,1.00070000,30.00030000,b,m,
1526391541.7354,0.99990000,31.44843000,b,l,
1526231438.3488,1.00030000,23.18339000,b,l,
1526670417.4823,1.00010000,32.51762000,s,l,
1526585506.3387,1.00000000,0.04183250,s,m,
1526373140.4185,1.00010000,537.19255604,s,l,
1526438957.5529,1.00010000,32.91750000,s,l,
1526670071.3174,1.00040000,75.00000000,s,l,
1526346203.8909,1.00010000,30.00240000,b,l,
1526579451.6618,1.00000000,2.98113471,s,l,
1526668202.9543,1.00030000,183.92082375,b,m,
1526600147.7624,1.00050000,0.05827086,s,l,
1526124788.2097,0.99980000,34.32210000,s,m,
1526385742.3823,0.99990000,30.94329000,s,m,
1526426706.1118,1.00000000,31.43669000,s,l,
1526594867.2861,1.00060000,29.99550000,b,l,
1526130755.1273,1.00060000,34.31340000,b,l,
1526332322.9232,0.99990000,30.94549000,b,l,
1526491246.6579,1.00040000,29.98950000,s,m,
1526329693.9747,0.99910000,1503.08629644,s,m,
1526639758.806,0.99960000,30.02552000,b,m,
1526426706.0332,1.00000000,31.43753000,s,l,
1526438205.6362,1.00050000,7297.97090000,b,l,
1526643743.3581,0.99920000,4.09853000,b,l,
1526132570.9886,1.00050000,34.32119000,b,l,
1526231154.6499,1.00010000,34.36073000,s,m,
1526309364.4487,0.99920000,30.94113000,s,m,
1526534656.6952,0.99980000,5.70014273,s,m,
1526256129.9286,1.00000000,20000.00000000,b,l,
1526443039.2651,1.00400000,0.01593619,b,l,
1526157829.9903,1.00000000,97482.00000000,s,m,
1526289762.1114,1.00000000,30.00540000,b,l,
1526467469.6222,1.00120000,33.88636000,b,l,
1526597280.5754,1.00020000,30.14843000,b,l,
1526232700.9787,1.00030000,34.35657000,b,l,
1526291449.7027,0.99990000,30.00240000,s,m,
1526288921.3389,0.99990000,0.04978108,s,l,
1526267990.5552,0.99940000,0.00000012,s,l,
1526141470.548,1.00060000,59.16455600,b,l,
1526203767.4461,1.00030000,34.33585000,b,l,
1526403619.8019,1.00020000,835.40600000,b,l,
1526441388.8137,1.00000000,32.91750000,s,l,
1526452777.6602,1.00130000,7661.23651618,s,l,
1526125120.9319,0.99980000,227.99300000,s,m,
1526517974.8884,1.00010000,18.04743639,s,m,
1526613145.1244,0.99930000,0.00058725,b,l,
1526643743.3538,0.99890000,30.04627000,b,l,
1526172546.1864,1.00050000,10.00000000,b,m,
1526469173.8558,1.00150000,34.38109000,b,m,
1526231438.3034,1.00030000,34.35386000,b,l,
1526125120.9514,0.99970000,34.31874000,s,m,
1526601926.6869,1.00040000,30.15558000,s,l,
1526272569.9424,1.00000000,10000.00000000,b,l,
1526455936.5008,0.99980000,32.42121000,s,m,
1526605155.7679,1.00020000,31.52276000,s,m,
1526547772.5494,1.00090000,29.98381000,b,m,
1526125120.9452,0.99980000,1800.09446889,s,m,
1526125121.0308,0.99900000,0.49227375,s,m,
1526228922.3076,1.00050000,1776.08456056,b,m,
1526305349.3348,0.99940000,30.01711000,s,m,
1526256203.5666,1.00000000,554.85043240,b,l,
1526331061.518,0.99940000,0.00061365,b,l,
1526239822.2528,1.00020000,34.35713000,b,l,
1526229747.3966,1.00010000,34.34363000,s,m,
1526491463.3137,1.00030000,0.00001988,s,l,
1526595754.9913,1.00020000,30.15082000,s,l,
1526583271.4759,1.00010000,0.00000004,s,m,
1526174297.4803,1.00050000,34.33388000,b,m,
1526506255.6421,1.00020000,75.00000000,s,m,
1526443039.2602,1.00400000,239.76194921,b,l,
1526670417.5908,1.00000000,31.58264000,s,l,
1526223457.7358,0.99960000,75.00000000,b,l,
1526597280.5697,1.00020000,30.14843000,b,l,
1526670960.406,0.99850000,414.90261067,s,m,
1526386591.1909,0.99960000,13944.10367780,s,m,
1526455889.1917,1.00020000,34.39590000,s,l,
1526237296.4114,1.00020000,34.36308000,s,l,
1526657039.8057,0.99900000,4640.52400457,s,m,
1526173337.3396,1.00050000,34.33739000,s,l,
1526267993.9077,0.99930000,30.02101000,s,l,
1526232700.8379,1.00020000,75.00000000,b,l,
1526665851.9422,1.00040000,75.00000000,b,l,
1526608212.6882,0.99590000,20014.74752307,s,m,
1526228922.3553,1.00060000,34.34362000,b,m,
1526346203.8983,1.00010000,30.00240000,b,l,
1526252610.329,1.00080000,75.00000000,s,l,
1526384199.6571,1.00000000,0.00014978,s,m,
1526119600.2972,1.00040000,34.26201000,b,l,
1526132571.0321,1.00050000,34.32119000,b,l,
1526488376.5521,1.00070000,29.98441000,b,l,
1526456291.0308,0.99990000,30.01651000,b,l,
1526248847.1972,1.00200000,0.00340478,b,m,
1526563259.0298,1.00020000,29.99310000,s,m,
1526640724.2597,0.99950000,31.58754000,s,m,
1526435589.5316,1.00020000,32.42031000,b,l,
1526230161.034,1.00010000,34.36073000,s,l,
1526552690.0841,1.00080000,75.00000000,s,l,
1526385742.9321,0.99980000,30.94336000,s,m,
1526643534.4762,0.99850000,30.04627000,s,m,
1526613927.3545,0.99530000,8629.81113420,s,m,
1526132571.0351,1.00060000,4.28677000,b,l,
1526268894.2482,1.00000000,30.00540000,b,l,
1526331061.5243,0.99940000,30.94382000,b,l,
1526582461.347,1.00010000,29.99640000,s,l,
1526473128.4953,1.00110000,34.38131000,s,m,
1526246223.4476,1.00020000,34.36447000,b,l,
1526605155.9032,0.99980000,30.15131000,s,m,
1526605524.3444,0.99810000,4994.51948703,s,m,
1526552219.547,1.00060000,29.98127000,s,m,
1526182676.1547,1.00060000,34.33180000,b,m,
1526584023.3992,1.00010000,2.06436317,s,l,
1526604216.3911,1.00020000,1129.62146000,b,l,
1526604737.0093,1.00170000,13076.38900000,b,l,
1526473953.1747,1.00100000,2251.52465891,s,l,
1526247265.1107,1.00030000,50.39920351,s,l,
1526584032.1855,1.00050000,75.00000000,b,m,
1526414151.4003,1.00020000,479.24595001,b,l,
1526643108.9014,0.99900000,30.02913000,s,l,
1526141671.1595,1.00060000,555.94146300,b,l,
1526215077.1339,1.00040000,34.33974000,b,l,
1526669434.3859,1.00200000,19842.32059610,b,m,
1526484677.8311,1.00020000,0.04023888,s,m,
1526289135.4978,1.00000000,26.02200000,b,m,
1526442706.1458,1.00100000,1660.97226785,b,l,
1526141683.997,1.00060000,106.52841600,b,l,
1526443039.1879,1.00260000,1249.50004999,b,l,
1526435589.5401,1.00020000,32.42031000,b,l,
1526435589.5719,1.00020000,2197.42270808,b,l,
1526132571.0294,1.00050000,34.32119000,b,l,
1526386970.9234,0.99970000,31.43744000,b,m,
1526608265.4947,0.99510000,10.38609828,s,m,
1526385742.4136,0.99990000,30.94284000,s,m,
1526442706.0796,1.00060000,32.91340000,b,l,
1526473128.4608,1.00160000,75.00000000,s,m,
1526517321.8257,1.00060000,75.00000000,b,l,
1526222065.264,0.99990000,75.00000000,s,m,
1526286065.1798,0.99980000,2188.00747000,s,m,
1526633229.2385,0.99940000,75.00000000,s,m,
1526600462.4814,1.00050000,74.99566217,s,l,
1526174479.2091,1.00050000,46.67511907,s,l,
1526124788.1872,1.00000000,34.32210000,s,m,
1526173337.3931,1.00020000,3.04153006,s,l,
1526455889.1332,1.00030000,34.39330000,s,l,
1526245893.1362,1.00000000,34.35769000,s,l,
1526252146.6685,1.00080000,34.36823000,b,m,
1526469406.6974,1.00150000,34.38594000,s,l,
1526156946.1418,1.00040000,34.32180000,s,m,
1526670417.4953,1.00010000,32.51762000,s,l,
1526660631.1268,1.00000000,0.00395979,s,l,
1526317190.7706,0.99990000,30.94016000,b,m,
1526601926.6754,1.00040000,30.15560000,s,l,
1526486225.252,1.00040000,29.98711000,s,m,
1526477496.3054,1.00080000,9.99990000,b,l,
1526256430.8225,1.00000000,13076.38900000,b,l,
1526256432.7352,1.00000000,13076.38900000,b,l,
1526287094.5105,0.99990000,398.36850680,s,m,
1526550602.5492,1.00100000,264.37026164,b,l,
1526286003.6167,0.99990000,0.00078749,s,l,
1526151353.7578,1.00050000,34.32208000,s,l,
1526640724.2882,0.99950000,31.58754000,s,m,
1526501038.7988,1.00070000,30.00030000,b,m,
1526187571.7799,1.00060000,75.00000000,s,l,
1526442706.0388,1.00050000,32.91610000,b,l,
1526640724.314,0.99850000,30.04537000,s,m,
1526438282.8369,1.00080000,75.00000000,b,l,
1526467135.2969,1.00050000,9.33012000,s,m,
1526595754.9885,1.00020000,30.15082000,s,l,
1526318738.2316,0.99960000,43.00000000,s,m,
1526228922.4121,1.00070000,34.32799000,b,m,
1526605155.9867,0.99900000,2000.00000000,s,m,
1526190941.6435,1.00040000,34.33403000,s,m,
1526289762.0507,1.00000000,30.01011000,b,l,
1526178619.0801,1.00050000,34.33209000,s,l,
1526249323.8913,1.00070000,34.37594000,s,m,
1526616933.3582,0.99960000,17.97949180,b,l,
1526608212.6511,0.99700000,760.57206651,s,m,
1526633229.2467,0.99910000,30.02612000,s,m,
1526403944.6598,1.00010000,8.00000000,s,m,
1526608265.5157,0.99510000,10.32647530,s,m,
1526156946.1711,1.00040000,34.32186000,s,m,
1526327379.0157,0.99930000,30.94291840,b,l,
1526567794.5813,1.00100000,41311.41878122,b,m,
1526474094.1837,1.00060000,0.00000004,s,m,
1526228922.5005,1.00100000,0.00000114,b,m,
1526577337.1607,1.00030000,74.99999497,s,l,
1526467952.5999,1.00150000,3.88803000,b,l,
1526595353.5895,1.00020000,16.59370733,s,l,
1526319285.044,0.99950000,30.94434000,s,m,
1526221688.2075,0.99950000,30.02582000,b,m,
1526501038.7143,1.00070000,30.00030000,b,m,
1526422954.8547,1.00010000,31.43237000,s,l,
1526605155.7542,1.00020000,31.52276000,s,m,
1526467135.3298,1.00050000,32.92630000,s,m,
1526464329.0355,1.00060000,0.14363174,s,m,
1526559615.5754,1.00020000,30.00525000,b,l,
1526174297.5617,1.00050000,34.33388000,b,m,
1526577306.7716,1.00100000,29.97812000,b,m,
1526602083.2571,1.00020000,75.00000000,s,l,
1526141856.4242,1.00060000,558.34090410,b,l,
1526469537.7999,1.00130000,579.89329341,s,m,
1526604486.6256,1.00020000,2349.66458942,b,l,
1526151353.8039,1.00050000,34.32562000,s,l,
1526249323.8989,1.00070000,34.37594000,s,m,
1526513186.5233,1.00000000,75.00000000,b,m,
1526484294.1289,1.00010000,29.99730000,s,m,
1526404018.8491,1.00010000,1197.11636999,s,m,
1526248847.1235,1.00100000,34.34719000,b,m,
1526151353.8218,1.00050000,34.32597000,s,l,
1526467135.3475,1.00050000,1557.62413793,s,m,
1526622269.1341,0.99940000,0.00112717,s,l,
1526168065.9358,1.00010000,34.33391000,s,m,
1526578976.6672,1.00010000,234.68678614,s,l,
1526231438.3227,1.00030000,34.35386000,b,l,
1526666178.798,1.00020000,31.58082000,s,m,
1526228922.4417,1.00070000,34.32799000,b,m,
1526137801.7339,1.00060000,39.48568247,b,m,
1526309720.3053,0.99940000,30.94091000,b,m,
1526426706.1042,1.00000000,31.43668000,s,l,
1526552219.6432,1.00000000,29.99880000,s,m,
1526605155.8983,0.99980000,30.15131000,s,m,
1526346203.9301,1.00010000,30.94260000,b,l,
1526585506.3293,1.00010000,75.00000000,s,m,
1526486097.0843,1.00070000,29.98441000,b,l,
1526657505.1515,0.99990000,31.58440000,b,l,
1526452406.6763,1.00200000,34.32927000,b,l,
1526130755.1392,1.00060000,34.31340000,b,l,
1526219600.7338,0.99910000,1.11038004,s,m,
1526573915.6857,1.00020000,220.73186677,s,m,
1526617060.9941,0.99970000,75.00000000,b,m,
1526249323.8803,1.00070000,34.37594000,s,m,
1526344930.9531,0.99980000,75.00000000,b,l,
1526471367.9673,1.00140000,154.39121756,s,m,
1526289762.0792,1.00000000,30.00540000,b,l,
1526604486.6696,1.00050000,30.15109000,b,l,
1526176691.4551,1.00040000,34.33159000,s,l,
1526643743.3516,0.99890000,30.04627000,b,l,
1526426706.0946,1.00000000,31.43668000,s,l,
1526456504.5253,1.00040000,75.00000000,b,m,
1526231154.6238,1.00010000,34.36073000,s,m,
1526158333.4675,1.00020000,75.00000000,b,l,
1526513186.6146,1.00070000,29.99220000,b,m,
1526621013.4848,0.99970000,14.92435200,b,l,
1526637032.2721,0.99910000,5089.92817531,s,l,
1526597656.8379,1.00060000,30.14843000,b,m,
1526443039.2129,1.00300000,296.78972407,b,l,
1526486022.846,1.00010000,29.99730000,s,l,
1526203767.4793,1.00050000,0.49996435,b,l,
1526604486.7534,1.00050000,30.15379000,b,l,
1526458369.1556,1.00180000,33.90580000,b,l,
1526216086.643,1.00060000,158.83630000,b,l,
1526491246.6299,1.00040000,29.98950000,s,m,
1526519704.9467,1.00010000,212.46397405,s,l,
1526309720.3027,0.99940000,30.94091000,b,m,
1526344138.0582,0.99970000,0.00796112,s,m,
1526134958.3708,1.00060000,75.00000000,s,l,
1526335657.6702,0.99920000,147.62788154,s,m,
1526267667.3775,1.00000000,12701.24462000,b,l,
1526491246.7512,1.00000000,44672.07995038,s,m,
1526422954.8839,1.00010000,31.43453000,s,l,
1526386971.1092,1.00010000,50022.49325067,b,m,
1526604486.6585,1.00050000,30.15109000,b,l,
1526669433.9914,1.00080000,29.98681000,b,m,
1526228922.3158,1.00060000,34.34362000,b,m,
1526567978.047,1.00080000,9.00000000,s,m,
1526125120.917,0.99980000,563.26267903,s,m,
1526256684.8533,1.00000000,10000.00000000,b,l,
1526543518.1515,1.00090000,29.99700000,b,l,
1526371376.8212,1.00020000,13076.38900000,b,l,
1526231455.6624,1.00020000,1.08977136,s,l,
1526371382.8014,1.00020000,13076.38900000,b,l,
1526601926.7205,1.00040000,30.14834000,s,l,
1526248702.1891,1.00040000,34.37061000,s,m,
1526172959.4014,1.00060000,34.33498000,b,m,
1526207549.654,1.00060000,17.00824000,b,m,
1526331573.686,0.99940000,0.00083956,b,l,
1526433860.6968,1.00010000,247.26600000,b,l,
1526176899.393,1.00070000,162.47100000,b,l,
1526424040.3272,1.00000000,14.09176000,s,l,
1526635932.2077,0.99960000,30.02552000,b,m,
1526388866.5484,0.99990000,182.69700000,s,l,
1526215077.1052,1.00040000,34.33832000,b,l,
1526469406.7018,1.00150000,34.38594000,s,l,
1526486097.096,1.00070000,29.98441000,b,l,
1526142035.3154,1.00060000,1505.00000000,b,m,
1526151353.8061,1.00050000,34.32560000,s,l,
1526640724.2573,0.99950000,31.58754000,s,m,
1526455889.1006,1.00130000,33.83897000,s,l,
1526442706.1586,1.00100000,0.00472698,b,l,
1526231340.7917,1.00010000,34.36073000,s,l,
1526467135.3451,1.00050000,32.92630000,s,m,
1526231154.6344,1.00010000,34.36073000,s,m,
1526309364.4659,0.99920000,30.94113000,s,m,
1526231438.3396,1.00030000,34.35522000,b,l,
1526305349.3323,0.99950000,30.93753000,s,m,
1526187571.7902,1.00050000,34.33209000,s,l,
1526595775.8891,1.00020000,30.15061000,s,l,
1526442706.1549,1.00100000,29567.26648358,b,l,
1526568051.8783,1.00080000,10.00000000,s,m,
1526172959.3943,1.00060000,34.33498000,b,m,
1526456291.0843,0.99990000,30.01651000,b,l,
1526229747.3668,1.00080000,75.00000000,s,m,
1526232700.9564,1.00030000,34.35522000,b,l,
1526484500.6921,1.00050000,29.98441000,s,l,
1526338682.2314,0.99990000,0.00399600,b,l,
1526643108.9038,0.99900000,0.00058672,s,l,
1526162282.9847,1.00020000,93.82267170,b,l,
1526385742.3482,0.99990000,30.94329000,s,m,
1526496289.5604,1.00000000,654.10047180,s,m,
1526552219.5795,1.00010000,29.99670000,s,m,
1526642347.8653,0.99890000,14.93541622,s,l,
1526131265.309,1.00060000,835.25619502,b,l,
1526488419.7165,1.00040000,29.98950000,s,l,
1526176691.4435,1.00040000,34.33289000,s,l,
1526201356.9445,1.00010000,547.93621190,s,m,
1526488376.5428,1.00070000,29.98441000,b,l,
1526432226.8207,1.00000000,0.00000025,b,l,
1526488753.7401,1.00080000,199.37419240,b,l,
1526456291.0215,0.99990000,30.01651000,b,l,
1526305940.9601,0.99920000,75.00000000,s,l,
1526182676.1847,1.00070000,391.01051000,b,m,
1526268114.4634,1.00010000,30.02101000,b,l,
1526291449.6806,0.99990000,30.00446000,s,m,
1526246223.4866,1.00020000,34.36447000,b,l,
1526584023.3822,1.00020000,29.99280000,s,l,
1526176809.8222,1.00060000,34.33308000,b,m,
1526318637.9004,0.99970000,30.94241000,b,m,
1526635932.21,0.99960000,30.02552000,b,m,
1526484507.5172,1.00000000,251.93600000,s,l,
1526601926.7109,1.00040000,30.15558000,s,l,
1526643111.1911,0.99830000,59.89800966,s,l,
1526215077.1455,1.00040000,34.33974000,b,l,
1526232701.0117,1.00030000,34.35711000,b,l,
1526172635.346,1.00030000,34.33548000,s,m,
1526174903.7479,1.00060000,348.80109563,b,m,
1526123930.135,1.00060000,1042.67728980,b,l,
1526130753.2656,1.00010000,34.32890000,b,l,
1526473591.829,1.00130000,5.00000000,b,m,
1526306000.4314,0.99980000,30.93823000,b,l,
1526486225.2258,1.00040000,29.98711000,s,m,
1526121928.8834,1.00020000,34.31620000,b,l,
1526306005.7406,1.00000000,13076.38900000,b,l,
1526491246.7398,1.00010000,2300.62580760,s,m,
1526583222.4299,1.00030000,29.99640000,b,m,
1526175813.701,1.00060000,49.70027390,b,m,
1526422954.9212,1.00010000,373.38600000,s,l,
1526219479.9932,0.99910000,0.76738916,s,m,
1526466692.6656,1.00100000,75.00000000,s,m,
1526252611.9306,1.00040000,29.98741000,s,l,
1526521233.3603,0.99990000,10037.28342695,s,m,
1526438957.5653,1.00010000,1401.28864596,s,l,
1526540742.4394,1.00000000,30.01125000,b,l,
1526595353.5438,1.00020000,30.15090000,s,l,
1526216753.0329,1.00020000,34.33757000,s,m,
1526248702.2109,1.00030000,0.00297987,s,m,
1526629885.6438,0.99920000,1797.75005564,s,l,
1526435589.4683,1.00020000,31.43693000,b,l,
1526386970.985,1.00000000,31.43768000,b,m,
1526608265.7046,0.99420000,10.38540135,s,m,
1526583271.4739,1.00010000,0.00001999,s,m,
1526176691.4181,1.00040000,34.33353000,s,l,
1526473600.4732,1.00110000,4.99001996,s,m,
1526131936.1259,1.00050000,34.34275000,s,m,
1526608265.6922,0.99460000,10.37959199,s,m,
1526484294.0829,1.00050000,29.98441000,s,m,
1526256908.5193,1.00000000,13076.38900000,b,l,
1526256910.5611,1.00000000,13076.38900000,b,l,
1526291449.7,0.99990000,30.00240000,s,m,
1526455889.2181,1.00010000,34.39590000,s,l,
1526604486.6391,1.00040000,30.15109000,b,l,
1526531599.6705,0.99990000,30.00240000,s,l,
1526252146.7161,1.00080000,34.36420000,b,m,
1526273309.8216,1.00000000,188.27400000,b,l,
1526531599.6554,0.99990000,30.00240000,s,l,
1526670417.5849,1.00000000,31.58290000,s,l,
1526602207.9468,1.00000000,30.14481000,s,l,
1526424455.6614,1.00010000,232.45753629,s,l,
1526255154.9431,1.00010000,959.36777702,s,m,
1526195456.3664,1.00050000,34.33358000,s,l,
1526577373.1457,1.00020000,0.00098869,s,l,
1526583402.1246,1.00060000,29.99280000,b,l,
1526229747.4059,1.00010000,34.36073000,s,m,
1526306100.7777,1.00000000,282.21900000,b,l,
1526306102.4694,1.00000000,432.28000000,b,l,
1526151353.7737,1.00050000,34.32203000,s,l,
1526640724.3001,0.99950000,31.58754000,s,m,
1526501038.7839,1.00070000,29.98441000,b,m,
1526130755.1977,1.00060000,34.31340000,b,l,
1526438957.5227,1.00010000,32.91750000,s,l,
1526187571.8014,1.00050000,34.33209000,s,l,
1526657039.729,0.99980000,75.00000000,s,m,
1526442706.0547,1.00050000,32.91610000,b,l,
1526501038.7626,1.00070000,29.98441000,b,m,
1526252611.9001,1.00050000,7.78820000,s,l,
1526306122.3595,0.99990000,75.00000000,b,l,
1526248144.8249,1.00050000,34.34719000,b,m,
1526224207.6699,0.99960000,74.99999571,s,l,
1526477345.4343,1.00050000,29.98441000,s,m,
1526224211.1429,0.99950000,74.99999142,s,l,
1526575511.4401,1.00020000,433.47355528,s,m,
1526437206.147,1.00010000,328.45854512,s,l,
1526267673.0983,1.00000000,30.01125000,b,l,
1526289759.604,1.00000000,30.00540000,b,l,
1526577473.5241,1.00020000,29.99340000,s,m,
1526176691.3901,1.00050000,34.33071000,s,l,
1526289762.0976,1.00000000,30.00540000,b,l,
1526162692.8041,1.00030000,34.33383000,b,l,
1526289764.022,1.00000000,13076.38900000,b,l,
1526228922.5393,1.00190000,0.01572907,b,m,
1526306150.9116,0.99960000,75.00000000,s,l,
1526289767.3796,1.00000000,2719.45575029,b,l,
1526327381.7679,0.99940000,118.86577480,b,l,
1526156946.1394,1.00040000,34.32180000,s,m,
1526130755.2071,1.00060000,34.32890000,b,l,
1526484294.1312,1.00010000,29.99730000,s,m,
1526332322.9337,0.99990000,30.94544000,b,l,
1526661371.2851,1.00010000,528.01900000,s,l,
1526601080.2434,1.00070000,74.99205000,b,l,
1526543529.5069,1.00100000,771.39929600,b,l,
1526437247.5492,1.00010000,169.40052000,s,l,
1526595353.569,1.00020000,30.15082000,s,l,
1526130612.2353,0.99980000,1988.84666869,s,m,
1526386971.0585,1.00000000,31.43768000,b,m,
1526305349.3145,0.99980000,30.93625000,s,m,
1526162725.1501,1.00030000,97.02544185,b,l,
1526482910.5713,1.00080000,29.98681000,b,m,
1526125120.9854,0.99960000,34.32262000,s,m,
1526338957.0253,0.99980000,67.85860666,b,l,
1526224653.3953,0.99990000,34.34608000,b,l,
1526605155.7794,1.00020000,31.52276000,s,m,
1526442706.1065,1.00060000,32.91340000,b,l,
1526464329.0402,1.00060000,0.00000057,s,m,
