time,price,volume,buy_or_sell,market_or_limit,misc
1526267905.6944,0.99930000,30.02101000,s,l,
1526248847.1507,1.00100000,34.34719000,b,m,
1526289762.0976,1.00000000,30.00540000,b,l,
1526390785.4624,0.99980000,31.44094000,b,m,
1526239524.1414,1.00010000,34.36355000,s,l,
1526249376.3786,1.00070000,34.37594000,s,m,
1526337172.6605,0.99990000,30.94191000,b,l,
1526267918.2508,0.99930000,30.02101000,s,l,
1526131373.0159,1.00070000,956.24300000,b,l,
1526267921.61,0.99930000,2.94837612,s,l,
1526161426.2147,1.00020000,265.91196079,s,l,
1526125121.0084,0.99930000,34.32262000,s,m,
1526248144.8153,1.00040000,75.00000000,b,m,
1526399045.6545,1.00010000,75.00000000,s,m,
1526156946.2262,1.00010000,0.49994999,s,m,
1526125120.9559,0.99970000,34.31874000,s,m,
1526125120.9298,0.99980000,214.20536313,s,m,
1526252610.6,1.00050000,34.34673000,s,l,
1526172546.1544,1.00030000,34.33411000,b,m,
1526203767.505,1.00060000,34.33592000,b,l,
1526121928.5075,0.99990000,34.31871000,b,l,
1526267963.7635,0.99940000,42.91400000,s,l,
1526172959.3876,1.00060000,34.33498000,b,m,
1526332760.2812,0.99990000,75.00000000,b,m,
1526267970.4874,0.99940000,32.08599988,s,l,
1526300740.5122,0.99990000,10.89022000,b,m,
1526399045.6522,1.00010000,3524.63253674,s,m,
1526168065.9127,1.00010000,34.33363000,s,m,
1526374472.1961,1.00000000,5.58351448,s,m,
1526231558.3763,1.00020000,0.10264923,s,m,
1526224653.4023,0.99990000,34.34608000,b,l,
1526289762.0737,1.00000000,30.00540000,b,l,
1526307512.8492,0.99990000,75.00000000,b,l,
1526267918.2552,0.99930000,27.07263388,s,l,
1526267990.5552,0.99940000,0.00000012,s,l,
1526295225.2343,0.99960000,75.00000000,s,m,
1526267993.9109,0.99930000,14.95997972,s,l,
1526390875.3512,0.99980000,3850.00000000,b,m,
1526267997.1912,0.99930000,15.06103028,s,l,
1526268000.566,0.99930000,8.15644255,s,l,
1526125121.0196,0.99930000,34.32262000,s,m,
1526140287.5457,1.00050000,12.82090550,s,m,
1526268005.7771,0.99920000,194.31502114,s,l,
1526333542.8643,1.00000000,14.93460000,b,m,
1526267921.6136,0.99930000,54.14054722,s,l,
1526289767.3796,1.00000000,2719.45575029,b,l,
1526318637.895,0.99970000,30.94241000,b,m,
1526344930.9657,0.99990000,1800.42885549,b,l,
1526268019.5303,0.99920000,194.16224730,s,l,
1526173337.3426,1.00050000,34.33739000,s,l,
1526386971.0632,1.00000000,31.43768000,b,m,
1526268027.2433,0.99930000,74.99996540,s,l,
1526390908.5143,0.99970000,75.00000000,s,m,
1526228832.4739,1.00030000,951.59376628,b,m,
1526358146.5512,1.00000000,558.66551010,s,l,
1526228922.4607,1.00070000,34.33419000,b,m,
1526202501.3127,1.00010000,35.09333319,s,l,
1526317190.7555,0.99960000,75.00000000,b,m,
1526232869.9383,1.00060000,75.00000000,b,l,
1526252610.6086,1.00050000,34.34673000,s,l,
1526300814.8665,0.99980000,0.05976072,s,m,
1526248847.0696,1.00060000,34.36489000,b,m,
1526358166.9329,1.00000000,558.66551010,s,l,
1526238653.8939,1.00030000,34.35608000,b,l,
1526255797.5562,1.00000000,34.36682000,s,l,
1526349981.6705,1.00000000,26.06922742,s,m,
1526228832.4598,1.00020000,75.00000000,b,m,
1526309957.8815,0.99940000,30.94230000,s,m,
1526268065.9457,0.99920000,0.00091093,s,l,
1526251683.0707,1.00050000,34.35266000,b,l,
1526268114.4393,0.99980000,1013.37067780,b,l,
1526268073.2122,0.99980000,75.00000000,b,l,
1526145197.6084,1.00060000,221.22387819,b,l,
1526309364.4686,0.99920000,30.94113000,s,m,
1526232701.0287,1.00070000,2.00000000,b,l,
1526291145.6899,1.00000000,6385.00000000,b,l,
1526335657.6596,0.99960000,30.95093000,s,m,
1526268091.9826,0.99980000,13076.38900000,b,l,
1526332107.7213,0.99940000,30.94457000,b,l,
1526251711.8636,1.00050000,34.35301000,b,l,
1526251712.7379,1.00050000,6.29433000,b,l,
1526268099.946,0.99950000,16.85495944,s,l,
1526268102.6107,0.99950000,16.88966493,s,l,
1526212029.4508,1.00030000,0.00031911,s,l,
1526254114.2492,1.00050000,75.00000000,s,l,
1526203767.4971,1.00060000,34.33592000,b,l,
1526121928.8744,1.00020000,34.31569000,b,l,
1526140962.9297,1.00050000,499.00207908,s,m,
1526268114.4661,1.00010000,30.02101000,b,l,
1526121928.5389,1.00020000,34.31539000,b,l,
1526305349.3098,0.99980000,30.93625000,s,m,
1526268119.9576,1.00020000,13076.38900000,b,l,
1526268120.2355,0.99970000,16.89342076,s,l,
1526268121.8057,1.00020000,13076.38900000,b,l,
1526280879.6988,0.99980000,30.00525000,s,m,
1526268127.5474,1.00000000,30.01591000,b,l,
1526414151.5534,1.00030000,697.94800000,b,l,
1526130753.2833,1.00010000,34.32890000,b,l,
1526228922.4654,1.00070000,34.33419000,b,m,
1526237296.4397,1.00020000,34.36308000,s,l,
1526346203.8983,1.00010000,30.00240000,b,l,
1526289939.1348,0.99990000,58.46522954,s,m,
1526280879.6825,0.99980000,30.00525000,s,m,
1526268147.0439,0.99990000,16.84821666,s,l,
1526268150.0368,0.99990000,16.89905758,s,l,
1526132571.0049,1.00050000,34.32119000,b,l,
1526135509.8956,1.00060000,0.00095980,b,l,
1526229747.3988,1.00010000,34.36073000,s,m,
1526268163.7992,0.99990000,16.84821675,s,l,
1526268166.8297,0.99990000,16.84821675,s,l,
1526121929.0466,1.00020000,34.31661000,b,l,
1526268171.0244,1.00000000,16.90375760,s,l,
1526268173.536,1.00000000,16.84653182,s,l,
1526267876.8269,0.99960000,75.00000000,b,l,
1526268177.4095,1.00000000,16.84653182,s,l,
1526120815.126,1.00000000,75.00000000,s,l,
1526291449.6806,0.99990000,30.00446000,s,m,
1526299215.061,0.99990000,75.00000000,b,m,
1526252146.6491,1.00060000,29.98741000,b,m,
1526215488.5857,1.00060000,0.00003965,b,m,
1526267702.0923,0.99980000,30.00750000,s,l,
1526268199.6612,1.00000000,16.93012713,s,l,
1526176809.8362,1.00060000,34.33308000,b,m,
1526291449.6482,0.99990000,30.00446000,s,m,
1526190941.6202,1.00050000,34.33360000,s,m,
1526268207.317,1.00000000,7.47305163,s,l,
1526268208.3281,0.99980000,30.00750000,s,l,
1526268210.5724,0.99980000,7.47399998,s,l,
1526386971.1025,1.00000000,31.43768000,b,m,
1526151353.7925,1.00050000,34.32563000,s,l,
1526373140.4035,1.00010000,2885.19223077,s,l,
1526268215.1371,0.99980000,561.14518467,s,l,
1526268114.4553,1.00010000,30.02101000,b,l,
1526268226.4351,0.99980000,561.14513362,s,l,
1526135521.2276,1.00060000,46.87215440,b,l,
1526158910.9679,1.00030000,34.33383000,b,l,
1526386507.5841,0.99960000,118.73992815,s,m,
1526248144.8218,1.00050000,34.34719000,b,m,
1526252610.6127,1.00050000,34.34673000,s,l,
1526172546.1513,1.00030000,34.33411000,b,m,
1526268248.3091,0.99980000,8.10375994,s,l,
1526221688.198,0.99950000,30.02582000,b,m,
1526268250.4458,0.99980000,8.10376000,s,l,
1526248847.1018,1.00060000,34.36489000,b,m,
1526172695.1916,1.00030000,5.41968934,s,l,
1526268253.8856,0.99980000,37.28368327,s,l,
1526232872.3457,1.00070000,32.53722109,b,l,
1526268257.7701,0.99980000,19.22977604,s,l,
1526337172.6684,0.99990000,30.93791400,b,l,
1526268261.2434,0.99980000,2.27902075,s,l,
1526176691.4495,1.00040000,34.33289000,s,l,
1526237296.4508,1.00020000,34.36308000,s,l,
1526120815.1314,0.99990000,34.31539000,s,l,
1526332322.9446,0.99990000,30.94544000,b,l,
1526216086.6268,1.00060000,75.00000000,b,l,
1526120839.7711,0.99990000,34.31559000,b,l,
1526268114.4526,1.00010000,30.02101000,b,l,
1526168065.9589,1.00010000,0.39473954,s,m,
1526139629.0637,1.00070000,554.51789380,b,l,
1526125976.0215,0.99950000,75.00000000,b,l,
1526229315.3339,1.00080000,5.00000000,s,l,
1526203767.4631,1.00030000,434.63665068,b,l,
1526300740.5168,0.99990000,19.10978000,b,m,
1526407580.0439,1.00010000,551.60500000,b,l,
1526342319.9615,0.99990000,1355.41054105,b,l,
1526231455.6624,1.00020000,1.08977136,s,l,
1526399045.6454,1.00010000,4999.50004999,s,m,
1526311222.3683,0.99970000,30.94215000,b,l,
1526385742.341,0.99990000,30.94198000,s,m,
1526230161.0316,1.00010000,34.36073000,s,l,
1526120876.3454,0.99990000,34.31569000,b,l,
1526407598.2905,1.00010000,1263.74700000,b,l,
1526249376.4006,1.00050000,34.37594000,s,m,
1526130755.1932,1.00060000,34.31340000,b,l,
1526120882.2541,0.99990000,34.31590000,b,l,
1526229747.3892,1.00010000,34.34363000,s,m,
1526246223.4656,1.00020000,34.36447000,b,l,
1526134187.4569,1.00060000,34.32342000,b,l,
1526306000.4508,1.00000000,12475.43909000,b,l,
1526289762.053,1.00000000,30.01011000,b,l,
1526231438.3341,1.00030000,34.35522000,b,l,
1526287094.5161,0.99990000,0.00158712,s,m,
1526120910.3661,0.99990000,34.31600000,b,l,
1526120911.4014,0.99990000,34.31600000,b,l,
1526172650.4986,1.00030000,6.84883678,s,l,
1526268370.3244,0.99980000,9.43063473,s,l,
1526248847.1046,1.00060000,34.36474000,b,m,
1526165318.7002,1.00020000,0.00032276,s,m,
1526317527.1588,0.99940000,28.42652216,s,m,
1526248702.174,1.00040000,34.36710000,s,m,
1526345049.1794,0.99990000,393.85721387,b,l,
1526229747.3843,1.00010000,34.34363000,s,m,
1526346084.1855,1.00000000,30.94151000,b,l,
1526203767.4598,1.00030000,2065.36334932,b,l,
1526187381.7293,1.00060000,23.31176477,b,l,
1526229747.4267,1.00010000,34.36073000,s,m,
1526120937.5629,0.99990000,34.31620000,b,l,
1526137323.1235,1.00030000,34.32099987,s,l,
1526386971.018,1.00000000,31.43768000,b,m,
1526289762.1044,1.00000000,30.00540000,b,l,
1526309720.3422,0.99980000,30.93969000,b,m,
1526342131.6609,0.99990000,50.88149180,b,l,
1526309364.4463,0.99920000,30.94113000,s,m,
1526227452.5609,1.00000000,75.00000000,b,l,
1526120957.1756,0.99990000,34.31630000,b,l,
1526120958.0757,0.99990000,34.31630000,b,l,
1526134187.4516,1.00060000,34.32342000,b,l,
1526267990.5629,0.99930000,0.00099984,s,l,
1526289762.0384,1.00000000,30.01011000,b,l,
1526211081.9311,1.00040000,30.60429142,s,m,
1526221688.2121,0.99950000,30.02582000,b,m,
1526120978.5117,0.99990000,34.31651000,b,l,
1526214388.1277,1.00020000,4.23236709,s,l,
1526267993.8999,0.99930000,30.02001016,s,l,
1526344930.9604,0.99990000,1274.59342627,b,l,
1526161949.907,1.00020000,74.99555740,b,l,
1526268449.5192,0.99980000,558.98336539,s,l,
1526390875.3489,0.99980000,75.00000000,b,m,
1526120999.111,0.99990000,34.31661000,b,l,
1526268457.2987,0.99980000,176.73035869,s,l,
1526267997.1954,0.99930000,30.02101000,s,l,
1526172546.1759,1.00050000,20.00000000,b,m,
1526170162.5114,1.00020000,107.98783920,b,l,
1526121012.9943,0.99990000,34.31671000,b,l,
1526268469.1058,0.99990000,75.00000000,b,l,
1526124788.1698,1.00000000,34.32210000,s,m,
1526228574.504,1.00010000,0.00000179,s,l,
1526268000.5688,0.99920000,66.94749057,s,l,
1526243906.7316,1.00010000,75.00000000,s,l,
1526221688.2244,1.00010000,34.34395000,b,m,
1526121033.7392,0.99990000,34.31811000,b,l,
1526237296.4114,1.00020000,34.36308000,s,l,
1526317571.3111,0.99910000,5153.75654364,s,m,
1526120419.9164,0.99980000,34.31799000,s,m,
1526277560.4015,0.99990000,1283.37276033,s,l,
1526276692.2978,1.00000000,3835.76350000,b,l,
1526232712.342,1.00020000,34.36316000,s,m,
1526121054.1164,0.99990000,34.31818000,b,l,
1526203767.4743,1.00030000,34.33585000,b,l,
1526393933.0412,1.00010000,0.29999880,s,m,
1526125121.0308,0.99900000,0.49227375,s,m,
1526291449.6772,0.99990000,30.00446000,s,m,
1526358118.1222,1.00000000,558.66458000,s,l,
1526409668.3344,1.00020000,977.54700000,b,l,
1526366828.5234,1.00000000,597.18270000,s,m,
1526385742.3949,0.99990000,30.94284000,s,m,
1526212029.439,1.00040000,3.67109000,s,l,
1526284912.4343,1.00000000,557.49706452,b,l,
1526252146.7305,1.00080000,34.36044000,b,m,
1526173337.3683,1.00030000,34.33548000,s,l,
1526373140.412,1.00010000,1274.59342627,s,l,
1526207935.3212,1.00040000,19.96007984,s,m,
1526252146.7016,1.00080000,34.36823000,b,m,
1526120419.9016,0.99990000,34.31756000,s,m,
1526162063.7402,1.00020000,30.39076607,b,l,
1526176809.8,1.00060000,34.33308000,b,m,
1526162066.0253,1.00020000,105.39076607,b,l,
1526268563.356,0.99990000,25.29871315,s,l,
1526325912.8266,0.99930000,8.63000000,b,m,
1526145689.5619,1.00060000,473.12964000,b,l,
1526226150.7552,1.00020000,34.34608000,b,l,
1526145694.0184,1.00060000,132.58080000,b,l,
1526289135.511,1.00000000,0.00800000,b,m,
1526121120.6166,0.99970000,34.31837000,b,l,
1526121121.5261,0.99970000,34.31837000,b,l,
1526268580.8362,0.99990000,55.59162284,s,l,
1526206577.1074,1.00060000,34.33608000,b,m,
1526332107.7348,0.99950000,30.94536000,b,l,
1526162092.5757,1.00020000,327.32023526,b,l,
1526231154.6423,1.00010000,34.36073000,s,m,
1526342319.9531,0.99990000,1783.64216391,b,l,
1526121928.8649,1.00020000,34.31539000,b,l,
1526280879.6964,0.99980000,30.00525000,s,m,
1526252212.4329,1.00050000,7784.06582381,s,m,
1526121929.0555,1.00030000,34.31825000,b,l,
1526286065.1666,0.99980000,30.00553000,s,m,
1526145724.3671,1.00060000,89.58488436,b,l,
1526145726.5724,1.00060000,89.58488436,b,l,
1526121151.5106,0.99970000,6.36326000,b,l,
1526133724.4106,1.00030000,34.32024000,s,l,
1526246223.4632,1.00020000,34.36447000,b,l,
1526121932.9158,1.00060000,311.39900000,b,l,
1526386971.0227,1.00000000,31.43768000,b,m,
1526121933.1861,1.00060000,46.51154845,b,l,
1526228922.4394,1.00070000,34.32799000,b,m,
1526255797.5586,1.00000000,34.36716000,s,l,
1526219479.982,1.00000000,34.34081000,s,m,
1526176809.7942,1.00060000,34.33308000,b,m,
1526231580.2323,1.00020000,328.29200000,s,l,
1526280879.7011,0.99980000,30.00525000,s,m,
1526162151.0005,1.00020000,103.21740000,b,l,
1526206577.0906,1.00050000,75.00000000,b,m,
1526390908.5193,0.99970000,0.00736021,s,m,
1526228832.4712,1.00030000,1202.33772682,b,m,
1526216753.0527,1.00010000,2499.75001782,s,m,
1526172959.4129,1.00060000,34.33483000,b,m,
1526391541.7376,0.99990000,31.44843000,b,l,
1526293240.3001,1.00000000,25.00000000,b,l,
1526162171.0966,1.00020000,195.56839638,b,l,
1526386970.9143,0.99970000,31.43744000,b,m,
1526335657.6643,0.99930000,30.94610000,s,m,
1526228922.5393,1.00190000,0.01572907,b,m,
1526145796.949,1.00060000,165.42116160,b,l,
1526121942.6419,1.00060000,0.00000196,b,l,
1526174297.4997,1.00050000,34.33388000,b,m,
1526274860.3702,1.00000000,13076.38900000,b,l,
1526120815.134,0.99990000,34.31539000,s,l,
1526296707.4177,0.99970000,75.00000000,s,m,
1526309957.887,0.99940000,2.51037924,s,m,
1526389550.8897,0.99970000,0.49995001,s,l,
1526268696.6574,0.99990000,45.28275670,s,l,
1526245893.1257,1.00000000,34.35769000,s,l,
1526281774.6275,0.99990000,74.99990040,b,l,
1526252146.6566,1.00070000,75.00000000,b,m,
1526252611.9332,1.00030000,3.42571906,s,l,
1526203767.5101,1.00060000,34.33592000,b,l,
1526215488.5946,1.00060000,34.33802000,b,m,
1526231455.6607,1.00020000,545.97544910,s,l,
1526317190.7683,0.99990000,30.94007000,b,m,
1526274865.6299,1.00000000,13076.38900000,b,l,
1526190941.5955,1.00050000,21.40179867,s,m,
1526176809.7683,1.00050000,34.33308000,b,m,
1526229747.4313,1.00010000,34.36073000,s,m,
1526132571.0241,1.00050000,34.32119000,b,l,
1526151353.7641,1.00050000,34.32208000,s,l,
1526248062.6814,1.00030000,1540.63222298,b,l,
1526287156.0275,1.00000000,13076.38900000,b,l,
1526268730.5006,0.99990000,212.34113987,s,l,
1526178619.0801,1.00050000,34.33209000,s,l,
1526176899.6507,1.00070000,437.90400000,b,l,
1526268734.3378,0.99990000,212.34114004,s,l,
1526187571.8058,1.00050000,34.33209000,s,l,
1526248847.172,1.00100000,34.34719000,b,m,
1526219600.729,0.99920000,75.00000000,s,m,
1526377272.3229,1.00000000,5617.52441319,s,l,
1526145874.7071,1.00060000,10.00000000,b,m,
1526300814.8579,0.99980000,29.94011976,s,m,
1526178937.5136,1.00050000,8.14038413,s,l,
1526309720.3155,0.99940000,30.94091000,b,m,
1526252610.3492,1.00050000,16.40962000,s,l,
1526228922.3158,1.00060000,34.34362000,b,m,
1526123930.1478,1.00070000,11872.62700000,b,l,
1526360174.7069,1.00000000,0.00020278,s,m,
1526268770.8169,0.99990000,77.40388200,s,l,
1526245380.4103,1.00000000,4239.03600000,s,l,
1526151353.7786,1.00050000,34.32546000,s,l,
1526268773.3665,0.99990000,134.14015647,s,l,
1526162280.3854,1.00020000,100.22821200,b,l,
1526162282.9847,1.00020000,93.82267170,b,l,
1526156946.1951,1.00020000,34.32151000,s,m,
1526228922.4946,1.00100000,142.71457086,b,m,
1526130753.2707,1.00010000,34.32890000,b,l,
1526267745.3287,0.99980000,12.80506457,s,l,
1526207549.654,1.00060000,17.00824000,b,m,
1526308510.7922,0.99990000,75.00000000,b,m,
1526137801.7245,1.00050000,34.32181000,b,m,
1526190941.6088,1.00050000,34.33419000,s,m,
1526244234.3013,1.00010000,9.73696576,s,m,
1526306000.3968,0.99970000,75.00000000,b,l,
1526286065.1694,0.99980000,30.00525000,s,m,
1526145940.1921,1.00060000,20.00000000,b,m,
1526174297.478,1.00050000,34.33388000,b,m,
1526170756.1521,1.00020000,194.93959912,b,l,
1526121928.8789,1.00020000,34.31590000,b,l,
1526414150.1373,1.00020000,198.87060600,b,l,
1526385742.3751,0.99990000,30.94329000,s,m,
1526267876.8947,1.00020000,393.51400000,b,l,
1526145960.9746,1.00060000,4314.05186888,b,m,
1526119239.0524,1.00010000,13076.38900000,b,l,
1526249376.3905,1.00070000,34.37594000,s,m,
1526267867.3775,0.99930000,8.99817480,s,l,
1526349981.6911,1.00000000,0.01037258,s,m,
1526319285.0856,0.99920000,1.20240813,s,m,
1526396075.8584,1.00010000,189.93050000,b,m,
1526252610.3226,1.00080000,75.00000000,s,l,
1526136659.1845,1.00030000,55.53244215,s,l,
1526285243.7691,0.99990000,2.20242051,s,m,
1526232701.0045,1.00030000,34.35711000,b,l,
1526335657.6204,0.99960000,30.95093000,s,m,
1526215077.1107,1.00040000,34.33974000,b,l,
1526231438.3318,1.00030000,34.35522000,b,l,
1526121929.0577,1.00030000,34.31837000,b,l,
1526119243.0638,1.00010000,13076.38900000,b,l,
1526268065.9387,0.99930000,0.00003460,s,l,
1526137801.7296,1.00050000,34.32229000,b,m,
1526346203.8795,1.00010000,30.00240000,b,l,
1526190941.6346,1.00040000,34.33403000,s,m,
1526352940.8216,1.00000000,14661.01399228,s,m,
1526228922.4781,1.00070000,1629.38755605,b,m,
1526305349.3212,0.99980000,30.93625000,s,m,
1526305349.3122,0.99980000,30.93625000,s,m,
1526299784.2879,0.99990000,75.00000000,b,l,
1526246223.4556,1.00020000,34.36447000,b,l,
1526124788.2025,1.00000000,34.32210000,s,m,
1526268894.2413,1.00000000,30.00540000,b,l,
1526385742.4196,0.99990000,30.94284000,s,m,
1526386971.0839,1.00000000,31.43768000,b,m,
1526299215.0518,0.99970000,30.44533000,b,m,
1526318637.9026,0.99970000,30.94241000,b,m,
1526203767.52,1.00060000,34.33592000,b,l,
1526267869.502,0.99930000,30.02192000,s,l,
1526231438.3056,1.00030000,34.35386000,b,l,
1526368526.0511,1.00020000,12976.39034730,b,l,
1526146035.3518,1.00050000,51.72000000,s,m,
1526268073.2036,0.99940000,30.02342000,b,l,
1526329514.1321,0.99930000,75.00000000,b,l,
1526222065.2758,0.99940000,6.80887864,s,m,
1526267900.5123,0.99930000,20.88751854,s,l,
1526151353.8218,1.00050000,34.32597000,s,l,
1526270806.3693,0.99990000,1.51098682,s,l,
1526289762.0552,1.00000000,30.00540000,b,l,
1526176691.403,1.00040000,34.33353000,s,l,
1526268894.246,1.00000000,30.00540000,b,l,
1526231154.6321,1.00010000,34.36073000,s,m,
1526132570.9991,1.00050000,34.32119000,b,l,
1526389804.4629,0.99960000,16.23585828,s,m,
1526130755.1682,1.00060000,34.31340000,b,l,
1526307672.7863,0.99980000,75.00000000,b,l,
1526228922.4633,1.00070000,34.33419000,b,m,
1526249323.9171,1.00070000,25.60902000,s,m,
1526228484.6472,1.00010000,837.93700000,s,l,
1526267667.3726,0.99990000,30.01426000,b,l,
1526373140.4095,1.00010000,1274.59342627,s,l,
1526391541.7398,0.99990000,31.44107000,b,l,
1526168410.0262,1.00010000,49.60773824,s,l,
1526306000.4235,0.99980000,30.93823000,b,l,
1526367749.9198,1.00010000,577.89681891,b,l,
1526386971.0066,1.00000000,31.43768000,b,m,
1526203767.4689,1.00030000,34.33585000,b,l,
1526219479.9749,1.00010000,307.95325467,s,m,
1526301733.8377,1.00000000,31.14990000,b,m,
1526233948.6908,1.00040000,75.00000000,s,m,
1526132571.0294,1.00050000,34.32119000,b,l,
1526178859.2776,1.00050000,21.36299184,s,l,
1526248847.1584,1.00100000,34.34719000,b,m,
1526334510.4474,1.00000000,557.05999000,b,l,
1526172546.1708,1.00050000,0.11608441,b,m,
1526131373.0219,1.00070000,439.24100000,b,l,
1526125120.9428,0.99980000,2785.24924985,s,m,
1526130755.1423,1.00060000,34.31340000,b,l,
1526391866.3908,0.99990000,75.00000000,b,l,
1526172959.4105,1.00060000,34.33483000,b,m,
1526255797.5516,1.00000000,34.36683000,s,l,
1526241768.5084,1.00010000,50.00000000,s,l,
1526252610.6172,1.00050000,26.55883000,s,l,
1526252611.9041,1.00050000,34.34703000,s,l,
1526309957.873,0.99960000,75.00000000,s,m,
1526252614.5425,1.00080000,34.36658000,s,l,
1526252618.7841,1.00080000,6.26684000,s,l,
1526249323.8634,1.00080000,75.00000000,s,m,
1526385742.9562,0.99950000,52.25506182,s,m,
1526255595.4327,1.00020000,0.00376481,s,m,
1526277212.7181,1.00000000,6252.96710000,b,l,
1526214417.0605,1.00020000,34.33961000,s,m,
1526309364.4708,0.99920000,30.94113000,s,m,
1526162692.8177,1.00030000,5.46565490,b,l,
1526289938.5838,0.99990000,30.00446000,s,m,
1526318637.8904,0.99970000,30.94241000,b,m,
1526385742.3093,1.00000000,30.93749000,s,m,
1526237296.4042,1.00020000,34.36308000,s,l,
1526347283.4743,1.00000000,2752.86445000,s,l,
1526178937.5175,1.00050000,34.33209000,s,l,
1526291449.7281,0.99970000,30.00825000,s,m,
1526268095.6623,0.99930000,598.02800000,s,l,
1526289762.086,1.00000000,30.00540000,b,l,
1526124788.1361,1.00000000,34.32210000,s,m,
1526170756.1663,1.00020000,2386.20048877,b,l,
1526178951.8766,1.00050000,29.09709381,s,l,
1526342792.7301,0.99970000,30.94339000,s,l,
1526248847.19,1.00200000,760.57206651,b,m,
1526247265.1266,1.00000000,4.31956744,s,l,
1526317527.1513,0.99950000,30.94192000,s,m,
1526277276.5799,1.00000000,600.00000000,b,m,
1526146206.5032,1.00050000,1971.05788423,s,m,
1526178979.3476,1.00050000,1.40752580,s,l,
1526325194.7614,0.99910000,0.08653553,s,m,
1526123491.7966,1.00040000,8.98203593,s,m,
1526130753.2492,1.00010000,34.32890000,b,l,
1526138034.3396,1.00060000,37.49393912,b,l,
1526373140.4067,1.00010000,813.59819745,s,l,
1526335657.634,0.99960000,30.95093000,s,m,
1526383804.1623,1.00000000,10000.00000000,s,m,
1526267876.8597,0.99990000,30.00840000,b,l,
1526170814.913,1.00020000,2095.81000000,s,l,
1526246223.4609,1.00020000,34.36447000,b,l,
1526327168.7177,0.99910000,0.00000006,s,m,
1526309364.4511,0.99920000,30.94113000,s,m,
1526138059.8076,1.00060000,18.74577612,b,l,
1526221688.1944,0.99930000,75.00000000,b,m,
1526143865.9582,1.00060000,125.64900000,b,l,
1526222065.264,0.99990000,75.00000000,s,m,
1526124788.1108,1.00050000,34.31859000,s,m,
1526277342.5811,0.99990000,3002.11369535,s,l,
1526250803.6826,1.00060000,0.00099957,s,l,
1526151353.7877,1.00050000,34.32563000,s,l,
1526240806.581,1.00020000,31.63581337,s,l,
1526130755.1544,1.00060000,34.31340000,b,l,
1526248847.1481,1.00100000,34.34719000,b,m,
1526232615.3472,1.00020000,441.86777855,s,m,
1526268114.4689,1.00010000,30.02101000,b,l,
1526280879.6769,0.99980000,30.00525000,s,m,
1526215077.1052,1.00040000,34.33832000,b,l,
1526335657.6435,0.99960000,30.95093000,s,m,
1526267878.6316,0.99930000,30.02222000,s,l,
1526281790.0826,1.00000000,74.99983300,b,l,
1526151353.8083,1.00050000,34.32573000,s,l,
1526385742.9509,0.99950000,30.94271000,s,m,
1526176691.4328,1.00040000,34.33289000,s,l,
1526162692.8068,1.00030000,34.33383000,b,l,
1526172546.1371,1.00030000,34.33411000,b,m,
1526318637.9303,0.99970000,30.94278000,b,m,
1526289939.1875,0.99990000,0.11669707,s,m,
1526369155.2368,1.00020000,114844.82223555,b,m,
1526261012.9702,1.00000000,13076.38900000,b,l,
1526291449.6508,0.99990000,30.00446000,s,m,
1526261014.8825,1.00000000,13076.38900000,b,l,
1526138135.5312,1.00070000,527.23574750,b,l,
1526245893.1537,1.00000000,34.35769000,s,l,
1526138139.6774,1.00070000,167.47161600,b,l,
1526252146.728,1.00080000,34.36420000,b,m,
1526398861.7173,1.00010000,1690.27295001,s,m,
1526229893.995,1.00020000,3.00000000,s,m,
1526281776.9507,1.00000000,149.99980080,b,l,
1526162725.1317,1.00030000,28.86817510,b,l,
1526203686.3554,1.00020000,74.99586503,s,l,
1526239524.1357,1.00010000,34.36308000,s,l,
1526176809.8302,1.00060000,34.33308000,b,m,
1526190941.6501,1.00010000,112.76878643,s,m,
1526187571.8036,1.00050000,34.33209000,s,l,
1526317571.2853,0.99940000,30.93991000,s,m,
1526162725.1469,1.00030000,34.33383000,b,l,
1526237296.4088,1.00020000,34.36308000,s,l,
1526187571.8203,1.00050000,34.33209000,s,l,
1526151353.8397,1.00050000,34.32540000,s,l,
1526207935.3363,1.00040000,0.03984048,s,m,
1526120815.1227,1.00000000,75.00000000,s,l,
1526269252.9168,0.99990000,205.92743072,s,l,
1526317527.1725,0.99940000,30.93991000,s,m,
1526121942.6524,1.00060000,74.78756345,b,l,
1526281783.0602,0.99990000,75.00000000,b,l,
1526346203.8882,1.00010000,30.00240000,b,l,
1526289762.1181,1.00000000,30.00540000,b,l,
1526228305.3213,1.00000000,251.00000000,s,m,
1526140117.0367,1.00070000,556.76828644,b,l,
1526351192.8097,1.00000000,15.43252980,s,l,
1526228922.4259,1.00070000,34.32799000,b,m,
1526172635.339,1.00030000,34.33548000,s,m,
1526139793.4202,1.00070000,275.93688010,b,l,
1526268073.2011,0.99940000,30.02342000,b,l,
1526121928.8812,1.00020000,34.31600000,b,l,
1526156946.2124,1.00010000,6600.00000000,s,m,
1526346084.1768,1.00000000,30.94155000,b,l,
1526151353.8342,1.00050000,34.32540000,s,l,
1526214492.2314,1.00020000,39.17489709,s,m,
1526187381.7239,1.00060000,23.31176477,b,l,
1526203767.4926,1.00060000,34.33592000,b,l,
1526125120.9667,0.99960000,34.32262000,s,m,
1526214417.2446,1.00020000,34.33802000,s,m,
1526219600.7232,0.99920000,66.73493795,s,m,
1526122050.9533,1.00050000,28.92043750,b,l,
1526203791.2214,1.00070000,10000.88078539,b,l,
1526229747.4401,1.00010000,0.00001315,s,m,
1526390908.5172,0.99970000,3.68746456,s,m,
1526231455.6585,1.00020000,75.00000000,s,l,
1526392216.2243,1.00010000,1103.66200000,s,l,
1526174297.5797,1.00060000,800.92707219,b,m,
1526203809.3617,1.00070000,13076.38900000,b,l,
1526168065.9423,1.00010000,34.33391000,s,m,
1526203813.4471,1.00070000,13076.38900000,b,l,
1526385742.3434,0.99990000,30.94198000,s,m,
1526400425.5319,1.00010000,30.00000000,b,m,
1526392235.9142,1.00010000,555.19600000,s,l,
1526385742.3654,0.99990000,30.94329000,s,m,
1526319285.0735,0.99950000,30.94434000,s,m,
1526127618.7084,0.99930000,9000.00000000,s,m,
1526203831.7835,1.00060000,75.00000000,b,l,
1526277560.4051,0.99990000,1.52723967,s,l,
1526124788.2146,0.99980000,34.32210000,s,m,
1526212029.4423,1.00040000,34.33659000,s,l,
1526168065.9314,1.00010000,34.33391000,s,m,
1526215077.1527,1.00040000,34.33977000,b,l,
1526229747.429,1.00010000,34.36073000,s,m,
1526156946.2223,1.00010000,344.63181747,s,m,
1526309720.3177,0.99940000,30.94091000,b,m,
1526315657.9165,0.99970000,30.93994000,s,l,
1526121928.5337,1.00020000,34.31539000,b,l,
1526121929.0606,1.00060000,246.04389000,b,l,
1526203851.4304,1.00070000,13076.38900000,b,l,
1526121932.4173,1.00060000,245.08100000,b,l,
1526332322.9287,0.99990000,30.94549000,b,l,
1526337172.6383,0.99990000,30.94191000,b,l,
1526151353.7676,1.00050000,34.32204000,s,l,
1526121942.636,1.00060000,246.17221712,b,l,
1526305349.3071,0.99980000,96.04730946,s,m,
1526245893.1864,1.00000000,34.35866000,s,l,
1526248702.1684,1.00050000,75.00000000,s,m,
1526121947.6223,1.00060000,9.00000000,b,m,
1526124788.217,0.99980000,1915.94595903,s,m,
1526187600.0808,1.00070000,481.30500000,b,l,
1526130755.1999,1.00060000,34.31340000,b,l,
1526252610.6107,1.00050000,34.34673000,s,l,
1526337172.6658,0.99990000,30.94191000,b,l,
1526248062.672,1.00030000,433.81950425,b,l,
1526332107.7304,0.99950000,30.94536000,b,l,
1526377272.3283,1.00000000,11.21262358,s,l,
1526187603.2397,1.00070000,338.88200000,b,l,
1526392309.371,1.00010000,759.72200000,s,l,
1526385742.9291,0.99990000,30.94034000,s,m,
1526124788.1897,1.00000000,34.32210000,s,m,
1526386591.1909,0.99960000,13944.10367780,s,m,
1526253760.4997,1.00060000,0.00024751,s,l,
1526252611.9085,1.00050000,34.34703000,s,l,
1526228484.6444,1.00020000,75.00000000,s,l,
1526367749.9139,1.00010000,54.33441854,b,l,
1526289762.0338,1.00000000,30.01011000,b,l,
1526385742.2807,1.00000000,30.94284000,s,m,
1526172959.4082,1.00060000,34.33498000,b,m,
1526346084.1589,1.00000000,30.44544000,b,l,
1526344138.0771,0.99970000,0.00000002,s,m,
1526248847.1834,1.00190000,412.22370999,b,m,
1526133724.4029,1.00030000,34.32024000,s,l,
1526176687.8747,1.00060000,75.00000000,b,m,
1526253084.7542,1.00060000,75.00000000,b,l,
1526232615.3664,1.00010000,1392.68730090,s,m,
1526156946.2242,1.00010000,344.13186748,s,m,
1526232700.971,1.00030000,34.35657000,b,l,
1526123930.1374,1.00060000,2.08119220,b,l,
1526125120.949,0.99970000,27.95545000,s,m,
1526187571.8246,1.00050000,0.02572957,s,l,
1526318637.8976,0.99970000,30.94241000,b,m,
1526172546.1615,1.00050000,0.00732515,b,m,
1526176691.4551,1.00040000,34.33159000,s,l,
1526228574.4965,1.00010000,224.55089820,s,l,
1526277342.5883,0.99990000,1347.26958115,s,l,
1526175813.701,1.00060000,49.70027390,b,m,
1526347283.4523,1.00010000,75.00000000,s,l,
1526232700.9764,1.00030000,34.35657000,b,l,
1526122050.9568,1.00050000,17.75698364,b,l,
1526228922.3869,1.00060000,34.34362000,b,m,
1526384199.6571,1.00000000,0.00014978,s,m,
1526346203.8467,1.00010000,86203.97556491,b,l,
1526187600.0694,1.00070000,1007.19200000,b,l,
1526187603.4013,1.00070000,1607.45800000,b,l,
1526249376.4095,1.00050000,34.37592000,s,m,
1526228574.5016,1.00010000,0.00089462,s,l,
1526232701.0092,1.00030000,34.35711000,b,l,
1526125121.004,0.99930000,34.32262000,s,m,
1526122085.5087,1.00060000,214.20536313,b,l,
1526189616.5683,1.00060000,10.00000000,b,m,
1526229747.3821,1.00030000,5.00000000,s,m,
1526268114.444,1.00010000,30.02101000,b,l,
1526134187.4378,1.00060000,34.32342000,b,l,
1526172959.3991,1.00060000,34.33498000,b,m,
1526173337.3595,1.00050000,34.33739000,s,l,
1526231340.7869,1.00010000,34.36073000,s,l,
1526266254.4792,0.99980000,34.36671000,s,l,
1526130755.1496,1.00060000,34.31340000,b,l,
1526125120.9877,0.99960000,34.32262000,s,m,
1526172546.1418,1.00030000,34.33411000,b,m,
1526267876.8341,0.99970000,30.02252000,b,l,
1526124788.1949,1.00000000,34.32210000,s,m,
1526178964.106,1.00050000,15.41390549,s,l,
1526371948.6057,1.00010000,0.00998004,s,m,
1526187659.9066,1.00070000,411.83100000,b,l,
1526299836.6115,0.99990000,0.04978108,s,l,
1526318738.2316,0.99960000,43.00000000,s,m,
1526359699.4404,1.00000000,38.88990912,s,l,
1526248847.0809,1.00060000,34.36489000,b,m,
1526187673.8025,1.00070000,587.53522534,b,l,
1526342319.9463,0.99980000,75.00000000,b,l,
1526122140.6811,1.00060000,227.99300000,b,l,
1526386970.9972,1.00000000,31.43768000,b,m,
1526252610.5891,1.00050000,34.34673000,s,l,
1526386971.0021,1.00000000,31.43768000,b,m,
1526332107.726,0.99940000,30.94457000,b,l,
1526222065.2698,0.99940000,34.34579000,s,m,
1526203767.4949,1.00060000,34.33592000,b,l,
1526286003.6187,0.99990000,0.00000157,s,l,
1526231340.8934,1.00010000,1084.78747592,s,l,
1526220474.495,0.99960000,74.99969940,b,l,
1526203791.219,1.00060000,500.75819679,b,l,
1526280879.6656,0.99980000,30.00525000,s,m,
1526309364.4565,0.99920000,30.94113000,s,m,
1526335170.9564,0.99970000,18.72244817,s,l,
1526239524.1438,1.00010000,34.36355000,s,l,
1526318637.9363,0.99970000,30.94278000,b,m,
1526309957.8841,0.99940000,30.94230000,s,m,
1526231438.2687,1.00030000,28.05987000,b,l,
1526121928.872,1.00020000,34.31559000,b,l,
1526239524.1279,1.00020000,75.00000000,s,l,
1526136686.5943,1.00020000,0.00203941,s,l,
1526232700.9877,1.00030000,34.35657000,b,l,
1526216753.0397,1.00020000,34.33757000,s,m,
1526232701.0162,1.00030000,34.35711000,b,l,
1526286065.1798,0.99980000,2188.00747000,s,m,
1526203791.2106,1.00060000,75.00000000,b,l,
1526248702.1762,1.00040000,34.37061000,s,m,
1526204153.3084,1.00050000,75.00000000,b,l,
1526346084.1833,1.00000000,30.94151000,b,l,
1526132571.0185,1.00050000,34.32119000,b,l,
1526386970.9554,1.00000000,30.94573000,b,m,
1526312086.776,0.99980000,11.02202495,b,l,
1526176691.4221,1.00040000,34.33353000,s,l,
1526273665.8873,1.00000000,13076.38900000,b,l,
1526231340.7803,1.00010000,2.02763910,s,l,
1526386971.0462,1.00000000,31.43768000,b,m,
1526228922.4887,1.00080000,34.33572000,b,m,
1526291449.6213,0.99990000,30.00446000,s,m,
1526305349.3423,0.99940000,30.01711000,s,m,
1526291449.6858,0.99990000,30.00446000,s,m,
1526172695.1828,1.00030000,29.67835356,s,l,
1526245893.1309,1.00000000,34.35769000,s,l,
1526204187.7019,1.00050000,75.00000000,b,l,
1526252146.7089,1.00080000,34.36823000,b,m,
1526268208.3231,0.99980000,20.63401968,s,l,
1526172635.3437,1.00030000,34.33548000,s,m,
1526327077.3857,0.99920000,40.02397348,b,l,
1526317527.1633,0.99940000,30.94230000,s,m,
1526176809.8484,1.00070000,503.44484422,b,m,
1526190941.6296,1.00040000,34.33403000,s,m,
1526232712.3461,1.00010000,49.97178822,s,m,
1526229747.436,1.00010000,9.15555334,s,m,
1526187571.797,1.00050000,34.33209000,s,l,
1526294338.2614,1.00000000,5.01591000,b,m,
1526178979.3533,1.00050000,12.91164133,s,l,
1526268214.663,0.99980000,703.79100000,s,l,
1526318637.9335,0.99970000,30.94278000,b,m,
1526237296.4268,1.00020000,34.36308000,s,l,
1526134187.4447,1.00060000,34.32342000,b,l,
1526267876.8551,0.99980000,30.02192000,b,l,
1526268894.2339,1.00000000,30.00540000,b,l,
1526123491.8012,1.00040000,0.01792821,s,m,
1526228922.5332,1.00190000,10966.83983645,b,m,
1526331061.6948,0.99910000,0.44617610,s,m,
1526245893.166,1.00000000,5.00000000,s,l,
1526228832.4767,1.00030000,245.49315205,b,m,
1526172635.3321,1.00030000,34.33548000,s,m,
1526221688.2293,1.00010000,30.02372000,b,m,
1526248702.2051,1.00040000,34.37076000,s,m,
1526277991.6889,1.00000000,1589.03800000,b,l,
1526392685.6163,1.00000000,11.97604790,s,m,
1526359699.4444,1.00000000,0.07762457,s,l,
1526187381.7322,1.00070000,2016.25547046,b,l,
1526130753.2227,0.99990000,1378.52726991,b,l,
1526133425.3244,1.00060000,72.85661500,b,l,
1526325194.7629,0.99910000,0.00003460,s,m,
1526318637.8843,0.99960000,75.00000000,b,m,
1526404018.8374,1.00010000,1197.11597003,s,m,
1526327168.6935,0.99920000,75.00000000,s,m,
1526221688.2219,1.00010000,34.34395000,b,m,
1526331573.683,0.99930000,75.00000000,b,l,
1526249376.4141,1.00050000,34.37592000,s,m,
1526385742.962,0.99950000,0.00000021,s,m,
1526221688.2269,1.00010000,34.34395000,b,m,
1526386970.9295,0.99990000,430.50004999,b,m,
1526146965.9868,1.00050000,51.72000000,s,m,
1526174297.5648,1.00050000,34.33388000,b,m,
1526385742.4111,0.99990000,30.94284000,s,m,
1526229747.4336,1.00010000,34.36073000,s,m,
1526319010.9839,0.99970000,29.32413060,s,l,
1526385742.3579,0.99990000,30.94329000,s,m,
1526122409.7851,1.00060000,71.07740994,b,m,
1526232712.3097,1.00020000,34.36316000,s,m,
1526309364.4731,0.99920000,30.94113000,s,m,
1526249376.4422,1.00030000,0.00182561,s,m,
1526130609.7776,0.99990000,34.32901000,b,l,
1526130612.2353,0.99980000,1988.84666869,s,m,
1526368181.0748,1.00010000,0.00009940,s,m,
1526295225.2457,0.99960000,32.54339538,s,m,
1526228922.4917,1.00080000,34.33578000,b,m,
1526168065.9557,1.00010000,195.56839638,s,m,
1526231438.2922,1.00030000,34.35386000,b,l,
1526131265.3031,1.00060000,344.63181747,b,l,
1526121928.5222,1.00020000,34.31539000,b,l,
1526346203.8651,1.00010000,30.00825000,b,l,
1526172546.1829,1.00050000,10.00000000,b,m,
1526289762.0409,1.00000000,30.01011000,b,l,
1526346084.1695,1.00000000,1042.06741494,b,l,
1526176691.464,1.00040000,34.33159000,s,l,
1526291449.7107,0.99990000,30.00240000,s,m,
1526124788.1648,1.00000000,34.32210000,s,m,
1526385742.4021,0.99990000,30.94014000,s,m,
1526249376.3876,1.00070000,34.37594000,s,m,
1526386971.0158,1.00000000,31.43768000,b,m,
1526345049.1823,1.00000000,10385.95300000,b,l,
1526130755.0847,1.00060000,34.31340000,b,l,
1526190941.6061,1.00050000,34.33419000,s,m,
1526203767.4403,1.00030000,34.33578000,b,l,
1526187600.0756,1.00070000,362.88600000,b,l,
1526237164.7697,1.00080000,60.00000000,s,m,
1526347283.4804,1.00000000,0.16878978,s,l,
1526138867.0986,1.00070000,543.12492000,b,l,
1526168065.9468,1.00010000,34.33391000,s,m,
1526138059.8017,1.00060000,0.00606088,b,l,
1526174297.5774,1.00050000,34.33388000,b,m,
1526231154.6572,1.00010000,32.33309090,s,m,
1526368181.073,1.00010000,0.04980060,s,m,
1526386971.0932,1.00000000,31.43768000,b,m,
1526245380.4309,1.00000000,1449.74300000,s,l,
1526289762.0436,1.00000000,30.01011000,b,l,
1526232700.9465,1.00030000,34.35522000,b,l,
1526127618.721,0.99900000,11935.26780624,s,m,
1526245893.1607,1.00000000,34.35769000,s,l,
1526135811.1647,1.00070000,555.36272048,b,l,
1526130753.2606,1.00010000,34.32890000,b,l,
1526249323.8775,1.00070000,34.37594000,s,m,
1526232700.9922,1.00030000,34.35657000,b,l,
1526373140.417,1.00010000,6.35704000,s,l,
1526267905.6973,0.99920000,27.10885329,s,l,
1526392871.976,1.00010000,379.86100000,b,l,
1526133724.4185,1.00030000,34.32024000,s,l,
1526267876.8527,0.99980000,30.02192000,b,l,
1526329693.9807,0.99910000,0.91370356,s,m,
1526305349.3234,0.99980000,30.93625000,s,m,
1526172546.127,1.00030000,34.33411000,b,m,
1526249376.4117,1.00050000,34.37592000,s,m,
1526286003.6148,0.99990000,0.39453030,s,l,
1526130753.2289,1.00000000,34.32898000,b,l,
1526172959.4059,1.00060000,34.33498000,b,m,
1526386971.0436,1.00000000,31.43768000,b,m,
1526224565.9052,0.99980000,23.28000000,b,m,
1526386971.0113,1.00000000,31.43768000,b,m,
1526130753.2734,1.00010000,34.32890000,b,l,
1526130755.1843,1.00060000,34.31340000,b,l,
1526130756.2866,1.00070000,13076.38900000,b,l,
1526376517.6173,1.00010000,5.00000000,b,m,
1526130759.4636,1.00070000,13076.38900000,b,l,
1526201356.9498,1.00010000,2065.36334932,s,m,
1526130762.6159,1.00070000,10566.61297501,b,l,
1526237259.8032,1.00080000,75.00000000,s,l,
1526318637.9049,0.99970000,30.94241000,b,m,
1526130766.2599,1.00070000,13076.38900000,b,l,
1526162692.8001,1.00030000,9.00447000,b,l,
1526138961.9648,1.00070000,296.26600000,b,l,
1526327378.9982,0.99930000,51.12098985,b,l,
1526327379.0126,0.99930000,30.94320000,b,l,
1526327381.7641,0.99930000,0.00028160,b,l,
1526346084.1501,1.00000000,90457.36994774,b,l,
1526121929.049,1.00020000,34.31671000,b,l,
1526327388.6285,0.99940000,75.93233520,b,l,
1526268261.2465,0.99980000,202.13932862,s,l,
1526134187.4309,1.00060000,34.32342000,b,l,
1526255154.9431,1.00010000,959.36777702,s,m,
1526309364.4536,0.99920000,30.94113000,s,m,
1526286065.1562,0.99980000,30.00525000,s,m,
1526291449.646,0.99990000,30.00446000,s,m,
1526231399.685,1.00010000,99.50301897,s,m,
1526327405.9712,0.99930000,30.94347000,s,l,
1526360174.7086,1.00000000,0.00000041,s,m,
1526318637.9245,0.99970000,30.94278000,b,m,
1526237296.4636,1.00020000,0.28576000,s,l,
1526237296.3996,1.00020000,34.36316000,s,l,
1526187571.8177,1.00050000,34.33209000,s,l,
1526173337.3166,1.00050000,34.33739000,s,l,
1526214388.1174,1.00020000,34.33459000,s,l,
1526232700.9996,1.00030000,34.35711000,b,l,
1526332436.654,1.00000000,2925.00000000,b,l,
1526301733.8277,0.99990000,11.82775000,b,m,
1526139009.1582,1.00070000,248.26938318,b,l,
1526409680.9403,1.00020000,13076.38900000,b,l,
1526172695.1866,1.00030000,34.33548000,s,l,
1526253713.7689,1.00070000,75.00000000,b,l,
1526311058.854,0.99960000,74.99999542,s,l,
1526228922.3208,1.00060000,34.34362000,b,m,
1526248847.1952,1.00200000,2.13244768,b,m,
1526231438.3465,1.00030000,34.35522000,b,l,
1526120815.1282,0.99990000,9000.00000000,s,l,
1526148247.3083,1.00050000,145.00000000,s,m,
1526335657.6505,0.99960000,30.95093000,s,m,
1526245551.334,1.00000000,560.52855135,s,l,
1526325194.7529,0.99910000,1313.44220934,s,m,
1526319285.0653,0.99950000,30.94434000,s,m,
1526216752.9709,1.00020000,34.34236000,s,m,
1526335657.6751,0.99920000,0.05787077,s,m,
1526280879.6689,0.99980000,30.00525000,s,m,
1526253760.5018,1.00060000,0.00000050,s,l,
1526385742.3847,0.99990000,30.94329000,s,m,
1526319285.0393,0.99950000,30.94434000,s,m,
1526246223.4843,1.00020000,34.36447000,b,l,
1526367749.8988,1.00010000,577.89681891,b,l,
1526133724.4004,1.00030000,34.32024000,s,l,
1526121928.8627,1.00020000,34.31539000,b,l,
1526253782.0607,1.00070000,559.98297792,s,l,
1526385742.3725,0.99990000,30.94329000,s,m,
1526232700.9855,1.00030000,34.35657000,b,l,
1526393933.0434,1.00010000,0.00059880,s,m,
1526119245.3433,1.00010000,9857.10300000,b,l,
1526232700.9415,1.00030000,11.17183000,b,l,
1526178979.3511,1.00050000,34.33209000,s,l,
1526216753.0015,1.00020000,34.34236000,s,m,
1526386971.0331,1.00000000,31.43768000,b,m,
1526176809.8071,1.00060000,34.33308000,b,m,
1526255797.5334,1.00030000,75.00000000,s,l,
1526139131.0923,1.00070000,558.54669320,b,l,
1526132571.0106,1.00050000,34.32119000,b,l,
1526139133.1828,1.00070000,121.92476160,b,l,
1526176691.3923,1.00050000,34.33071000,s,l,
1526189351.1192,1.00060000,37.50000000,b,m,
1526327379.0157,0.99930000,30.94291840,b,l,
1526228922.3407,1.00060000,34.34362000,b,m,
1526229747.3668,1.00080000,75.00000000,s,m,
1526237447.5833,1.00040000,75.00000000,s,l,
1526389804.47,0.99960000,0.00000013,s,m,
1526174297.4974,1.00050000,34.33388000,b,m,
1526204685.7732,1.00020000,34.34081000,s,m,
1526368526.0406,1.00010000,12.49932635,b,l,
1526385709.7134,1.00010000,56.42443479,b,l,
1526368528.1257,1.00020000,13076.38900000,b,l,
1526368529.8129,1.00020000,13076.38900000,b,l,
1526124788.2097,0.99980000,34.32210000,s,m,
1526355749.902,1.00010000,6.35704000,b,l,
1526245893.1631,1.00000000,34.35793000,s,l,
1526267745.3314,0.99980000,30.00750000,s,l,
1526386971.0725,1.00000000,31.43768000,b,m,
1526280879.7056,0.99980000,18.91895259,s,m,
1526398861.729,1.00010000,1275.00252499,s,m,
1526318637.9004,0.99970000,30.94241000,b,m,
1526232795.5706,1.00030000,74.99000159,s,l,
1526133724.3977,1.00030000,34.32024000,s,l,
1526248847.1531,1.00100000,34.34719000,b,m,
1526178859.2803,1.00050000,26.19170587,s,l,
1526176809.8172,1.00060000,34.33308000,b,m,
1526190941.6539,1.00010000,1835.46993701,s,m,
1526376749.2276,1.00010000,171.02685372,b,l,
1526229747.4379,1.00010000,0.01097349,s,m,
1526311222.3629,0.99970000,30.94215000,b,l,
1526176691.4354,1.00040000,34.33289000,s,l,
1526346203.8711,1.00010000,30.00898000,b,l,
1526187571.7947,1.00050000,34.33209000,s,l,
1526229315.3407,1.00080000,30.00000000,s,l,
1526376772.7004,1.00010000,10.00000000,b,m,
1526228574.4995,1.00010000,0.44820539,s,l,
1526229319.4808,1.00080000,45.28980010,s,l,
1526173337.3931,1.00020000,3.04153006,s,l,
1526248144.8443,1.00080000,34.35713000,b,m,
1526346203.8826,1.00010000,30.00240000,b,l,
1526201356.9548,1.00000000,916.01623309,s,m,
1526130755.1865,1.00060000,34.31340000,b,l,
1526231438.3488,1.00030000,23.18339000,b,l,
1526215077.1178,1.00040000,34.33974000,b,l,
1526331061.5265,0.99940000,30.94382000,b,l,
1526228922.37,1.00060000,34.34362000,b,m,
1526130755.191,1.00060000,34.31340000,b,l,
1526385742.3606,0.99990000,30.94329000,s,m,
1526318637.9216,0.99970000,30.94278000,b,m,
1526130753.2631,1.00010000,34.32890000,b,l,
1526130755.1977,1.00060000,34.31340000,b,l,
1526282499.3536,0.99990000,5.96730696,s,m,
1526120419.8918,0.99990000,34.31756000,s,m,
1526156946.1994,1.00020000,34.32180000,s,m,
1526243906.8465,1.00000000,0.00114512,s,l,
1526139254.6885,1.00070000,271.65575120,b,l,
1526130753.2246,0.99990000,1121.47273009,b,l,
1526130755.132,1.00060000,34.31340000,b,l,
1526139257.6619,1.00070000,250.03710000,b,l,
1526335868.8028,0.99950000,0.00000572,s,m,
1526139261.5402,1.00070000,160.73469660,b,l,
1526268073.1959,0.99940000,30.02342000,b,l,
1526385742.3532,0.99990000,30.94329000,s,m,
1526216753.0545,1.00010000,1249.87500891,s,m,
1526267878.6286,0.99930000,11.91468062,s,l,
1526335879.5719,0.99960000,30.94153000,b,l,
1526174297.5828,1.00070000,17773.28619966,b,m,
1526360465.7079,1.00010000,537.19255604,b,l,
1526386970.9779,1.00000000,31.43768000,b,m,
1526252610.326,1.00080000,75.00000000,s,l,
1526174297.4874,1.00050000,34.33388000,b,m,
1526122908.3532,1.00070000,10000.00000000,b,m,
1526346084.1636,1.00000000,30.44544000,b,l,
1526385742.3458,0.99990000,30.94198000,s,m,
1526386971.0278,1.00000000,31.43768000,b,m,
1526385742.3999,0.99990000,30.94282000,s,m,
1526286065.1613,0.99980000,30.00525000,s,m,
1526407580.3492,1.00010000,443.38400000,b,l,
1526122924.4522,1.00070000,6648.34610000,b,l,
1526249376.4049,1.00050000,34.37594000,s,m,
1526237296.4203,1.00020000,34.36308000,s,l,
1526137801.7067,1.00040000,75.00000000,b,m,
1526319285.0367,0.99950000,30.94434000,s,m,
1526176809.7854,1.00060000,34.33308000,b,m,
1526327735.2515,0.99910000,715.74686564,s,l,
1526231455.6645,1.00020000,0.00217519,s,l,
1526391866.3972,1.00000000,565.10361118,b,l,
1526327741.6052,0.99930000,19.44705450,b,l,
1526168065.938,1.00010000,34.33391000,s,m,
1526335935.6274,0.99930000,67.08044300,s,l,
1526231438.3011,1.00030000,34.35386000,b,l,
1526409668.1537,1.00020000,3620.67200000,b,l,
1526409671.9473,1.00020000,937.04400000,b,l,
1526409672.0874,1.00020000,13076.38900000,b,l,
1526409673.1584,1.00020000,13076.38900000,b,l,
1526344138.0761,0.99970000,0.00000791,s,m,
1526409675.2378,1.00020000,13076.38900000,b,l,
1526346203.9374,1.00010000,30.94260000,b,l,
1526409678.6331,1.00020000,13076.38900000,b,l,
1526393933.0352,1.00010000,150.29940120,s,m,
1526130755.1569,1.00060000,34.31340000,b,l,
1526176691.3987,1.00040000,34.33353000,s,l,
1526409683.2419,1.00020000,30.00750000,b,l,
1526385742.3173,1.00000000,30.93744000,s,m,
1526124788.1872,1.00000000,34.32210000,s,m,
1526385742.3359,0.99990000,30.94198000,s,m,
1526190941.6225,1.00050000,34.33360000,s,m,
1526215077.1156,1.00040000,34.33974000,b,l,
1526130755.0796,1.00060000,34.31340000,b,l,
1526121928.512,0.99990000,34.31871000,b,l,
1526203767.5173,1.00060000,34.33592000,b,l,
1526325194.7561,0.99910000,1153.22900000,s,m,
1526120419.8894,1.00020000,75.00000000,s,m,
1526228922.3998,1.00070000,31.66512955,b,m,
1526355710.7318,1.00010000,100.00000000,b,m,
1526172546.1246,1.00030000,34.33411000,b,m,
1526139386.2869,1.00070000,337.50256095,b,l,
1526231154.6344,1.00010000,34.36073000,s,m,
1526245893.1511,1.00000000,34.35769000,s,l,
1526289762.1066,1.00000000,30.00540000,b,l,
1526232701.0264,1.00070000,5.00000000,b,l,
1526221320.3132,0.99950000,75.00000000,s,m,
1526120876.0742,0.99990000,34.31569000,b,l,
1526139403.7726,1.00070000,299.99239978,b,l,
1526344138.0732,0.99970000,1.98691215,s,m,
1526139405.6809,1.00070000,94.25512460,b,l,
1526254114.2593,1.00040000,34.36680000,s,l,
1526228922.3924,1.00060000,34.34362000,b,m,
1526286873.7927,1.00000000,25.00000000,b,l,
1526373140.4231,1.00010000,127.26807319,s,l,
1526249376.4187,1.00030000,34.36489000,s,m,
1526174903.7479,1.00060000,348.80109563,b,m,
1526172192.5039,1.00020000,559.78003927,s,l,
1526254114.3771,1.00030000,18.85237500,s,l,
1526414151.4003,1.00020000,479.24595001,b,l,
1526173337.3796,1.00030000,34.33483000,s,l,
1526221320.3164,0.99920000,50.34727782,s,m,
1526385742.3926,0.99990000,30.94284000,s,m,
1526125120.9831,0.99960000,34.32262000,s,m,
1526139436.7896,1.00070000,67.62697260,b,l,
1526172546.1597,1.00050000,3.71104877,b,m,
1526124788.1308,1.00030000,34.31859000,s,m,
1526286904.9097,1.00000000,558.53913560,b,l,
1526213727.9848,1.00030000,68.41802460,s,m,
1526118689.0185,1.00010000,18.75000000,b,m,
1526131265.3151,1.00060000,344.63181747,b,l,
1526228922.4732,1.00070000,960.77382695,b,m,
1526131267.0377,1.00070000,13076.38900000,b,l,
1526131268.5679,1.00070000,13076.38900000,b,l,
1526319285.0484,0.99950000,30.94434000,s,m,
1526237767.8701,1.00030000,75.00000000,s,l,
1526306100.7703,0.99980000,75.00000000,b,l,
1526243906.8579,1.00000000,0.00000228,s,l,
1526224653.4001,0.99990000,34.34608000,b,l,
1526254163.744,1.00030000,29.99040000,s,l,
1526232872.3378,1.00070000,2.14361012,b,l,
1526246223.4678,1.00020000,34.36447000,b,l,
1526286943.3865,1.00000000,29.59933769,b,l,
1526255154.9408,1.00020000,12517.82800000,s,m,
1526318637.9166,0.99970000,30.94241000,b,m,
1526317571.2823,0.99940000,30.93991000,s,m,
1526221320.3067,0.99950000,75.00000000,s,m,
1526237296.4612,1.00020000,34.36308000,s,l,
1526327923.0441,0.99930000,25.75454580,b,l,
1526173337.3908,1.00020000,1523.80655942,s,l,
1526337172.6547,0.99990000,30.94191000,b,l,
1526232700.9637,1.00030000,34.35657000,b,l,
1526252610.6044,1.00050000,34.34673000,s,l,
1526352508.8115,1.00010000,112.00000000,b,m,
1526176691.4382,1.00040000,34.33289000,s,l,
1526139522.3002,1.00070000,555.68678169,b,l,
1526249376.3691,1.00070000,8.76692000,s,m,
1526398861.7485,1.00000000,34980.00000001,s,m,
1526252611.9062,1.00050000,34.34703000,s,l,
1526254163.7464,1.00030000,411.41684450,s,l,
1526133724.3766,1.00030000,34.32024000,s,l,
1526216752.9734,1.00020000,34.34236000,s,m,
1526162725.1445,1.00030000,34.33383000,b,l,
1526317527.1747,0.99940000,25.32706371,s,m,
1526255797.561,1.00000000,34.36715000,s,l,
1526282010.8717,1.00000000,1190.60900000,b,l,
1526367749.917,1.00010000,54.33441854,b,l,
1526365296.0631,1.00000000,365.88100000,s,l,
1526139557.2318,1.00070000,185.90217870,b,l,
1526237862.4776,1.00030000,700.00000000,b,m,
1526332107.7144,0.99940000,30.94462000,b,l,
1526134958.3708,1.00060000,75.00000000,s,l,
1526131373.0491,1.00070000,1362.42500000,b,l,
1526295225.2477,0.99960000,0.06460462,s,m,
1526124788.1723,1.00000000,34.32210000,s,m,
1526252611.9173,1.00050000,34.34703000,s,l,
1526331061.5354,0.99940000,27.07428802,b,l,
1526246223.4708,1.00020000,34.36447000,b,l,
1526319823.5828,0.99940000,50.00000000,b,l,
1526299025.7768,0.99960000,561.94531092,s,l,
1526130753.2387,1.00010000,34.32890000,b,l,
1526139605.1841,1.00070000,40.09346640,b,l,
1526268367.3408,0.99980000,9.35739574,s,l,
1526215077.1661,1.00050000,495.82690723,b,l,
1526267748.4692,0.99980000,30.00750000,s,l,
1526232869.9412,1.00070000,0.00083988,b,l,
1526329808.8613,0.99930000,74.99939719,b,l,
1526221539.032,0.99930000,1.00000000,b,m,
1526267667.3491,0.99970000,0.00178000,b,l,
1526124788.2073,0.99980000,34.32210000,s,m,
1526216753.0239,1.00020000,34.34327000,s,m,
1526139631.7604,1.00070000,121.69237500,b,l,
1526386971.0303,1.00000000,31.43768000,b,m,
1526232872.3437,1.00070000,5.00000000,b,l,
1526139634.1897,1.00070000,63.93275000,b,l,
1526229747.377,1.00060000,2.00000000,s,m,
1526248702.2005,1.00040000,34.37076000,s,m,
1526287094.5139,0.99990000,0.79514672,s,m,
1526221560.0218,0.99930000,1.00000000,b,m,
1526189351.1269,1.00070000,962.50000000,b,m,
1526249376.3846,1.00070000,34.37594000,s,m,
1526229757.0195,1.00080000,34.35329000,s,l,
1526229759.373,1.00080000,34.35329000,s,l,
1526229760.5317,1.00080000,6.29342000,s,l,
1526139650.1736,1.00070000,69.92557000,b,l,
1526268894.2284,1.00000000,30.00540000,b,l,
1526317527.1678,0.99940000,30.93991000,s,m,
1526367749.924,1.00020000,658.13067387,b,l,
1526308752.4206,0.99920000,0.00009940,s,l,
1526228922.4333,1.00070000,34.32799000,b,m,
1526228922.4759,1.00070000,557.41296205,b,m,
1526315667.211,0.99950000,74.99999728,s,l,
1526291449.6341,0.99990000,30.00446000,s,m,
1526252146.6987,1.00080000,34.36823000,b,m,
1526297809.4182,1.00000000,236.65720000,b,m,
1526346203.8909,1.00010000,30.00240000,b,l,
1526386591.186,0.99960000,597.07752901,s,m,
1526231438.3396,1.00030000,34.35522000,b,l,
1526176809.7715,1.00050000,34.33308000,b,m,
1526190941.639,1.00040000,34.33403000,s,m,
1526309364.4659,0.99920000,30.94113000,s,m,
1526133722.7003,1.00040000,75.00000000,s,l,
1526289762.0768,1.00000000,30.00540000,b,l,
1526386971.0089,1.00000000,31.43768000,b,m,
1526289762.0272,1.00000000,520.24423334,b,l,
1526365295.6786,1.00010000,150.00000000,b,l,
1526377272.3304,1.00000000,0.02236323,s,l,
1526125120.9807,0.99960000,34.32262000,s,m,
1526187571.8129,1.00050000,34.33209000,s,l,
1526246208.2062,1.00010000,75.00000000,b,l,
1526176691.4115,1.00040000,34.33353000,s,l,
1526173337.3484,1.00050000,34.33739000,s,l,
1526168065.9248,1.00010000,34.33363000,s,m,
1526134187.4331,1.00060000,34.32342000,b,l,
1526120419.9262,0.99980000,7307.90768617,s,m,
1526246223.473,1.00020000,34.36447000,b,l,
1526130755.166,1.00060000,34.31340000,b,l,
1526217870.672,1.00030000,75.00000000,b,l,
1526270806.367,0.99990000,2092.48901318,s,l,
1526228922.3131,1.00060000,34.34362000,b,m,
1526230161.0434,1.00010000,34.36073000,s,l,
1526230160.9878,1.00010000,25.19419000,s,l,
1526216752.9878,1.00020000,34.34236000,s,m,
1526230161.029,1.00010000,34.36073000,s,l,
1526133724.3722,1.00040000,1.07400000,s,l,
1526156946.1733,1.00040000,34.32463000,s,m,
1526156946.2147,1.00010000,1121.47273009,s,m,
1526248847.1318,1.00100000,34.34719000,b,m,
1526130753.2181,0.99990000,1093.27802006,b,l,
1526221688.2007,0.99950000,30.02582000,b,m,
1526252146.721,1.00080000,34.36420000,b,m,
1526386971.0772,1.00000000,31.43768000,b,m,
1526231438.3203,1.00030000,34.35386000,b,l,
1526172546.1395,1.00030000,34.33411000,b,m,
1526369155.2253,1.00010000,37.50000001,b,m,
1526327379.0093,0.99930000,30.94320000,b,l,
1526229894.0008,1.00020000,146.70059880,s,m,
1526287241.2027,1.00000000,2908.02340000,b,l,
1526232615.364,1.00010000,1776.08456056,s,m,
1526294338.3624,1.00000000,504.98409000,b,m,
1526139790.5803,1.00070000,275.93688010,b,l,
1526268207.3211,0.99980000,9.37348032,s,l,
1526156946.2073,1.00010000,34.32201000,s,m,
1526231340.8001,1.00010000,34.36073000,s,l,
1526374047.1538,1.00000000,190.50000000,s,m,
1526164634.8153,1.00020000,24.87948240,s,l,
1526311838.0393,0.99960000,74.99969923,b,l,
1526231438.3129,1.00030000,34.35386000,b,l,
1526267876.8473,0.99980000,30.02192000,b,l,
1526151353.8151,1.00050000,34.32587000,s,l,
1526203831.7882,1.00060000,1249.87500891,b,l,
1526385742.9321,0.99980000,30.94336000,s,m,
1526306000.437,0.99980000,30.93823000,b,l,
1526230161.0364,1.00010000,34.36073000,s,l,
1526268208.3258,0.99980000,30.00750000,s,l,
1526130755.1615,1.00060000,34.31340000,b,l,
1526140261.2934,1.00070000,196.92814092,b,l,
1526249323.9017,1.00070000,34.37594000,s,m,
1526248847.1972,1.00200000,0.00340478,b,m,
1526309364.4785,0.99920000,30.94113000,s,m,
1526124788.1442,1.00000000,34.32210000,s,m,
1526158910.9604,1.00030000,34.33383000,b,l,
1526168065.9203,1.00010000,34.33363000,s,m,
1526215077.1635,1.00050000,797.84389270,b,l,
1526231438.2862,1.00030000,34.35329000,b,l,
1526156946.1827,1.00020000,34.32299000,s,m,
1526216753.0351,1.00020000,34.33757000,s,m,
1526168065.9492,1.00010000,34.33391000,s,m,
1526346203.8936,1.00010000,30.00240000,b,l,
1526365296.641,1.00000000,359.59200000,s,l,
1526232701.0139,1.00030000,34.35711000,b,l,
1526289759.5945,1.00000000,30.00540000,b,l,
1526172635.3288,1.00030000,34.33548000,s,m,
1526229747.4035,1.00010000,34.36073000,s,m,
1526346084.1562,1.00000000,30.44544000,b,l,
1526392871.9829,1.00010000,735.43000000,b,l,
1526289762.0484,1.00000000,30.01011000,b,l,
1526172635.3414,1.00030000,34.33548000,s,m,
1526124788.1975,1.00000000,34.32210000,s,m,
1526123491.8048,1.00040000,0.00000007,s,m,
1526203767.4716,1.00030000,34.33585000,b,l,
1526172648.7199,1.00030000,11.50596322,s,l,
1526172650.5019,1.00030000,4.65712644,s,l,
1526224565.912,0.99980000,28.44000000,b,m,
1526204685.787,1.00020000,1.62253837,s,m,
1526122085.5025,1.00050000,11.16345386,b,l,
1526229747.4418,1.00010000,0.00000002,s,m,
1526289762.046,1.00000000,30.01011000,b,l,
1526291449.6626,0.99990000,30.00287000,s,m,
1526229747.4198,1.00010000,34.36073000,s,m,
1526317571.2878,0.99940000,30.94215000,s,m,
1526361503.4986,1.00010000,127.26807319,b,m,
1526248702.1862,1.00040000,34.37061000,s,m,
1526172695.1893,1.00030000,34.33548000,s,l,
1526248847.0941,1.00060000,34.36489000,b,m,
1526318637.8927,0.99970000,30.94241000,b,m,
1526203767.4572,1.00030000,1001.51639357,b,l,
1526232712.3501,1.00010000,0.00014769,s,m,
1526230161.0387,1.00010000,34.36073000,s,l,
1526231558.3781,1.00020000,0.00008594,s,m,
1526385742.3823,0.99990000,30.94329000,s,m,
1526168065.9447,1.00010000,34.33391000,s,m,
1526125120.9971,0.99940000,14089.75967780,s,m,
1526352940.8291,1.00000000,0.05841018,s,m,
1526289762.1256,1.00000000,11385.89177666,b,l,
1526130755.2121,1.00070000,3178.23121220,b,l,
1526172546.1737,1.00050000,10.00000000,b,m,
1526414151.3978,1.00020000,2020.75404999,b,l,
1526211081.9346,1.00040000,0.00012193,s,m,
1526267667.3522,0.99980000,75.00000000,b,l,
1526228832.4677,1.00030000,1297.66227318,b,m,
1526246467.4566,1.00020000,75.00000000,b,l,
1526130753.2439,1.00010000,34.32890000,b,l,
1526312008.9321,0.99990000,41.41907280,b,l,
1526245893.1811,1.00000000,34.35866000,s,l,
1526130755.0873,1.00060000,34.31340000,b,l,
1526139980.3741,1.00070000,63.43508000,b,l,
1526393933.0455,1.00010000,0.00000120,s,m,
1526385742.3629,0.99990000,30.94329000,s,m,
1526385742.3025,1.00000000,30.93749000,s,m,
1526245380.4532,1.00000000,1599.67800000,s,l,
1526331061.5333,0.99940000,30.94382000,b,l,
1526396075.8674,1.00010000,462.01400000,b,m,
1526148187.5846,1.00050000,5006.49600000,s,l,
1526148188.0371,1.00050000,3783.78800000,s,l,
1526213727.9749,1.00040000,75.00000000,s,m,
1526125121.0291,0.99900000,1868.71184588,s,m,
1526309364.4812,0.99920000,517.99298285,s,m,
1526221688.2371,1.00030000,514.71625000,b,m,
1526176809.8445,1.00060000,34.33308000,b,m,
1526305940.9672,0.99910000,165.63700000,s,l,
1526237296.4435,1.00020000,34.36308000,s,l,
1526248847.1865,1.00190000,770.31611148,b,m,
1526125121.0152,0.99930000,34.32262000,s,m,
1526232700.981,1.00030000,34.35657000,b,l,
1526391866.4029,1.00000000,565.10361118,b,l,
1526131936.1327,1.00050000,34.34275000,s,m,
1526134006.1663,1.00050000,34.32342000,b,l,
1526249323.8913,1.00070000,34.37594000,s,m,
1526201356.9226,1.00030000,75.00000000,s,m,
1526392685.6295,1.00000000,0.00004771,s,m,
1526230160.9989,1.00010000,34.36073000,s,l,
1526230161.019,1.00010000,34.36073000,s,l,
1526312086.7726,0.99980000,75.00000000,b,l,
1526288921.3389,0.99990000,0.04978108,s,l,
1526203767.5026,1.00060000,34.33592000,b,l,
1526164634.813,1.00020000,75.00000000,s,l,
1526317527.1766,0.99940000,0.05055302,s,m,
1526255797.541,1.00010000,770.31611148,s,l,
1526232700.99,1.00030000,34.35657000,b,l,
1526250803.6885,1.00040000,34.36760000,s,l,
1526267673.082,1.00000000,7610.00014713,b,l,
1526332107.7121,0.99940000,30.94462000,b,l,
1526273672.5528,1.00000000,13076.38900000,b,l,
1526175252.6918,1.00060000,174.40054782,b,m,
1526161949.9039,1.00020000,75.00000000,b,l,
1526172546.1343,1.00030000,34.33411000,b,m,
1526141470.548,1.00060000,59.16455600,b,l,
1526246223.4798,1.00020000,34.36447000,b,l,
1526335657.6388,0.99960000,30.95093000,s,m,
1526172635.346,1.00030000,34.33548000,s,m,
1526252611.9262,1.00040000,29.98741000,s,l,
1526385742.3118,1.00000000,30.93749000,s,m,
1526346203.8959,1.00010000,30.00240000,b,l,
1526346084.1812,1.00000000,30.94151000,b,l,
1526246223.482,1.00020000,34.36447000,b,l,
1526253760.49,1.00070000,75.00000000,s,l,
1526182676.177,1.00060000,34.33235000,b,m,
1526121928.5414,1.00020000,30.71707000,b,l,
1526245893.1585,1.00000000,34.35769000,s,l,
1526172546.2089,1.00060000,771.97721160,b,m,
1526335868.7983,0.99950000,16.19686521,s,m,
1526312154.2636,0.99950000,11.59174962,s,l,
1526392685.6314,1.00000000,0.00000010,s,m,
1526136653.8469,1.00050000,34.32177000,s,l,
1526332322.9232,0.99990000,30.94549000,b,l,
1526140128.9994,1.00070000,556.76828644,b,l,
1526344930.9634,0.99990000,1274.59342627,b,l,
1526133724.3892,1.00030000,34.32024000,s,l,
1526168065.918,1.00010000,34.33363000,s,m,
1526140137.4272,1.00070000,82.83331946,b,l,
1526267673.0895,1.00000000,30.01125000,b,l,
1526216753.0468,1.00010000,34.33608000,s,m,
1526289762.1114,1.00000000,30.00540000,b,l,
1526222065.2668,0.99940000,34.34579000,s,m,
1526248702.1525,1.00060000,75.00000000,s,m,
1526133724.3862,1.00030000,34.32024000,s,l,
1526132571.0158,1.00050000,34.32119000,b,l,
1526386970.9373,0.99990000,2499.50004999,b,m,
1526156946.2027,1.00020000,866.46230753,s,m,
1526327168.7162,0.99910000,0.00002935,s,m,
1526328578.4035,0.99910000,2165.49147007,s,m,
1526174297.4755,1.00050000,34.33388000,b,m,
1526289759.5992,1.00000000,30.00540000,b,l,
1526174297.49,1.00050000,34.33388000,b,m,
1526386971.1003,1.00000000,31.43768000,b,m,
1526123795.8699,1.00030000,10102.93940000,s,l,
1526207935.3382,1.00040000,0.00007952,s,m,
1526245893.193,1.00000000,0.00243702,s,l,
1526252146.695,1.00080000,34.36823000,b,m,
1526172959.3967,1.00060000,34.33498000,b,m,
1526268894.2547,1.00000000,208.85760000,b,l,
1526232615.3519,1.00020000,441.86777855,s,m,
1526344994.2478,0.99990000,862.71442774,b,l,
1526173337.3365,1.00050000,34.33739000,s,l,
1526309720.3199,0.99940000,30.94091000,b,m,
1526176809.8042,1.00060000,34.33308000,b,m,
1526228922.3812,1.00060000,34.34362000,b,m,
1526298503.4358,0.99970000,15.05133000,s,l,
1526230161.034,1.00010000,34.36073000,s,l,
1526226150.7581,1.00020000,34.34608000,b,l,
1526204685.7852,1.00020000,812.89172404,s,m,
1526386971.1092,1.00010000,50022.49325067,b,m,
1526151353.761,1.00050000,34.32208000,s,l,
1526312252.2954,0.99970000,50.46453936,b,m,
1526304061.6437,0.99990000,40.42566257,s,l,
1526309957.8892,0.99940000,0.00501074,s,m,
1526268469.1091,0.99990000,75.00000000,b,l,
1526228922.4535,1.00070000,34.33419000,b,m,
1526131936.1305,1.00050000,34.34275000,s,m,
1526267676.6504,1.00020000,13076.38900000,b,l,
1526289762.0362,1.00000000,30.01011000,b,l,
1526248144.8327,1.00080000,34.35713000,b,m,
1526344930.9531,0.99980000,75.00000000,b,l,
1526140239.4647,1.00070000,136.85541225,b,l,
1526140287.5319,1.00060000,75.00000000,s,m,
1526140248.8187,1.00070000,196.92897888,b,l,
1526345049.1771,0.99990000,393.85721387,b,l,
1526228922.3234,1.00060000,34.34362000,b,m,
1526377881.1489,1.00000000,0.25627507,s,l,
1526226150.7608,1.00030000,1989.30784000,b,l,
1526254951.0195,1.00040000,29.98950000,b,l,
1526121929.0394,1.00020000,34.31630000,b,l,
1526304106.1823,0.99980000,18.41344135,s,l,
1526304108.8991,0.99980000,18.41528306,s,l,
1526156946.2181,1.00010000,2500.00000000,s,m,
1526229747.3738,1.00080000,75.00000000,s,m,
1526164849.2411,1.00050000,181.60038930,b,l,
1526221688.2172,0.99950000,1.00000000,b,m,
1526305349.3294,0.99950000,30.93753000,s,m,
1526248144.807,1.00040000,75.00000000,b,m,
1526332322.921,0.99990000,30.94549000,b,l,
1526130753.2923,1.00050000,4718.16629000,b,l,
1526254968.0918,1.00040000,29.98950000,b,l,
1526254972.8039,1.00040000,29.98950000,b,l,
1526140287.5432,1.00050000,8410.17909450,s,m,
1526125120.9537,0.99970000,34.31874000,s,m,
1526125121.0175,0.99930000,34.32262000,s,m,
1526229315.3387,1.00080000,20.00000000,s,l,
1526140300.9295,1.00070000,56.74878300,b,l,
1526243906.8443,1.00000000,0.57370289,s,l,
1526140304.6661,1.00070000,58.66112565,b,l,
1526207549.6726,1.00060000,381.51256920,b,m,
1526254995.1247,1.00040000,29.98950000,b,l,
1526391541.7354,0.99990000,31.44843000,b,l,
1526377881.1428,1.00000000,128.39380980,s,l,
1526123930.1448,1.00060000,42.00000000,b,l,
1526123932.8286,1.00070000,13076.38900000,b,l,
1526255006.025,1.00040000,29.98950000,b,l,
1526361503.4872,1.00010000,1324.44870928,b,m,
1526123936.3167,1.00070000,13076.38900000,b,l,
1526176691.4667,1.00020000,6.26576000,s,l,
1526248847.1179,1.00080000,34.35723000,b,m,
1526385742.3384,0.99990000,30.94198000,s,m,
1526222065.2779,0.99940000,0.01085136,s,m,
1526214417.0512,1.00020000,34.33450000,s,m,
1526237296.4587,1.00020000,34.36308000,s,l,
1526344138.0746,0.99970000,0.00396589,s,m,
1526215488.5821,1.00060000,9.95190577,b,m,
1526120419.9189,0.99980000,34.31940000,s,m,
1526249376.4073,1.00050000,34.37594000,s,m,
1526342319.9502,0.99980000,75.00000000,b,l,
1526255028.5588,1.00040000,15.02100000,b,l,
1526319285.0761,0.99950000,30.94434000,s,m,
1526291449.7231,0.99970000,30.00825000,s,m,
1526369155.2331,1.00010000,37.50000001,b,m,
1526214417.0848,1.00020000,34.33961000,s,m,
1526168065.9292,1.00010000,34.33391000,s,m,
1526280879.6941,0.99980000,30.00525000,s,m,
1526238978.6807,1.00020000,0.00000004,s,m,
1526249376.3958,1.00070000,34.37594000,s,m,
1526256203.5666,1.00000000,554.85043240,b,l,
1526206577.1097,1.00060000,17.32784000,b,m,
1526237296.4065,1.00020000,34.36308000,s,l,
1526346203.9272,1.00010000,30.00240000,b,l,
1526385742.9541,0.99950000,32711.66870008,s,m,
1526347283.4818,1.00000000,0.00027193,s,l,
1526254114.2646,1.00030000,11.17018595,s,l,
1526172546.2299,1.00060000,4941.49150510,b,m,
1526391541.743,0.99990000,1275.00252499,b,l,
1526124788.1467,1.00000000,34.32210000,s,m,
1526369757.4269,1.00020000,7.00000000,b,m,
1526298533.1185,0.99970000,0.08555000,s,l,
1526121942.638,1.00060000,0.49136171,b,l,
1526130755.1473,1.00060000,34.31340000,b,l,
1526309364.4487,0.99920000,30.94113000,s,m,
1526127618.2782,0.99930000,290.31056739,s,m,
1526246889.0454,1.00020000,75.00000000,b,l,
1526229747.4104,1.00010000,34.36073000,s,m,
1526214417.2422,1.00020000,34.33802000,s,m,
1526121928.86,1.00020000,3.59832000,b,l,
1526122409.7984,1.00070000,560.87308884,b,m,
1526410744.3299,1.00020000,815.50800000,b,l,
1526204685.7805,1.00020000,34.34081000,s,m,
1526373140.4261,1.00010000,54.33441854,s,l,
1526289762.0838,1.00000000,30.00540000,b,l,
1526252611.9106,1.00050000,34.34703000,s,l,
1526296707.4576,0.99950000,30.01591000,s,m,
1526267876.8311,0.99970000,75.00000000,b,l,
1526346084.1525,1.00000000,30.01591000,b,l,
1526174297.5067,1.00050000,34.33388000,b,m,
1526267667.3569,0.99990000,30.01426000,b,l,
1526373140.4185,1.00010000,537.19255604,s,l,
1526386971.0532,1.00000000,31.43768000,b,m,
1526130609.7873,0.99990000,34.32901000,b,l,
1526173337.3871,1.00020000,1783.85878495,s,l,
1526125120.9948,0.99960000,34.32262000,s,m,
1526331061.531,0.99940000,30.94382000,b,l,
1526124788.1923,1.00000000,34.32210000,s,m,
1526296112.4118,0.99970000,69.28163924,s,m,
1526172546.1686,1.00050000,96.88391559,b,m,
1526255154.9138,1.00040000,14.96850000,s,m,
1526151353.7967,1.00050000,34.32563000,s,l,
1526130612.2396,0.99980000,3.96975383,s,m,
1526137801.7398,1.00070000,817.78664935,b,m,
1526172959.4181,1.00070000,9990.89537324,b,m,
1526124788.1161,1.00050000,34.31859000,s,m,
1526368181.0767,1.00010000,0.00000020,s,m,
1526229747.4059,1.00010000,34.36073000,s,m,
1526136683.0729,1.00020000,34.32138059,s,l,
1526246223.4498,1.00020000,34.36447000,b,l,
1526344138.0671,0.99970000,75.00000000,s,m,
1526223457.7399,0.99960000,41.46213295,b,l,
1526214492.2254,1.00020000,10.82510291,s,m,
1526124788.1749,1.00000000,34.32210000,s,m,
1526228922.3104,1.00060000,34.34362000,b,m,
1526125121.024,0.99930000,34.32262000,s,m,
1526309364.4271,0.99940000,75.00000000,s,m,
1526286065.1586,0.99980000,30.00525000,s,m,
1526176809.7615,1.00050000,40.63253789,b,m,
1526318637.8728,0.99940000,75.00000000,b,m,
1526121942.6401,1.00060000,0.00098076,b,l,
1526176809.7917,1.00060000,34.33308000,b,m,
1526237296.3969,1.00020000,34.36316000,s,l,
1526123795.8673,1.00040000,75.00000000,s,l,
1526173337.354,1.00050000,34.33739000,s,l,
1526231340.8052,1.00010000,34.36073000,s,l,
1526232700.9787,1.00030000,34.35657000,b,l,
1526123930.1397,1.00060000,0.00351800,b,l,
1526140543.9609,1.00070000,425.00000000,b,m,
1526130755.1772,1.00060000,34.31340000,b,l,
1526133724.3837,1.00030000,34.32024000,s,l,
1526252610.5864,1.00050000,34.34673000,s,l,
1526252146.6777,1.00080000,34.36823000,b,m,
1526361744.8687,1.00010000,22.55674639,b,l,
1526156946.1442,1.00040000,34.32180000,s,m,
1526337172.6481,0.99990000,30.94191000,b,l,
1526125120.9691,0.99960000,34.32262000,s,m,
1526173337.3454,1.00050000,34.33739000,s,l,
1526291449.689,0.99990000,30.00446000,s,m,
1526317527.1491,0.99950000,30.94192000,s,m,
1526255797.5634,1.00000000,34.36715000,s,l,
1526252146.7365,1.00170000,13464.88459619,b,m,
1526215488.599,1.00060000,34.33832000,b,m,
1526279843.6521,1.00000000,13076.38900000,b,l,
1526279844.7329,1.00000000,13076.38900000,b,l,
1526306150.9171,0.99960000,74.99992803,s,l,
1526291147.6184,1.00010000,13076.38900000,b,l,
1526252146.7256,1.00080000,34.36420000,b,m,
1526144285.4196,1.00050000,3772.51561339,s,l,
1526266254.4828,0.99980000,458.04501359,s,l,
1526216752.9808,1.00020000,34.34236000,s,m,
1526335657.6365,0.99960000,30.95093000,s,m,
1526291449.6368,0.99990000,30.00446000,s,m,
1526172959.3943,1.00060000,34.33498000,b,m,
1526280879.7035,0.99980000,9759.47629741,s,m,
1526252611.9001,1.00050000,7.78820000,s,l,
1526165184.1605,1.00030000,75.00000000,s,l,
1526249323.8714,1.00070000,34.37594000,s,m,
1526168065.9226,1.00010000,34.33363000,s,m,
1526394569.7233,1.00020000,2090.00000000,b,m,
1526344994.2411,0.99990000,75.00000000,b,l,
1526385742.3678,0.99990000,30.94329000,s,m,
1526176809.7888,1.00060000,34.33308000,b,m,
1526121928.8861,1.00020000,31.15164000,b,l,
1526121081.6598,0.99980000,34.31825000,b,l,
1526255320.6408,1.00030000,8.57467901,s,m,
1526124788.1416,1.00000000,34.32210000,s,m,
1526151353.7737,1.00050000,34.32203000,s,l,
1526130753.2855,1.00010000,34.32890000,b,l,
1526134572.6875,1.00070000,13076.38900000,b,l,
1526305349.3566,0.99910000,18233.61187054,s,m,
1526216753.0193,1.00020000,34.34327000,s,m,
1526331061.518,0.99940000,0.00061365,b,l,
1526228922.4152,1.00070000,34.32799000,b,m,
1526214388.1245,1.00020000,34.33450000,s,l,
1526248062.6856,1.00030000,2497.64956535,b,l,
1526386970.935,0.99990000,2136.48106071,b,m,
1526361856.0354,1.00000000,12.00000000,s,m,
1526238978.6629,1.00020000,24.97003596,s,m,
1526394628.0359,1.00020000,10.00000000,b,m,
1526361868.0754,1.00010000,18.64387148,b,l,
1526279949.9807,0.99990000,2679.47400000,s,m,
1526385742.2905,1.00000000,30.94154000,s,m,
1526214417.063,1.00020000,34.33961000,s,m,
1526280879.6555,0.99990000,6320.52600000,s,m,
1526248847.1209,1.00100000,34.34719000,b,m,
1526291449.6654,0.99990000,30.00287000,s,m,
1526203831.7942,1.00070000,11538.63489270,b,l,
1526277342.5905,0.99990000,0.61672350,s,l,
1526131936.1237,1.00050000,34.34275000,s,m,
1526252146.6801,1.00080000,34.36823000,b,m,
1526130755.182,1.00060000,34.31340000,b,l,
1526228922.4041,1.00070000,0.00006660,b,m,
1526176809.7823,1.00060000,34.33308000,b,m,
1526190941.6134,1.00050000,34.33419000,s,m,
1526386971.0654,1.00000000,31.43768000,b,m,
1526151353.7764,1.00050000,34.32525000,s,l,
1526216753.0171,1.00020000,34.34327000,s,m,
1526249323.8938,1.00070000,34.37594000,s,m,
1526228922.4121,1.00070000,34.32799000,b,m,
1526386971.0864,1.00000000,31.43768000,b,m,
1526361923.7829,1.00000000,19.43687374,s,l,
1526271812.3247,0.99990000,472.90268518,s,l,
1526165318.6883,1.00020000,89.49823804,s,m,
1526386507.5861,0.99960000,0.00000001,s,m,
1526252146.6751,1.00080000,34.36823000,b,m,
1526190941.6481,1.00010000,6.84239683,s,m,
1526132570.9914,1.00050000,34.32119000,b,l,
1526132571.0213,1.00050000,34.32119000,b,l,
1526249376.437,1.00030000,0.91463074,s,m,
1526247262.5214,1.00030000,24.60079649,s,l,
1526289759.5914,1.00000000,6421.60083334,b,l,
1526247265.1182,1.00000000,26.54273024,s,l,
1526309720.3053,0.99940000,30.94091000,b,m,
1526361963.2289,1.00000000,18.70493987,s,l,
1526222700.2143,0.99970000,40.59510795,b,l,
1526156946.1272,1.00040000,34.32180000,s,m,
1526121929.0534,1.00030000,34.31818000,b,l,
1526228922.5283,1.00190000,100.00000000,b,m,
1526323615.04,0.99930000,75.00000000,b,l,
1526252146.7233,1.00080000,34.36420000,b,m,
1526130753.29,1.00010000,34.32903000,b,l,
1526131936.1259,1.00050000,34.34275000,s,m,
1526222713.1955,0.99970000,34.40489205,b,l,
1526247290.5936,1.00030000,34.36682000,s,l,
1526360174.6938,1.00000000,50.89820359,s,m,
1526346084.1714,1.00000000,1.93258506,b,l,
1526172546.1464,1.00030000,34.33411000,b,m,
1526289762.093,1.00000000,30.00540000,b,l,
1526248847.0983,1.00060000,34.36489000,b,m,
1526386970.9732,1.00000000,31.43768000,b,m,
1526249323.9072,1.00070000,34.37594000,s,m,
1526347283.4717,1.00010000,75.00000000,s,l,
1526327379.0061,0.99930000,0.00017225,b,l,
1526309957.8787,0.99960000,75.00000000,s,m,
1526190941.6435,1.00040000,34.33403000,s,m,
1526156946.1418,1.00040000,34.32180000,s,m,
1526125120.9276,0.99980000,584.35318301,s,m,
1526159674.4781,1.00020000,0.00023841,s,m,
1526172959.392,1.00060000,34.33498000,b,m,
1526312862.73,0.99990000,75.00000000,b,l,
1526386591.1834,0.99960000,597.07752901,s,m,
1526176691.4462,1.00040000,34.33289000,s,l,
1526306000.4343,0.99980000,30.93823000,b,l,
1526385742.4165,0.99990000,30.94284000,s,m,
1526385742.3207,1.00000000,30.93744000,s,m,
1526162063.7351,1.00020000,75.00000000,b,l,
1526252146.673,1.00080000,34.36823000,b,m,
1526249376.398,1.00070000,34.37594000,s,m,
1526228922.451,1.00070000,34.33308000,b,m,
1526319285.034,0.99950000,30.94434000,s,m,
1526246223.4226,1.00020000,1634.47940000,b,l,
1526385742.3701,0.99990000,30.94329000,s,m,
1526268894.2387,1.00000000,30.00540000,b,l,
1526291449.6578,0.99990000,30.00446000,s,m,
1526312892.0208,0.99990000,75.00000000,b,l,
1526214417.2546,1.00020000,23.51291709,s,m,
1526306000.4426,0.99980000,30.93823000,b,l,
1526215077.1132,1.00040000,34.33974000,b,l,
1526231438.2886,1.00030000,34.35329000,b,l,
1526327168.7146,0.99910000,0.01470545,s,m,
1526309720.3001,0.99940000,30.94091000,b,m,
1526132570.9886,1.00050000,34.32119000,b,l,
1526248144.8355,1.00080000,34.35713000,b,m,
1526346203.9221,1.00010000,30.00240000,b,l,
1526291449.7254,0.99970000,30.00825000,s,m,
1526385742.4065,0.99990000,30.94284000,s,m,
1526329514.1356,0.99940000,172.86727580,b,l,
1526138872.1363,1.00070000,24.00948000,b,l,
1526391541.7323,0.99990000,27.75356051,b,l,
1526204685.7887,1.00020000,0.00317759,s,m,
1526305349.304,0.99990000,75.00000000,s,m,
1526187571.7902,1.00050000,34.33209000,s,l,
1526124788.1136,1.00050000,34.31859000,s,m,
1526280158.7577,1.00000000,837.56200000,b,l,
1526309364.4589,0.99920000,30.94113000,s,m,
1526312929.4267,0.99990000,75.00000000,b,l,
1526237296.4145,1.00020000,34.36308000,s,l,
1526228922.3951,1.00060000,34.34362000,b,m,
1526215077.1339,1.00040000,34.33974000,b,l,
1526121928.8766,1.00020000,34.31590000,b,l,
1526168065.9539,1.00010000,103.21740000,s,m,
1526120419.8867,1.00020000,75.00000000,s,m,
1526255595.4212,1.00020000,253.13887222,s,m,
1526247406.0194,1.00030000,40.00000000,b,m,
1526187571.7876,1.00050000,21.42044867,s,l,
1526156946.1972,1.00020000,34.32180000,s,m,
1526130762.6129,1.00060000,689.26363495,b,l,
1526315657.9203,0.99970000,30.93984000,s,l,
1526289762.109,1.00000000,30.00540000,b,l,
1526291816.6715,1.00000000,12926.38900000,b,l,
1526248062.6789,1.00030000,2066.18049575,b,l,
1526131936.1438,1.00050000,34.34275000,s,m,
1526289762.0689,1.00000000,30.00540000,b,l,
1526174297.4825,1.00050000,34.33388000,b,m,
1526162092.5791,1.00020000,209.89781039,b,l,
1526170756.1639,1.00020000,194.93959912,b,l,
1526332760.2887,0.99990000,75.00000000,b,m,
1526345049.1638,0.99990000,75.00000000,b,l,
1526245380.3019,1.00000000,5005.01000000,s,l,
1526280879.6744,0.99980000,30.00525000,s,m,
1526214417.2398,1.00020000,34.33802000,s,m,
1526385742.388,0.99990000,30.94329000,s,m,
1526140962.9419,1.00050000,0.99601214,s,m,
1526173337.3712,1.00030000,34.33548000,s,l,
1526133425.3319,1.00070000,317.08177000,b,l,
1526241287.7303,1.00010000,53.18505040,s,l,
1526313005.1675,0.99990000,75.00000000,b,l,
1526386971.0486,1.00000000,31.43768000,b,m,
1526172546.122,1.00030000,34.33411000,b,m,
1526132571.0351,1.00060000,4.28677000,b,l,
1526332322.9257,0.99990000,30.94549000,b,l,
1526252212.4216,1.00060000,13464.88459619,s,m,
1526172959.3841,1.00060000,6322.64849490,b,m,
1526267673.0848,1.00000000,30.01125000,b,l,
1526327168.7044,0.99910000,1216.53555452,s,m,
1526248062.6901,1.00040000,2497.64956535,b,l,
1526140999.9974,1.00050000,491.16819926,s,l,
1526122509.5515,1.00070000,1381.53400000,b,l,
1526313040.5114,0.99990000,75.00000000,b,l,
1526255154.9289,1.00040000,75.00000000,s,m,
1526306830.1607,0.99990000,75.00000000,b,m,
1526248062.688,1.00040000,2500.00000000,b,l,
1526289938.5918,0.99990000,30.00446000,s,m,
1526130755.1954,1.00060000,34.31340000,b,l,
1526309364.4332,0.99930000,115.56014718,s,m,
1526206577.1024,1.00050000,75.00000000,b,m,
1526231154.6523,1.00010000,34.36073000,s,m,
1526231340.7945,1.00010000,34.36073000,s,l,
1526232700.954,1.00030000,34.35522000,b,l,
1526121929.0443,1.00020000,34.31651000,b,l,
1526140266.3166,1.00070000,196.92799425,b,l,
1526332107.7039,0.99940000,3.86869242,b,l,
1526385742.3556,0.99990000,30.94329000,s,m,
1526296707.4602,0.99940000,7244.98409000,s,m,
1526389804.4678,0.99960000,0.00006468,s,m,
1526162725.1501,1.00030000,97.02544185,b,l,
1526385742.3798,0.99990000,30.94329000,s,m,
1526248847.1109,1.00060000,34.36474000,b,m,
1526313110.0407,0.99990000,75.00000000,b,l,
1526158910.9706,1.00030000,34.33383000,b,l,
1526291824.7773,0.99970000,75.00000000,s,m,
1526246223.4425,1.00020000,34.36447000,b,l,
1526342792.7274,0.99970000,30.94252000,s,l,
1526329514.1201,0.99930000,5.18900420,b,l,
1526305349.3256,0.99960000,30.93592000,s,m,
1526280370.1684,1.00000000,389.35834845,b,l,
1526280372.7051,1.00000000,107.40384885,b,l,
1526255797.5366,1.00030000,75.00000000,s,l,
1526156946.1464,1.00040000,34.32186000,s,m,
1526243155.0687,1.00010000,39.30031183,s,l,
1526280879.6872,0.99980000,30.00525000,s,m,
1526214417.0559,1.00020000,34.33450000,s,m,
1526246223.4261,1.00020000,34.36447000,b,l,
1526141130.754,1.00050000,351.37232590,s,l,
1526247633.6158,1.00030000,24.29200595,s,l,
1526149330.2439,1.00050000,0.23351486,s,m,
1526121928.5144,0.99990000,75.00000000,b,l,
1526206680.651,1.00040000,35.62860000,s,l,
1526248144.8386,1.00080000,34.35713000,b,m,
1526231154.6296,1.00010000,34.36073000,s,m,
1526141162.6405,1.00050000,351.39739620,s,l,
1526237296.4173,1.00020000,34.36308000,s,l,
1526216753.0599,1.00010000,495.82690723,s,m,
1526319285.0292,0.99960000,75.00000000,s,m,
1526216752.9993,1.00020000,34.34236000,s,m,
1526124787.8734,1.00060000,75.00000000,s,m,
1526124788.1388,1.00000000,34.32210000,s,m,
1526288629.4595,1.00000000,353.46800000,b,l,
1526140287.5399,1.00060000,75.00000000,s,m,
1526386970.9686,1.00000000,31.43768000,b,m,
1526231154.6272,1.00010000,34.36073000,s,m,
1526149375.5387,1.00060000,2684.47371577,b,m,
1526176691.4008,1.00040000,34.33353000,s,l,
1526246223.4584,1.00020000,34.36447000,b,l,
1526385742.3001,1.00000000,30.93768000,s,m,
1526219479.9778,1.00000000,9059.03370000,s,m,
1526173337.3334,1.00050000,34.33739000,s,l,
1526403352.9213,1.00000000,1977.67100000,s,l,
1526386970.9826,1.00000000,31.43768000,b,m,
1526386971.1047,1.00000000,31.43768000,b,m,
1526252146.654,1.00060000,75.00000000,b,m,
1526386971.091,1.00000000,31.43768000,b,m,
1526216752.9855,1.00020000,34.34236000,s,m,
1526239524.1464,1.00010000,13076.38900000,s,l,
1526216753.0641,1.00010000,0.49995000,s,m,
1526120419.9236,0.99980000,34.31940000,s,m,
1526190941.6554,1.00010000,2.79433986,s,m,
1526231340.7973,1.00010000,34.36073000,s,l,
1526382498.3885,1.00010000,1062.47500000,b,l,
1526386971.0794,1.00000000,31.43768000,b,m,
1526255595.428,1.00020000,944.97118541,s,m,
1526151353.7713,1.00050000,34.32204000,s,l,
1526286065.1722,0.99980000,30.00525000,s,m,
1526255930.1931,1.00000000,12.91217531,b,l,
1526390154.2234,0.99970000,15.08661600,b,l,
1526309364.4754,0.99920000,30.94113000,s,m,
1526396075.8375,1.00010000,462.01400000,b,m,
1526247759.4105,1.00020000,75.00000000,b,l,
1526118456.5063,1.00020000,34.31848000,b,l,
1526228922.5366,1.00190000,13.14443448,b,m,
1526329693.9714,0.99920000,75.00000000,s,m,
1526395231.1019,1.00000000,1176.64124238,s,m,
1526228922.4556,1.00070000,34.33419000,b,m,
1526346084.161,1.00000000,30.44544000,b,l,
1526231399.6893,1.00010000,0.19698103,s,m,
1526156946.1925,1.00020000,34.32151000,s,m,
1526385742.2832,1.00000000,30.94284000,s,m,
1526309720.3392,0.99940000,30.94091000,b,m,
1526332322.9164,0.99990000,30.94549000,b,l,
1526373781.9008,1.00010000,100.00000000,b,l,
1526291449.6241,0.99990000,30.00446000,s,m,
1526130753.2877,1.00010000,34.32890000,b,l,
1526344138.0695,0.99970000,1892.21554707,s,m,
1526221688.2098,0.99950000,30.02582000,b,m,
1526231438.3034,1.00030000,34.35386000,b,l,
1526305349.3372,0.99940000,30.01711000,s,m,
1526130755.1887,1.00060000,34.31340000,b,l,
1526377881.1531,1.00000000,0.00000102,s,l,
1526174297.5752,1.00050000,34.33388000,b,m,
1526289759.609,1.00000000,6474.75576666,b,l,
1526123930.1424,1.00060000,42.00000000,b,l,
1526231455.6552,1.00020000,75.00000000,s,l,
1526299784.2983,0.99990000,75.00000000,b,l,
1526124788.1774,1.00000000,34.32210000,s,m,
1526215077.141,1.00040000,34.33974000,b,l,
1526385742.9406,0.99970000,30.94198000,s,m,
1526215086.7549,1.00050000,34.34029000,s,l,
1526319285.0317,0.99950000,30.94434000,s,m,
1526237296.402,1.00020000,34.36316000,s,l,
1526361503.4947,1.00010000,258.49365665,b,m,
1526130762.6102,1.00060000,1745.51239004,b,l,
1526203767.5126,1.00060000,34.33592000,b,l,
1526391541.745,0.99990000,1130.20722236,b,l,
1526231438.325,1.00030000,34.35386000,b,l,
1526237259.7949,1.00080000,75.00000000,s,l,
1526309720.3342,0.99940000,30.94091000,b,m,
1526305349.3323,0.99950000,30.93753000,s,m,
1526329808.8513,0.99930000,75.00000000,b,l,
1526267869.4966,0.99930000,21.02374520,s,l,
1526228922.5033,1.00100000,20.00000000,b,m,
1526172546.1795,1.00050000,40.00000000,b,m,
1526305349.3348,0.99940000,30.01711000,s,m,
1526121928.5197,1.00020000,34.31539000,b,l,
1526346203.9008,1.00010000,30.00240000,b,l,
1526124788.2223,0.99980000,0.59522657,s,m,
1526125120.9379,0.99980000,2215.75099006,s,m,
1526130755.1273,1.00060000,34.31340000,b,l,
1526332322.911,0.99990000,30.94549000,b,l,
1526250803.6917,1.00040000,34.36760000,s,l,
1526245893.1748,1.00000000,34.36042000,s,l,
1526229747.4011,1.00010000,34.36073000,s,m,
1526327379.0036,0.99930000,0.10203790,b,l,
1526304169.1719,0.99980000,13.42509596,s,l,
1526132570.9821,1.00030000,75.00000000,b,l,
1526317527.1801,0.99940000,0.00000020,s,m,
1526256129.9286,1.00000000,20000.00000000,b,l,
1526157829.9903,1.00000000,97482.00000000,s,m,
1526231558.3697,1.00020000,51.42726483,s,m,
1526289938.587,0.99990000,30.00446000,s,m,
1526187571.8152,1.00050000,34.33209000,s,l,
1526170814.6803,1.00020000,5296.47500000,s,l,
1526232700.9564,1.00030000,34.35522000,b,l,
1526231570.4155,1.00020000,1093.49400000,s,l,
1526291449.7207,0.99970000,30.00825000,s,m,
1526249323.9047,1.00070000,34.37594000,s,m,
1526288921.3348,0.99990000,24.95021892,s,l,
1526267990.5586,0.99940000,75.00000000,s,l,
1526168065.9575,1.00010000,197.76451142,s,m,
1526232615.3689,1.00010000,3606.81271873,s,m,
1526403619.8019,1.00020000,835.40600000,b,l,
1526149330.2332,1.00050000,119.99648514,s,m,
1526125120.9319,0.99980000,227.99300000,s,m,
1526335657.6551,0.99960000,30.95093000,s,m,
1526252212.4166,1.00070000,75.00000000,s,m,
1526172546.1295,1.00030000,34.33411000,b,m,
1526231438.2989,1.00030000,34.35386000,b,l,
1526291449.7156,0.99980000,30.00525000,s,m,
1526268114.4498,1.00010000,30.02101000,b,l,
1526272569.9424,1.00000000,10000.00000000,b,l,
1526172959.4037,1.00060000,34.33498000,b,m,
1526125120.9995,0.99930000,34.32262000,s,m,
1526125121.0108,0.99930000,34.32262000,s,m,
1526228922.3076,1.00050000,1776.08456056,b,m,
1526305349.3495,0.99940000,30.44533000,s,m,
1526306000.4092,0.99980000,30.93823000,b,l,
1526158333.4675,1.00020000,75.00000000,b,l,
1526215077.108,1.00040000,34.33974000,b,l,
1526239822.2528,1.00020000,34.35713000,b,l,
1526360465.7119,1.00010000,19.02018273,b,l,
1526252146.6618,1.00080000,34.36760000,b,m,
1526174297.4803,1.00050000,34.33388000,b,m,
1526368526.0447,1.00010000,12.49932635,b,l,
1526223457.7358,0.99960000,75.00000000,b,l,
1526246223.4368,1.00020000,34.36447000,b,l,
1526173337.3513,1.00050000,34.33739000,s,l,
1526252610.3469,1.00050000,34.34673000,s,l,
1526344138.0717,0.99970000,995.44298584,s,m,
1526386591.194,0.99950000,1930.72933263,s,m,
1526390785.4672,0.99980000,75.00000000,b,m,
1526318637.9074,0.99970000,30.94241000,b,m,
1526237296.3937,1.00020000,34.36316000,s,l,
1526173337.3951,1.00020000,0.00605491,s,l,
1526267993.9077,0.99930000,30.02101000,s,l,
1526232700.9489,1.00030000,34.35522000,b,l,
1526182676.1748,1.00060000,34.33221000,b,m,
1526248062.6834,1.00030000,959.36777702,b,l,
1526255595.4308,1.00020000,1.88617003,s,m,
1526162692.8095,1.00030000,34.33383000,b,l,
1526228922.3553,1.00060000,34.34362000,b,m,
1526346203.935,1.00010000,30.94260000,b,l,
1526252610.329,1.00080000,75.00000000,s,l,
1526327733.1318,0.99920000,75.00000000,s,l,
1526384199.6293,1.00000000,60.07873259,s,m,
1526119600.3061,1.00040000,34.27325000,b,l,
1526132571.0077,1.00050000,34.32119000,b,l,
1526252613.7114,1.00080000,34.36658000,s,l,
1526248847.1347,1.00100000,34.34719000,b,m,
1526360174.7049,1.00000000,0.10159322,s,m,
1526231154.6499,1.00010000,34.36073000,s,m,
1526219479.988,0.99920000,14089.75967780,s,m,
1526120419.9114,0.99990000,34.31756000,s,m,
1526237296.4366,1.00020000,34.36308000,s,l,
1526230161.0263,1.00010000,34.36073000,s,l,
1526319285.0537,0.99950000,30.94434000,s,m,
1526232701.007,1.00030000,34.35711000,b,l,
1526280879.6797,0.99980000,30.00525000,s,m,
1526203767.4772,1.00050000,2499.50003565,b,l,
1526138995.6644,1.00070000,553.50737800,b,l,
1526132571.002,1.00050000,34.32119000,b,l,
1526216752.9608,1.00020000,34.34236000,s,m,
1526335657.6734,0.99920000,123.93538615,s,m,
1526318637.9275,0.99970000,30.94278000,b,m,
1526249376.4441,1.00030000,0.00000364,s,m,
1526331061.5243,0.99940000,30.94382000,b,l,
1526130755.1704,1.00060000,34.31340000,b,l,
1526228922.3582,1.00060000,34.34362000,b,m,
1526248144.8275,1.00080000,34.35613000,b,m,
1526182676.1547,1.00060000,34.33180000,b,m,
1526231154.6238,1.00010000,34.36073000,s,m,
1526219479.9912,0.99910000,960.00383499,s,m,
1526141671.1595,1.00060000,555.94146300,b,l,
1526215077.1613,1.00050000,495.82690723,b,l,
1526267997.1978,0.99930000,21.86456745,s,l,
1526289135.4978,1.00000000,26.02200000,b,m,
1526386971.0816,1.00000000,31.43768000,b,m,
1526231794.2429,1.00020000,17.66476320,s,l,
1526141683.997,1.00060000,106.52841600,b,l,
1526141688.0234,1.00060000,112.27795200,b,l,
1526386970.9915,1.00000000,31.43768000,b,m,
1526385742.4136,0.99990000,30.94284000,s,m,
1526176691.3901,1.00050000,34.33071000,s,l,
1526389804.4556,0.99960000,31.44389000,s,m,
1526317527.1565,0.99950000,30.94192000,s,m,
1526306000.4451,0.99980000,30.93823000,b,l,
1526222065.2603,0.99990000,75.00000000,s,m,
1526388866.2258,0.99990000,75.00000000,s,l,
1526175252.6951,1.00070000,16594.84920556,b,m,
1526174479.2091,1.00050000,46.67511907,s,l,
1526406616.3725,1.00000000,0.00815667,s,m,
1526216752.9832,1.00020000,34.34236000,s,m,
1526124788.1516,1.00000000,34.32210000,s,m,
1526291449.6832,0.99990000,30.00446000,s,m,
1526317571.3023,0.99920000,95.37941050,s,m,
1526131936.148,1.00050000,34.34274000,s,m,
1526252146.6685,1.00080000,34.36823000,b,m,
1526248847.1145,1.00080000,12.39761000,b,m,
1526237447.5902,1.00030000,75.00000000,s,l,
1526124788.1334,1.00000000,34.32210000,s,m,
1526174297.5045,1.00050000,34.33388000,b,m,
1526317190.7659,0.99990000,30.94007000,b,m,
1526331061.6891,0.99910000,1912.42189445,s,m,
1526124788.224,0.99980000,0.00109490,s,m,
1526256430.8225,1.00000000,13076.38900000,b,l,
1526385742.2952,1.00000000,30.93768000,s,m,
1526256432.7352,1.00000000,13076.38900000,b,l,
1526287094.518,0.99990000,0.00000316,s,m,
1526229747.4082,1.00010000,34.36073000,s,m,
1526286003.6108,0.99990000,197.65968064,s,l,
1526151353.79,1.00050000,34.32563000,s,l,
1526190941.6324,1.00040000,34.33403000,s,m,
1526187571.7925,1.00050000,34.33209000,s,l,
1526215488.6013,1.00070000,1816.43193000,b,m,
1526398861.7424,1.00010000,189.43055000,s,m,
1526248702.2092,1.00030000,1.49291720,s,m,
1526330188.4385,0.99920000,46.72410582,b,l,
1526318738.2272,0.99960000,75.00000000,s,m,
1526228922.3053,1.00050000,1776.08456056,b,m,
1526190941.6519,1.00010000,107.98783920,s,m,
1526172635.336,1.00030000,34.33548000,s,m,
1526214417.2494,1.00020000,34.33802000,s,m,
1526178619.0839,1.00050000,12.96909816,s,l,
1526203767.5241,1.00070000,6147.80367643,b,l,
1526253713.7632,1.00070000,75.00000000,b,l,
1526403944.6598,1.00010000,8.00000000,s,m,
1526311058.8428,0.99960000,75.00000000,s,l,
1526267745.3257,0.99990000,30.00210000,s,l,
1526228922.5227,1.00150000,30.00000000,b,m,
1526172546.1812,1.00050000,60.00000000,b,m,
1526228922.361,1.00060000,34.34362000,b,m,
1526231932.6631,1.00020000,411.86105864,s,l,
1526133630.1636,1.00070000,13076.38900000,b,l,
1526133631.9569,1.00070000,13076.38900000,b,l,
1526215488.5839,1.00060000,0.01986408,b,m,
1526133634.6647,1.00070000,1024.26000000,b,l,
1526176691.4302,1.00040000,34.33289000,s,l,
1526385742.3232,1.00000000,30.93744000,s,m,
1526237296.454,1.00020000,34.36308000,s,l,
1526131936.1122,1.00060000,75.00000000,s,m,
1526246223.4521,1.00020000,34.36447000,b,l,
1526141856.4242,1.00060000,558.34090410,b,l,
1526249376.3727,1.00070000,34.37594000,s,m,
1526151353.8039,1.00050000,34.32562000,s,l,
1526249323.9121,1.00070000,34.37594000,s,m,
1526332107.7167,0.99940000,30.94462000,b,l,
1526216753.0308,1.00020000,34.34005000,s,m,
1526230161.023,1.00010000,34.36073000,s,l,
1526404018.8491,1.00010000,1197.11636999,s,m,
1526214417.0583,1.00020000,34.33450000,s,m,
1526306000.417,0.99980000,30.93823000,b,l,
1526130609.7917,0.99990000,1122.47297000,b,l,
1526231438.3227,1.00030000,34.35386000,b,l,
1526280879.6894,0.99980000,30.00525000,s,m,
1526228922.4417,1.00070000,34.32799000,b,m,
1526137801.7318,1.00060000,34.32239000,b,m,
1526248391.1899,1.00080000,17.50000000,b,m,
1526231438.3101,1.00030000,34.35386000,b,l,
1526346203.9147,1.00010000,30.00240000,b,l,
1526133710.3889,1.00070000,115.03230000,b,l,
1526385742.9457,0.99950000,30.94563000,s,m,
1526133714.1862,1.00070000,115.62630860,b,l,
1526228922.5005,1.00100000,0.00000114,b,m,
1526255797.5539,1.00000000,34.36682000,s,l,
1526319285.0706,0.99950000,30.94434000,s,m,
1526133719.1144,1.00070000,555.34559000,b,l,
1526133722.696,1.00050000,75.00000000,s,l,
1526133724.4052,1.00030000,34.32024000,s,l,
1526130755.1392,1.00060000,34.31340000,b,l,
1526219600.7338,0.99910000,1.11038004,s,m,
1526130755.2071,1.00060000,34.32890000,b,l,
1526344930.958,0.99990000,30.94271000,b,l,
1526289762.0792,1.00000000,30.00540000,b,l,
1526152702.8398,1.00050000,1764.59800000,b,l,
1526335657.6528,0.99960000,30.95093000,s,m,
1526232615.3611,1.00010000,1776.08456056,s,m,
1526228922.3896,1.00060000,34.34362000,b,m,
1526158333.4593,1.00010000,75.00000000,b,l,
1526412289.9625,1.00020000,400.46100000,b,l,
1526412293.2121,1.00020000,610.46000000,b,l,
1526289762.1021,1.00000000,30.00540000,b,l,
1526125120.9854,0.99960000,34.32262000,s,m,
1526309720.3317,0.99940000,30.94091000,b,m,
1526134958.4009,1.00050000,3.37797256,s,l,
1526335657.6573,0.99960000,30.95093000,s,m,
1526267667.3775,1.00000000,12701.24462000,b,l,
1526124788.1492,1.00000000,34.32210000,s,m,
1526327168.713,0.99910000,7.36742970,s,m,
1526125120.917,0.99980000,563.26267903,s,m,
1526256684.8533,1.00000000,10000.00000000,b,l,
1526134187.4543,1.00060000,34.32342000,b,l,
1526190941.6272,1.00050000,34.33358000,s,m,
1526371376.8212,1.00020000,13076.38900000,b,l,
1526239524.1309,1.00010000,34.36308000,s,l,
1526231455.6662,1.00020000,0.00000434,s,l,
1526371382.8014,1.00020000,13076.38900000,b,l,
1526207549.6678,1.00060000,34.33608000,b,m,
1526319285.0264,0.99970000,75.00000000,s,m,
1526176899.393,1.00070000,162.47100000,b,l,
1526228922.5088,1.00150000,103.14200535,b,m,
1526255595.4362,1.00020000,0.00000002,s,m,
1526386970.9997,1.00000000,31.43768000,b,m,
1526142035.3154,1.00060000,1505.00000000,b,m,
1526151353.7578,1.00050000,34.32208000,s,l,
1526215077.1501,1.00040000,34.33977000,b,l,
1526289762.1158,1.00000000,30.00540000,b,l,
1526231340.8084,1.00010000,117.55025090,s,l,
1526231154.6203,1.00010000,15.97741910,s,m,
1526309364.4407,0.99920000,5.94113000,s,m,
1526318637.9144,0.99970000,30.94241000,b,m,
1526268776.7163,0.99990000,56.73627608,s,l,
1526172959.4153,1.00060000,34.33483000,b,m,
1526229747.3869,1.00010000,34.34363000,s,m,
1526338682.2404,0.99990000,215.43600400,b,l,
1526162282.9877,1.00020000,254.61016830,b,l,
1526385742.2977,1.00000000,30.93768000,s,m,
1526385742.3482,0.99990000,30.94329000,s,m,
1526253760.4958,1.00060000,62.12574850,s,l,
1526287241.1877,0.99990000,75.00000000,b,l,
1526252610.3351,1.00050000,34.34673000,s,l,
1526131265.309,1.00060000,835.25619502,b,l,
1526213727.9811,1.00030000,956.58197540,s,m,
1526201356.9476,1.00010000,2386.20048877,s,m,
1526305940.9601,0.99920000,75.00000000,s,l,
1526182676.1681,1.00060000,34.33195000,b,m,
1526246223.4334,1.00020000,34.36447000,b,l,
1526255797.5467,1.00000000,34.36425000,s,l,
1526215077.1204,1.00040000,34.33974000,b,l,
1526318637.9121,0.99970000,30.94241000,b,m,
1526305955.9966,0.99970000,75.00000000,b,l,
1526327751.1932,0.99930000,74.99953129,b,l,
1526346203.9248,1.00010000,30.00240000,b,l,
1526396075.8699,1.00010000,1196.11100000,b,m,
1526291824.7858,0.99940000,145.36531847,s,m,
1526386970.9234,0.99970000,31.43744000,b,m,
1526309957.8682,0.99970000,75.00000000,s,m,
1526123930.1312,1.00050000,75.00000000,b,l,
1526130753.2656,1.00010000,34.32890000,b,l,
1526267740.0204,0.99990000,0.00093543,s,l,
1526306000.4063,0.99980000,30.93823000,b,l,
1526297809.4124,0.99970000,30.01711000,b,m,
1526156946.22,1.00010000,689.26363495,s,m,
1526386971.0561,1.00000000,31.43768000,b,m,
1526121928.8834,1.00020000,34.31620000,b,l,
1526306005.7406,1.00000000,13076.38900000,b,l,
1526127618.2668,0.99950000,75.00000000,s,m,
1526247282.6351,1.00020000,34.36682000,b,l,
1526175813.7038,1.00070000,16711.29319476,b,m,
1526219479.9932,0.99910000,0.76738916,s,m,
1526253777.9414,1.00070000,75.00000000,b,l,
1526216753.0581,1.00010000,59.75024365,s,m,
1526243906.8419,1.00000000,287.42514971,s,l,
1526233948.6942,1.00030000,54.83851797,s,m,
1526248702.2109,1.00030000,0.00297987,s,m,
1526134006.1722,1.00050000,75.00000000,b,l,
1526248702.2028,1.00040000,34.37076000,s,m,
1526176691.4181,1.00040000,34.33353000,s,l,
1526331573.686,0.99940000,0.00083956,b,l,
1526136653.8497,1.00040000,0.00044256,s,l,
1526131936.1395,1.00050000,34.34275000,s,m,
1526256908.5193,1.00000000,13076.38900000,b,l,
1526256910.5611,1.00000000,13076.38900000,b,l,
1526229747.3966,1.00010000,34.34363000,s,m,
1526291449.6725,0.99990000,30.00446000,s,m,
1526296112.407,0.99970000,75.00000000,s,m,
1526134040.9469,1.00050000,75.00000000,b,l,
1526245893.1283,1.00000000,34.35769000,s,l,
1526237296.3899,1.00030000,75.00000000,s,l,
1526131936.1373,1.00050000,34.34275000,s,m,
1526252146.6662,1.00080000,34.36760000,b,m,
1526273309.8216,1.00000000,188.27400000,b,l,
1526386971.0677,1.00000000,31.43768000,b,m,
1526296112.4139,0.99970000,0.13828671,s,m,
1526215488.5874,1.00060000,0.00000007,b,m,
1526289759.604,1.00000000,30.00540000,b,l,
1526176809.7796,1.00060000,34.33308000,b,m,
1526347283.4768,1.00000000,1095.40260640,s,l,
1526255154.9385,1.00030000,465.34879536,s,m,
1526306000.4288,0.99980000,30.93823000,b,l,
1526322482.403,0.99920000,15.21598141,s,l,
1526386971.051,1.00000000,31.43768000,b,m,
1526306100.7742,0.99990000,75.00000000,b,l,
1526306102.4694,1.00000000,432.28000000,b,l,
1526151353.8264,1.00050000,34.32652000,s,l,
1526248702.1936,1.00040000,34.37061000,s,m,
1526187571.8014,1.00050000,34.33209000,s,l,
1526134084.1875,1.00050000,37.50000000,b,l,
1526252611.9285,1.00040000,29.98741000,s,l,
1526214417.247,1.00020000,34.33802000,s,m,
1526306122.3634,1.00000000,660.84000000,b,l,
1526216752.9924,1.00020000,34.34236000,s,m,
1526386971.107,1.00000000,31.43768000,b,m,
1526224207.6699,0.99960000,74.99999571,s,l,
1526386970.9582,1.00000000,30.94573000,b,m,
1526224211.1429,0.99950000,74.99999142,s,l,
1526228922.3016,1.00050000,10.00000000,b,m,
1526268073.2062,0.99940000,30.02342000,b,l,
1526267673.0983,1.00000000,30.01125000,b,l,
1526289759.6018,1.00000000,30.00540000,b,l,
1526289762.0815,1.00000000,30.00540000,b,l,
1526289764.022,1.00000000,13076.38900000,b,l,
1526228922.3668,1.00060000,34.34362000,b,m,
1526306150.9116,0.99960000,75.00000000,s,l,
1526289767.386,1.00010000,10356.93324971,b,l,
1526327381.7679,0.99940000,118.86577480,b,l,
1526255154.9363,1.00030000,29.99040000,s,m,
1526156946.1394,1.00040000,34.32180000,s,m,
1526203767.4872,1.00060000,34.33592000,b,l,
1526317190.7735,1.00000000,270.39956000,b,m,
1526248847.1803,1.00170000,90.00000000,b,m,
1526332322.9337,0.99990000,30.94544000,b,l,
1526130753.2206,0.99990000,1406.72197994,b,l,
1526182676.1795,1.00060000,34.33248000,b,m,
1526130612.2414,0.99980000,0.00757748,s,m,
1526305349.3145,0.99980000,30.93625000,s,m,
1526162725.1397,1.00030000,34.33383000,b,l,
1526134152.337,1.00050000,18.75000000,b,l,
1526291449.7,0.99990000,30.00240000,s,m,
1526338957.0253,0.99980000,67.85860666,b,l,
1526248847.1559,1.00100000,34.34719000,b,m,
1526346084.147,0.99990000,37.50000000,b,l,
1526134187.424,1.00060000,34.32342000,b,l,
1526216086.643,1.00060000,158.83630000,b,l,
1526125976.0296,0.99960000,75.00000000,b,l,
1526309720.3104,0.99940000,30.94091000,b,m,
1526172546.132,1.00030000,34.33411000,b,m,
1526176809.7972,1.00060000,34.33308000,b,m,
1526317571.2911,0.99940000,75.00000000,s,m,
1526228922.3838,1.00060000,34.34362000,b,m,
1526142372.6203,1.00060000,116.94104400,b,l,
1526385742.3287,0.99990000,30.94198000,s,m,
1526134187.4355,1.00060000,34.32342000,b,l,
1526219479.9475,1.00020000,75.00000000,s,m,
1526286065.164,0.99980000,30.00525000,s,m,
1526249376.3757,1.00070000,34.37594000,s,m,
1526142386.0658,1.00060000,118.56438000,b,l,
1526317190.7604,0.99990000,30.94007000,b,m,
1526174297.4924,1.00050000,34.33388000,b,m,
1526267748.4723,0.99970000,0.00033319,s,l,
1526187571.8104,1.00050000,34.33209000,s,l,
1526132571.0321,1.00050000,34.32119000,b,l,
1526168065.9517,1.00010000,209.89781039,s,m,
1526207935.3399,1.00040000,0.00000016,s,m,
1526231438.2966,1.00030000,34.35386000,b,l,
1526346203.9176,1.00010000,30.00240000,b,l,
1526309720.3459,1.00000000,4742.30680000,b,m,
1526219600.732,0.99910000,556.30039858,s,m,
1526319285.0584,0.99950000,30.94434000,s,m,
1526319285.0561,0.99950000,30.94434000,s,m,
1526142419.9281,1.00060000,124.01111420,b,l,
1526249323.8803,1.00070000,34.37594000,s,m,
1526305349.319,0.99980000,30.93625000,s,m,
1526248144.8303,1.00080000,34.35713000,b,m,
1526124788.1622,1.00000000,34.32210000,s,m,
1526385742.3142,1.00000000,30.93747000,s,m,
1526130755.1367,1.00060000,34.31340000,b,l,
1526203767.4517,1.00030000,34.33585000,b,l,
1526267876.8446,0.99980000,30.02192000,b,l,
1526134187.4195,1.00060000,34.32342000,b,l,
1526391866.4064,1.00010000,183072.40598404,b,l,
1526246223.4394,1.00020000,34.36447000,b,l,
1526172546.1488,1.00030000,34.33411000,b,m,
1526291449.6971,0.99990000,30.00240000,s,m,
1526158910.9757,1.00030000,34.33383000,b,l,
1526229747.3918,1.00010000,34.34363000,s,m,
1526305940.9639,0.99920000,75.00000000,s,l,
1526229747.4153,1.00010000,34.36073000,s,m,
1526388866.5484,0.99990000,182.69700000,s,l,
1526392685.6276,1.00000000,0.02390429,s,m,
1526125120.9735,0.99960000,34.32262000,s,m,
1526125120.9402,0.99980000,1437.71899379,s,m,
1526122085.5059,1.00060000,584.35318301,b,l,
1526130755.0628,1.00050000,880.34700000,b,l,
1526289938.5894,0.99990000,30.00446000,s,m,
1526289939.1929,0.99990000,0.00000047,s,m,
1526175252.6716,1.00050000,75.00000000,b,m,
1526133724.3924,1.00030000,34.32024000,s,l,
1526162692.8126,1.00030000,34.33383000,b,l,
1526134187.4424,1.00060000,34.32342000,b,l,
1526239524.0995,1.00020000,9.07779000,s,l,
1526240804.615,1.00020000,43.36418663,s,l,
1526240806.5898,1.00010000,11.72837326,s,l,
1526232615.3549,1.00010000,54.64362797,s,m,
1526125120.9926,0.99960000,34.32262000,s,m,
1526404018.8462,1.00010000,1197.11636999,s,m,
1526281774.6233,0.99990000,75.00000000,b,l,
1526281776.9411,0.99990000,0.00009960,b,l,
1526172546.1776,1.00050000,30.00000000,b,m,
1526228922.4307,1.00070000,34.32799000,b,m,
1526281783.0713,1.00000000,97.97400000,b,l,
1526268114.4634,1.00010000,30.02101000,b,l,
1526281786.4537,1.00000000,74.99983300,b,l,
1526158910.965,1.00030000,34.33383000,b,l,
1526333024.6769,0.99970000,0.02985394,s,m,
1526134338.8495,1.00070000,4270.00000000,b,m,
1526224653.3953,0.99990000,34.34608000,b,l,
1526409668.7784,1.00020000,1602.65300000,b,l,
1526125120.9587,0.99970000,34.31874000,s,m,
1526245893.1888,1.00000000,34.35866000,s,l,
1526204685.7829,1.00020000,34.34081000,s,m,
1526254114.2616,1.00040000,1120.11485405,s,l,
1526368526.0473,1.00010000,75.00000000,b,l,
1526174297.4731,1.00040000,75.00000000,b,m,
1526285243.7588,0.99990000,1257.79757949,s,m,
1526151353.8369,1.00050000,34.32540000,s,l,
1526248847.1425,1.00100000,34.34719000,b,m,
1526386591.1806,0.99970000,75.00000000,s,m,
1526371948.5997,1.00010000,304.99001996,s,m,
1526248144.847,1.00080000,4.45952000,b,m,
1526386970.927,0.99970000,75.00000000,b,m,
1526173337.3835,1.00030000,34.33483000,s,l,
1526134391.3783,1.00070000,556.35903050,b,l,
1526232700.9662,1.00030000,34.35657000,b,l,
1526306830.1639,1.00000000,372.18270000,b,m,
1526248702.1715,1.00040000,34.36710000,s,m,
1526232700.9512,1.00030000,34.35522000,b,l,
1526232701.0019,1.00030000,34.35711000,b,l,
1526273662.669,1.00000000,13076.38900000,b,l,
1526273664.3621,1.00000000,13076.38900000,b,l,
1526231438.3273,1.00030000,34.35386000,b,l,
1526134402.5167,1.00070000,192.39687690,b,l,
1526139547.9712,1.00070000,46.08123418,b,l,
1526232712.3482,1.00010000,0.09974409,s,m,
1526273674.5576,1.00000000,13076.38900000,b,l,
1526273676.5521,1.00000000,13076.38900000,b,l,
1526176809.8222,1.00060000,34.33308000,b,m,
1526386971.0357,1.00000000,31.43768000,b,m,
1526248847.1371,1.00100000,34.34719000,b,m,
1526248847.0866,1.00060000,34.36489000,b,m,
1526172635.3506,1.00030000,34.33548000,s,m,
1526306000.4477,0.99980000,30.93823000,b,l,
1526190941.6011,1.00050000,34.33419000,s,m,
1526291449.6153,0.99990000,30.00446000,s,m,
1526317527.1539,0.99950000,30.94192000,s,m,
1526325194.7598,0.99910000,216.42535489,s,m,
1526224551.8259,0.99980000,51.72000000,b,m,
1526291449.6748,0.99990000,30.00446000,s,m,
1526150832.0265,1.00050000,783.44072367,s,m,
1526331061.522,0.99940000,30.94382000,b,l,
1526137801.7339,1.00060000,39.48568247,b,m,
1526309720.2826,0.99930000,75.00000000,b,m,
1526332322.9424,0.99990000,30.94544000,b,l,
