time,bid,ask
1526464512,8231.50000,8238.60000
1526202369,8402.30000,8403.50000
1526464514,8231.60000,8238.60000
1526464516,8231.60000,8238.50000
1526202377,8402.30000,8403.40000
1526464524,8236.40000,8238.50000
1526202381,8402.30000,8403.30000
1526202382,8402.30000,8403.20000
1526464527,8231.70000,8238.50000
1526202384,8402.40000,8403.10000
1526464530,8231.90000,8238.60000
1526464531,8231.90000,8238.40000
1526202389,8402.40000,8403.30000
1526202390,8402.40000,8403.00000
1526464536,8232.00000,8238.40000
1526202395,8402.40000,8403.40000
1526464541,8237.10000,8238.40000
1526202398,8402.40000,8403.30000
1526202403,8402.40000,8403.20000
1526202405,8402.40000,8403.10000
1526202409,8402.40000,8403.00000
1526464555,8237.20000,8238.40000
1526464557,8237.20000,8238.30000
1526202414,8402.40000,8402.90000
1526202418,8402.40000,8402.80000
1526202421,8402.40000,8402.70000
1526464569,8237.30000,8238.30000
1526202427,8402.40000,8402.60000
1526202428,8402.30000,8402.40000
1526464577,8237.10000,8238.30000
1526202434,8402.30000,8403.10000
1526202435,8402.30000,8402.40000
1526202440,8398.60000,8402.40000
1526202443,8398.60000,8400.40000
1526202446,8398.60000,8399.50000
1526464525,8231.60000,8238.50000
1526202449,8398.60000,8399.40000
1526202450,8398.60000,8398.70000
1526202455,8389.00000,8398.60000
1526202457,8389.00000,8398.50000
1526464602,8237.20000,8238.40000
1526202459,8389.00000,8391.00000
1526464604,8237.30000,8238.40000
1526464605,8237.70000,8238.40000
1526464606,8232.20000,8238.40000
1526464607,8232.20000,8238.60000
1526202464,8389.00000,8390.90000
1526202465,8389.00000,8390.80000
1526202466,8389.00000,8390.80000
1526464611,8232.20000,8237.30000
1526202468,8389.00000,8390.60000
1526202469,8389.00000,8390.80000
1526202470,8389.00000,8390.00000
1526202471,8389.00000,8389.90000
1526202472,8389.70000,8389.90000
1526202473,8389.80000,8389.90000
1526464618,8233.00000,8237.30000
1526464620,8232.20000,8238.60000
1526464621,8237.20000,8238.60000
1526464626,8237.30000,8238.60000
1526464629,8237.40000,8238.60000
1526464630,8237.40000,8238.60000
1526246079,8744.50000,8747.30000
1526464533,8237.00000,8238.40000
1526202392,8402.40000,8402.90000
1526464661,8237.40000,8237.60000
1526202521,8388.50000,8389.90000
1526464667,8237.20000,8237.60000
1526202524,8389.80000,8389.90000
1526464670,8233.50000,8237.60000
1526202527,8389.80000,8403.60000
1526202528,8389.80000,8403.40000
1526464673,8233.50000,8237.60000
1526202531,8389.80000,8401.00000
1526202532,8389.90000,8401.00000
1526202534,8389.90000,8400.90000
1526464680,8236.20000,8237.60000
1526464681,8233.70000,8237.60000
1526202538,8390.20000,8400.80000
1526464683,8236.30000,8237.40000
1526202540,8390.20000,8400.00000
1526464688,8233.60000,8236.30000
1526202546,8390.20000,8400.70000
1526202547,8390.20000,8397.00000
1526464697,8235.90000,8236.20000
1526464698,8233.60000,8236.20000
1526464703,8235.80000,8236.20000
1526202560,8390.30000,8397.00000
1526464705,8233.60000,8236.30000
1526202563,8390.40000,8397.00000
1526202564,8390.50000,8397.00000
1526464709,8233.60000,8236.30000
1526202567,8390.30000,8397.00000
1526202569,8390.70000,8397.00000
1526464714,8233.60000,8234.40000
1526202573,8390.70000,8396.70000
1526202574,8390.70000,8393.90000
1526464720,8233.60000,8236.10000
1526202577,8390.70000,8390.90000
1526202578,8389.90000,8390.90000
1526464726,8233.60000,8236.10000
1526202584,8390.00000,8390.90000
1526464731,8233.60000,8234.20000
1526202588,8391.00000,8393.80000
1526202589,8391.00000,8397.00000
1526202590,8391.10000,8397.00000
1526202591,8391.10000,8396.90000
1526202594,8391.10000,8396.20000
1526464739,8233.70000,8236.10000
1526464743,8233.90000,8236.10000
1526202602,8391.20000,8396.20000
1526464753,8233.70000,8236.30000
1526202610,8388.70000,8396.20000
1526202613,8388.70000,8391.40000
1526202614,8391.20000,8391.40000
1526202616,8391.10000,8391.40000
1526202617,8391.20000,8391.40000
1526202619,8388.70000,8391.40000
1526202620,8388.70000,8391.40000
1526202621,8391.30000,8391.40000
1526464766,8233.70000,8236.30000
1526202623,8388.70000,8396.20000
1526464768,8234.40000,8235.30000
1526464769,8233.70000,8236.30000
1526464770,8233.70000,8235.20000
1526202627,8388.70000,8390.00000
1526202628,8384.60000,8390.00000
1526464773,8233.70000,8235.60000
1526202630,8384.60000,8389.90000
1526202631,8387.00000,8389.90000
1526202632,8387.00000,8389.00000
1526202633,8387.00000,8389.90000
1526202634,8387.00000,8390.00000
1526202635,8386.70000,8390.00000
1526202636,8387.10000,8390.00000
1526464781,8234.40000,8235.00000
1526202638,8386.80000,8390.00000
1526464783,8234.50000,8235.00000
1526202640,8387.70000,8390.00000
1526246104,8730.40000,8742.00000
1526202643,8389.90000,8390.00000
1526464790,8234.10000,8235.00000
1526464794,8233.80000,8234.90000
1526202653,8430.00000,8430.30000
1526202654,8430.00000,8430.20000
1526464799,8233.80000,8234.80000
1526202657,8390.30000,8407.00000
1526464802,8233.80000,8234.70000
1526464803,8233.80000,8234.30000
1526202660,8397.40000,8407.00000
1526202663,8397.50000,8406.90000
1526202664,8397.50000,8407.00000
1526202665,8397.60000,8406.80000
1526464810,8233.80000,8234.30000
1526202667,8398.00000,8407.00000
1526202668,8406.70000,8406.90000
1526202669,8406.70000,8406.80000
1526464815,8233.90000,8235.00000
1526202676,8406.70000,8407.10000
1526202677,8407.10000,8411.70000
1526202678,8411.60000,8411.70000
1526202679,8411.60000,8416.60000
1526202680,8411.70000,8416.50000
1526202685,8412.70000,8416.50000
1526202688,8416.40000,8416.50000
1526202695,8416.40000,8420.40000
1526202696,8416.40000,8420.30000
1526202699,8416.50000,8420.30000
1526202702,8416.40000,8420.30000
1526202707,8416.40000,8420.30000
1526202708,8416.40000,8419.70000
1526202709,8416.50000,8419.60000
1526202711,8416.50000,8420.40000
1526202712,8416.50000,8420.30000
1526464859,8235.00000,8238.60000
1526464862,8235.10000,8238.60000
1526246118,8731.20000,8740.00000
1526202730,8416.40000,8420.30000
1526202732,8416.40000,8419.90000
1526202733,8416.40000,8420.30000
1526464879,8238.50000,8238.60000
1526202737,8416.40000,8419.90000
1526202738,8412.90000,8419.90000
1526202740,8412.90000,8419.80000
1526202742,8413.00000,8419.70000
1526464888,8238.50000,8242.10000
1526202745,8411.80000,8419.60000
1526464890,8238.50000,8242.00000
1526202747,8413.00000,8419.60000
1526202748,8413.30000,8419.60000
1526202749,8413.30000,8419.50000
1526202750,8413.30000,8419.40000
1526464896,8239.40000,8242.10000
1526202753,8413.30000,8419.30000
1526464899,8238.50000,8245.70000
1526202756,8411.80000,8419.30000
1526464901,8238.80000,8242.00000
1526202758,8411.80000,8416.70000
1526202759,8413.00000,8416.70000
1526202760,8413.60000,8416.60000
1526202762,8413.00000,8416.50000
1526202763,8411.90000,8416.50000
1526464578,8237.10000,8238.40000
1526202766,8412.00000,8416.50000
1526202767,8412.00000,8419.90000
1526202768,8412.00000,8419.80000
1526202770,8412.10000,8419.80000
1526464915,8239.00000,8245.70000
1526464916,8239.00000,8239.10000
1526464918,8238.60000,8239.10000
1526202775,8412.20000,8419.80000
1526202776,8412.40000,8419.80000
1526464922,8239.00000,8239.10000
1526202780,8412.20000,8419.80000
1526464926,8238.70000,8239.10000
1526202783,8412.20000,8420.30000
1526464928,8238.50000,8239.10000
1526202785,8413.00000,8420.30000
1526464930,8239.00000,8239.10000
1526202787,8413.00000,8420.20000
1526202789,8413.00000,8420.10000
1526202790,8412.70000,8420.10000
1526202791,8418.30000,8420.10000
1526202792,8418.20000,8420.10000
1526202793,8413.10000,8420.10000
1526202794,8412.70000,8420.10000
1526202795,8417.00000,8420.10000
1526202796,8417.00000,8419.70000
1526202797,8413.00000,8419.70000
1526464943,8238.60000,8245.70000
1526202800,8415.40000,8419.70000
1526202801,8415.40000,8419.60000
1526202808,8412.70000,8419.60000
1526464954,8238.60000,8239.20000
1526202812,8413.00000,8419.60000
1526202813,8413.00000,8419.50000
1526202816,8413.00000,8419.40000
1526202817,8415.70000,8419.40000
1526202818,8412.80000,8419.40000
1526464963,8236.90000,8238.80000
1526202820,8413.00000,8419.60000
1526202822,8415.10000,8419.60000
1526202823,8413.00000,8419.60000
1526464968,8236.90000,8238.80000
1526202826,8412.70000,8419.60000
1526246135,8731.90000,8740.00000
1526202828,8415.10000,8419.60000
1526202829,8413.00000,8419.60000
1526202832,8415.20000,8419.60000
1526464977,8238.30000,8238.80000
1526464980,8238.30000,8242.90000
1526464981,8236.90000,8242.90000
1526464982,8236.90000,8241.70000
1526202839,8412.70000,8419.60000
1526202842,8414.00000,8419.60000
1526464987,8238.50000,8238.70000
1526246138,8732.30000,8739.70000
1526202846,8413.00000,8419.60000
1526464991,8238.70000,8241.60000
1526202849,8413.00000,8419.50000
1526202850,8414.00000,8419.50000
1526464996,8238.50000,8238.60000
1526202853,8414.00000,8419.40000
1526202855,8412.70000,8419.40000
1526202856,8414.30000,8419.40000
1526202857,8414.30000,8419.30000
1526465002,8238.10000,8241.50000
1526202859,8413.00000,8419.30000
1526202860,8413.00000,8419.20000
1526202861,8414.30000,8419.20000
1526465006,8238.20000,8238.30000
1526202863,8412.80000,8419.20000
1526202866,8412.70000,8419.10000
1526202867,8413.30000,8419.10000
1526202869,8413.30000,8419.00000
1526202870,8414.00000,8419.00000
1526202871,8414.00000,8419.60000
1526202873,8415.70000,8419.60000
1526202874,8416.70000,8419.60000
1526202879,8416.70000,8420.30000
1526465024,8238.20000,8238.40000
1526202890,8419.40000,8420.30000
1526246146,8732.30000,8740.00000
1526465038,8234.50000,8238.20000
1526202896,8419.50000,8419.60000
1526465041,8238.20000,8238.40000
1526202898,8419.40000,8419.50000
1526465043,8238.30000,8238.40000
1526202903,8422.00000,8425.00000
1526202904,8422.00000,8432.30000
1526202905,8422.10000,8432.30000
1526202906,8422.10000,8422.30000
1526246149,8732.30000,8739.00000
1526465056,8238.30000,8241.40000
1526465059,8239.00000,8241.40000
1526465061,8238.30000,8241.40000
1526465063,8239.10000,8241.40000
1526220924,8560.00000,8560.10000
1526202921,8422.10000,8424.70000
1526202922,8422.10000,8422.30000
1526246151,8732.60000,8739.00000
1526202461,8389.00000,8390.90000
1526465074,8239.10000,8241.40000
1526202931,8422.00000,8422.30000
1526465076,8239.10000,8240.80000
1526465077,8238.20000,8240.80000
1526465078,8238.20000,8240.60000
1526465079,8239.60000,8240.60000
1526202937,8422.00000,8425.00000
1526202941,8422.00000,8424.60000
1526465086,8239.00000,8240.60000
1526465087,8234.60000,8240.60000
1526465091,8234.60000,8240.60000
1526465092,8235.00000,8240.60000
1526465093,8235.00000,8240.30000
1526465094,8234.60000,8240.30000
1526465095,8235.20000,8240.60000
1526202953,8422.00000,8424.60000
1526465100,8235.00000,8240.60000
1526465101,8234.70000,8240.50000
1526465102,8238.60000,8240.50000
1526246157,8732.40000,8739.00000
1526465104,8235.10000,8240.50000
1526202962,8422.00000,8424.60000
1526465108,8236.00000,8240.50000
1526465109,8234.60000,8240.50000
1526202966,8422.10000,8424.60000
1526465111,8235.00000,8240.50000
1526465113,8238.30000,8240.50000
1526202970,8422.00000,8424.60000
1526202974,8422.00000,8422.20000
1526202978,8419.20000,8422.20000
1526465123,8238.30000,8240.40000
1526202980,8419.20000,8422.00000
1526202981,8419.20000,8422.20000
1526202982,8419.20000,8419.40000
1526465128,8239.50000,8240.40000
1526429889,8466.00000,8476.90000
1526465133,8240.00000,8240.40000
1526465136,8239.50000,8240.40000
1526465137,8240.10000,8240.40000
1526202998,8419.20000,8424.50000
1526202999,8419.20000,8419.40000
1526465144,8240.10000,8240.40000
1526465146,8240.30000,8240.40000
1526465147,8239.50000,8240.40000
1526465149,8240.30000,8240.40000
1526465154,8239.50000,8240.40000
1526203011,8419.20000,8419.30000
1526465156,8239.50000,8245.60000
1526465157,8239.50000,8245.50000
1526465158,8240.80000,8244.90000
1526465159,8240.30000,8244.90000
1526465161,8240.30000,8243.10000
1526203018,8419.20000,8423.70000
1526203019,8419.20000,8419.30000
1526203020,8409.80000,8419.20000
1526203021,8409.80000,8419.30000
1526203022,8413.00000,8419.20000
1526465167,8239.50000,8243.00000
1526465168,8240.40000,8243.00000
1526203027,8409.80000,8413.20000
1526203028,8409.80000,8413.00000
1526203029,8409.80000,8413.20000
1526465175,8240.50000,8242.90000
1526203032,8407.10000,8413.20000
1526203035,8407.40000,8413.20000
1526203036,8407.10000,8413.20000
1526465181,8240.50000,8242.80000
1526203038,8407.00000,8413.20000
1526465184,8241.00000,8242.80000
1526203041,8407.00000,8413.10000
1526203042,8407.40000,8413.10000
1526246171,8732.60000,8739.00000
1526203044,8407.40000,8413.00000
1526203045,8407.50000,8413.00000
1526203047,8407.70000,8413.00000
1526203048,8407.70000,8412.90000
1526203050,8407.90000,8412.90000
1526465195,8240.50000,8244.90000
1526203052,8407.90000,8412.80000
1526465199,8240.50000,8242.20000
1526465200,8240.60000,8242.20000
1526465201,8240.60000,8244.90000
1526203059,8407.60000,8408.10000
1526203063,8407.50000,8408.10000
1526465212,8240.60000,8244.90000
1526203072,8407.60000,8408.10000
1526465219,8239.50000,8244.90000
1526203076,8407.70000,8408.10000
1526203077,8407.70000,8419.30000
1526203078,8407.70000,8419.20000
1526465223,8240.70000,8244.90000
1526203080,8407.70000,8419.10000
1526203081,8410.00000,8419.10000
1526203082,8411.00000,8419.10000
1526203084,8411.00000,8419.30000
1526203085,8415.60000,8419.30000
1526203086,8415.60000,8418.90000
1526203087,8411.10000,8411.20000
1526465233,8240.70000,8245.70000
1526465238,8240.80000,8245.70000
1526465242,8240.80000,8244.90000
1526465244,8240.80000,8246.70000
1526246181,8723.90000,8739.00000
1526465250,8244.90000,8246.70000
1526246182,8723.90000,8740.00000
1526203111,8411.00000,8411.20000
1526465257,8245.00000,8246.70000
1526203114,8411.00000,8411.20000
1526203115,8411.10000,8411.20000
1526203117,8411.10000,8411.20000
1526465262,8246.10000,8246.70000
1526465263,8246.20000,8246.70000
1526246184,8732.80000,8740.00000
1526465266,8246.20000,8246.60000
1526465268,8246.20000,8246.70000
1526465270,8244.90000,8246.70000
1526465271,8245.00000,8247.50000
1526203128,8410.00000,8411.20000
1526465274,8246.30000,8246.70000
1526465275,8245.00000,8246.70000
1526203132,8407.70000,8418.80000
1526203133,8407.70000,8410.20000
1526465278,8245.00000,8246.70000
1526203135,8409.00000,8410.20000
1526203136,8409.10000,8410.20000
1526465282,8245.00000,8246.60000
1526465283,8245.00000,8246.40000
1526465284,8245.00000,8246.70000
1526203141,8407.60000,8410.20000
1526203142,8408.00000,8410.20000
1526465287,8245.50000,8246.30000
1526465288,8245.00000,8246.30000
1526203145,8408.10000,8410.10000
1526203146,8408.10000,8410.20000
1526203148,8408.10000,8410.10000
1526465295,8246.20000,8246.30000
1526203152,8404.20000,8408.20000
1526465298,8244.90000,8245.00000
1526203156,8407.00000,8408.20000
1526203159,8407.00000,8407.90000
1526203161,8404.00000,8407.90000
1526203164,8404.00000,8408.20000
1526203165,8404.10000,8408.20000
1526203166,8404.00000,8408.20000
1526203167,8404.00000,8407.90000
1526203168,8404.00000,8408.20000
1526203170,8404.00000,8407.60000
1526203172,8404.00000,8408.20000
1526203173,8404.10000,8407.30000
1526203174,8404.00000,8407.30000
1526203177,8404.00000,8407.20000
1526203178,8404.00000,8405.60000
1526203183,8404.10000,8405.60000
1526203185,8404.20000,8405.60000
1526465330,8239.50000,8244.20000
1526203187,8404.20000,8408.10000
1526203189,8404.20000,8406.60000
1526203191,8404.20000,8408.00000
1526203192,8404.20000,8407.90000
1526465337,8239.60000,8244.20000
1526203194,8404.00000,8407.90000
1526203195,8404.00000,8405.20000
1526203198,8403.50000,8405.20000
1526203203,8403.50000,8405.10000
1526203204,8403.50000,8407.40000
1526203205,8403.50000,8407.50000
1526203206,8403.50000,8407.10000
1526465351,8239.70000,8244.10000
1526465352,8239.70000,8245.00000
1526203209,8403.50000,8404.00000
1526465355,8239.70000,8244.20000
1526203215,8400.00000,8403.50000
1526203217,8402.50000,8403.50000
1526203218,8404.60000,8407.00000
1526203222,8404.60000,8406.60000
1526465367,8239.80000,8244.10000
1526465371,8239.80000,8244.00000
1526203228,8404.60000,8406.90000
1526246202,8726.40000,8735.00000
1526203230,8404.60000,8406.30000
1526203232,8404.60000,8406.90000
1526246203,8733.10000,8735.00000
1526465380,8239.80000,8244.10000
1526203238,8404.60000,8407.80000
1526203239,8404.70000,8406.80000
1526465384,8236.80000,8244.10000
1526465388,8237.00000,8244.10000
1526465390,8239.80000,8244.10000
1526203248,8404.70000,8406.20000
1526465393,8236.90000,8244.10000
1526203251,8404.70000,8406.80000
1526203253,8404.70000,8406.10000
1526465399,8240.00000,8244.10000
1526203260,8404.80000,8406.10000
1526465405,8240.00000,8243.30000
1526203272,8404.80000,8406.00000
1526203274,8404.70000,8406.00000
1526465421,8240.20000,8243.30000
1526203279,8404.60000,8406.00000
1526203282,8404.60000,8405.90000
1526465432,8243.20000,8243.30000
1526465434,8243.20000,8244.10000
1526203292,8404.70000,8405.90000
1526203293,8404.60000,8405.90000
1526203297,8404.60000,8409.80000
1526465442,8243.30000,8244.10000
1526203299,8404.60000,8409.50000
1526203300,8404.70000,8409.50000
1526203301,8404.70000,8409.80000
1526203303,8404.70000,8409.20000
1526203305,8404.70000,8409.80000
1526465451,8243.40000,8244.10000
1526203308,8404.70000,8408.90000
1526465454,8243.30000,8244.10000
1526203311,8405.00000,8409.80000
1526203312,8405.00000,8408.80000
1526465457,8243.20000,8244.90000
1526203315,8405.10000,8408.80000
1526203318,8405.20000,8408.80000
1526465463,8243.30000,8244.90000
1526203322,8405.20000,8408.50000
1526464671,8235.00000,8237.60000
1526203324,8405.00000,8408.50000
1526203327,8405.00000,8408.40000
1526465473,8243.80000,8244.90000
1526465474,8243.40000,8244.90000
1526203333,8408.30000,8408.40000
1526465479,8243.90000,8244.90000
1526246220,8724.40000,8733.00000
1526465482,8246.60000,8246.70000
1526465485,8246.70000,8247.50000
1526465486,8246.70000,8255.70000
1526465487,8247.50000,8255.80000
1526465488,8253.00000,8255.80000
1526465489,8253.00000,8260.00000
1526465490,8246.40000,8257.00000
1526465491,8249.80000,8257.00000
1526465492,8247.60000,8257.00000
1526465496,8248.10000,8257.00000
1526464676,8235.10000,8237.60000
1526465498,8248.10000,8249.00000
1526465499,8248.30000,8249.00000
1526465502,8248.20000,8256.90000
1526465504,8248.40000,8256.90000
1526465505,8248.60000,8256.90000
1526465506,8249.00000,8256.90000
1526465508,8256.80000,8256.90000
1526465509,8256.80000,8260.00000
1526465515,8256.90000,8260.00000
1526465517,8257.00000,8260.00000
1526203376,8408.40000,8408.50000
1526465522,8257.10000,8260.00000
1526246227,8724.40000,8728.00000
1526465530,8254.20000,8260.00000
1526465531,8255.30000,8257.10000
1526465532,8255.30000,8260.00000
1526464682,8236.30000,8237.60000
1526465534,8254.30000,8260.00000
1526465535,8254.30000,8255.30000
1526203392,8408.40000,8408.60000
1526465537,8254.30000,8257.70000
1526465538,8254.30000,8259.90000
1526465540,8254.30000,8260.00000
1526465542,8254.30000,8259.90000
1526465545,8254.30000,8260.00000
1526203402,8408.40000,8408.60000
1526465548,8254.30000,8259.90000
1526203407,8408.50000,8408.60000
1526465552,8254.30000,8257.60000
1526465553,8254.30000,8259.90000
1526465554,8254.30000,8260.00000
1526465556,8254.30000,8257.80000
1526465559,8254.30000,8260.00000
1526203417,8408.50000,8408.70000
1526465564,8254.80000,8260.00000
1526465565,8254.40000,8260.00000
1526465567,8254.30000,8260.00000
1526202544,8390.20000,8400.70000
1526465573,8254.30000,8260.00000
1526465574,8252.80000,8257.60000
1526246236,8724.50000,8733.00000
1526465580,8254.40000,8257.60000
1526464690,8235.90000,8236.30000
1526465583,8252.80000,8257.50000
1526203440,8408.40000,8408.70000
1526203443,8408.60000,8408.70000
1526465589,8249.30000,8257.50000
1526465590,8249.10000,8257.50000
1526203448,8408.60000,8408.80000
1526465593,8251.00000,8257.50000
1526465595,8249.10000,8254.50000
1526465598,8250.00000,8254.50000
1526203455,8408.70000,8408.80000
1526465601,8248.00000,8254.50000
1526465603,8247.70000,8254.50000
1526465606,8252.80000,8254.50000
1526203463,8408.70000,8408.90000
1526203465,8408.60000,8408.90000
1526203468,8408.70000,8408.90000
1526246242,8723.40000,8728.00000
1526203471,8408.80000,8408.90000
1526203477,8408.80000,8410.00000
1526203478,8408.80000,8409.00000
1526465624,8247.80000,8254.50000
1526203482,8408.90000,8409.00000
1526465627,8254.40000,8254.50000
1526203484,8408.80000,8409.00000
1526203485,8408.90000,8409.00000
1526203493,8408.90000,8409.10000
1526203495,8410.90000,8419.10000
1526203496,8417.50000,8419.10000
1526203497,8422.90000,8423.30000
1526203498,8423.40000,8423.50000
1526203499,8423.20000,8423.50000
1526203500,8425.80000,8434.60000
1526203501,8425.80000,8435.70000
1526203503,8425.90000,8435.70000
1526203506,8435.60000,8435.70000
1526465652,8254.40000,8257.60000
1526465655,8254.50000,8257.60000
1526203514,8435.80000,8438.00000
1526465659,8254.50000,8257.60000
1526203516,8436.40000,8438.00000
1526246250,8723.70000,8728.00000
1526465662,8254.40000,8257.60000
1526465664,8255.30000,8257.60000
1526203521,8440.70000,8446.10000
1526465666,8254.40000,8257.60000
1526203523,8440.80000,8450.00000
1526203525,8442.00000,8450.00000
1526203526,8449.70000,8450.00000
1526203527,8442.10000,8450.00000
1526203528,8442.10000,8450.00000
1526203529,8444.80000,8446.90000
1526203532,8444.90000,8446.90000
1526203533,8445.40000,8450.00000
1526203534,8444.90000,8446.40000
1526203536,8445.00000,8446.40000
1526203537,8445.50000,8446.40000
1526465682,8255.30000,8257.60000
1526464708,8233.60000,8236.20000
1526203551,8444.80000,8446.40000
1526203553,8445.50000,8446.30000
1526203554,8444.80000,8446.30000
1526203555,8444.80000,8446.30000
1526203556,8443.30000,8446.30000
1526465701,8256.00000,8257.60000
1526203558,8443.30000,8444.80000
1526203559,8443.30000,8446.30000
1526203560,8443.30000,8444.80000
1526203561,8443.40000,8446.30000
1526464711,8233.60000,8236.20000
1526203564,8443.40000,8446.30000
1526203565,8441.70000,8446.30000
1526203571,8440.90000,8446.30000
1526465716,8279.10000,8283.60000
1526203574,8441.70000,8446.30000
1526203575,8444.60000,8445.00000
1526203576,8444.70000,8445.00000
1526465721,8279.20000,8283.60000
1526465723,8281.00000,8283.60000
1526465724,8279.60000,8289.00000
1526203582,8444.90000,8445.00000
1526203583,8444.60000,8445.00000
1526203584,8444.60000,8445.00000
1526203585,8444.90000,8445.00000
1526465731,8293.60000,8298.10000
1526465732,8293.60000,8299.00000
1526465733,8293.60000,8330.00000
1526465734,8309.20000,8330.00000
1526465736,8298.80000,8330.00000
1526465737,8314.60000,8329.90000
1526465738,8311.70000,8329.90000
1526465739,8349.70000,8350.00000
1526465742,8349.70000,8450.00000
1526465743,8349.70000,8395.60000
1526465745,8348.50000,8349.70000
1526203602,8444.90000,8450.00000
1526203603,8445.00000,8450.00000
1526203604,8449.20000,8450.00000
1526464718,8234.40000,8236.20000
1526465750,8373.90000,8388.50000
1526465751,8352.70000,8359.20000
1526203608,8449.90000,8450.00000
1526465753,8367.60000,8373.90000
1526465754,8357.00000,8373.90000
1526465755,8372.00000,8388.50000
1526465756,8372.00000,8380.10000
1526465757,8372.00000,8388.00000
1526465758,8375.00000,8388.00000
1526465760,8375.00000,8387.90000
1526465761,8375.00000,8380.00000
1526203619,8450.00000,8452.50000
1526465764,8375.00000,8387.90000
1526203621,8452.10000,8452.50000
1526465767,8384.00000,8387.80000
1526203624,8454.90000,8460.00000
1526203625,8456.30000,8460.00000
1526203626,8455.00000,8460.00000
1526203627,8455.00000,8456.50000
1526203628,8460.00000,8468.50000
1526464722,8233.60000,8234.20000
1526203630,8460.00000,8478.90000
1526203631,8460.00000,8473.40000
1526203632,8466.20000,8473.40000
1526465777,8388.70000,8399.90000
1526203634,8466.20000,8473.30000
1526203635,8470.30000,8473.30000
1526465780,8388.70000,8395.00000
1526465781,8399.80000,8399.90000
1526203639,8470.40000,8473.30000
1526203640,8473.20000,8473.30000
1526203641,8473.20000,8473.30000
1526203642,8473.20000,8479.90000
1526465787,8399.80000,8405.90000
1526203645,8473.20000,8476.70000
1526203646,8477.00000,8479.90000
1526203647,8478.10000,8479.90000
1526203648,8476.60000,8494.90000
1526203649,8478.80000,8479.80000
1526203650,8479.80000,8484.00000
1526465795,8398.10000,8399.90000
1526465796,8398.00000,8399.90000
1526203653,8479.80000,8483.90000
1526203654,8483.60000,8483.90000
1526203655,8483.60000,8501.90000
1526203656,8483.60000,8501.80000
1526203657,8483.60000,8501.70000
1526203658,8496.80000,8501.70000
1526203659,8496.80000,8501.70000
1526465804,8399.80000,8399.90000
1526465805,8398.30000,8399.90000
1526203663,8496.90000,8501.70000
1526203665,8499.70000,8501.80000
1526203667,8501.70000,8501.80000
1526465812,8398.40000,8399.90000
1526203669,8501.70000,8507.30000
1526203670,8501.70000,8505.80000
1526465815,8402.90000,8404.10000
1526203672,8504.00000,8505.80000
1526203673,8501.80000,8510.50000
1526203674,8505.70000,8510.50000
1526203675,8505.70000,8510.40000
1526203676,8505.70000,8510.40000
1526203677,8516.30000,8517.80000
1526203678,8517.70000,8517.80000
1526203680,8517.70000,8526.50000
1526203681,8517.70000,8526.50000
1526203682,8517.70000,8539.40000
1526203683,8528.50000,8529.70000
1526203684,8538.40000,8545.80000
1526203685,8538.40000,8550.00000
1526465830,8390.40000,8397.70000
1526203687,8541.10000,8549.90000
1526203688,8549.90000,8550.00000
1526465834,8377.40000,8396.60000
1526465835,8390.60000,8396.70000
1526203692,8550.10000,8554.40000
1526203694,8554.30000,8555.00000
1526203695,8554.50000,8555.00000
1526203696,8554.50000,8555.40000
1526203697,8554.50000,8558.50000
1526203698,8554.50000,8554.90000
1526203699,8554.50000,8558.50000
1526203700,8554.60000,8558.50000
1526464734,8233.60000,8236.10000
1526203702,8555.30000,8576.50000
1526203703,8565.60000,8576.50000
1526465848,8403.50000,8403.60000
1526203705,8559.00000,8576.50000
1526203707,8568.00000,8576.50000
1526203708,8568.00000,8569.00000
1526465854,8404.00000,8404.10000
1526203711,8573.40000,8576.40000
1526203713,8573.40000,8576.30000
1526203714,8573.70000,8576.30000
1526203715,8573.50000,8576.30000
1526203716,8573.50000,8576.30000
1526203717,8573.40000,8576.20000
1526203718,8573.40000,8573.50000
1526203720,8573.40000,8573.70000
1526203721,8572.80000,8573.40000
1526465867,8421.20000,8424.00000
1526465868,8421.20000,8428.10000
1526203725,8572.80000,8573.40000
1526203726,8571.80000,8572.80000
1526203727,8571.80000,8571.90000
1526203728,8571.80000,8572.80000
1526203730,8571.80000,8572.70000
1526203731,8571.90000,8576.30000
1526203732,8571.90000,8573.50000
1526203733,8572.20000,8573.50000
1526203734,8573.40000,8573.50000
1526465879,8403.40000,8403.50000
1526203736,8572.00000,8573.50000
1526203737,8572.10000,8573.40000
1526465882,8403.50000,8420.80000
1526465883,8412.00000,8420.80000
1526203740,8572.00000,8593.10000
1526203741,8571.80000,8593.00000
1526203742,8572.10000,8593.00000
1526465887,8412.00000,8414.00000
1526203744,8571.90000,8592.90000
1526465889,8412.00000,8412.10000
1526203746,8571.80000,8571.90000
1526203747,8571.60000,8571.90000
1526203748,8568.20000,8572.00000
1526465893,8403.60000,8412.10000
1526203750,8564.40000,8571.90000
1526203751,8568.10000,8571.90000
1526465896,8403.50000,8412.10000
1526465897,8403.50000,8407.00000
1526465899,8403.50000,8411.20000
1526203756,8566.60000,8572.00000
1526203757,8566.60000,8571.80000
1526465902,8395.40000,8412.10000
1526203759,8566.60000,8572.00000
1526465904,8411.20000,8412.80000
1526465905,8411.20000,8412.00000
1526203763,8569.00000,8571.90000
1526465909,8412.00000,8412.70000
1526203767,8585.00000,8585.20000
1526203768,8585.00000,8585.10000
1526465914,8411.30000,8411.70000
1526465915,8395.50000,8403.00000
1526465916,8395.60000,8401.50000
1526465918,8395.50000,8401.50000
1526465920,8395.50000,8401.40000
1526465921,8395.50000,8400.80000
1526465922,8395.50000,8398.00000
1526465923,8386.60000,8400.80000
1526465925,8386.70000,8400.80000
1526465926,8386.70000,8400.80000
1526465927,8387.00000,8400.80000
1526465928,8387.10000,8400.80000
1526465929,8379.70000,8400.70000
1526465930,8379.80000,8400.70000
1526465931,8379.90000,8400.70000
1526465932,8383.90000,8400.70000
1526465934,8379.90000,8397.90000
1526465935,8393.40000,8397.90000
1526203792,8585.00000,8593.10000
1526203793,8585.00000,8587.40000
1526203794,8586.60000,8593.20000
1526203795,8585.10000,8593.20000
1526203796,8593.00000,8593.20000
1526465941,8386.40000,8391.60000
1526465945,8386.40000,8391.50000
1526465946,8386.40000,8388.00000
1526203803,8585.00000,8593.20000
1526203804,8585.00000,8587.00000
1526203805,8577.20000,8587.00000
1526465950,8386.40000,8391.20000
1526465951,8386.40000,8391.40000
1526203809,8589.70000,8593.20000
1526203810,8585.10000,8590.00000
1526465955,8386.40000,8388.60000
1526203812,8578.10000,8590.00000
1526465958,8386.40000,8391.40000
1526203815,8586.60000,8590.00000
1526465960,8386.40000,8391.00000
1526203817,8578.10000,8589.00000
1526465962,8386.40000,8387.80000
1526203819,8585.50000,8589.00000
1526465964,8379.90000,8383.60000
1526465965,8379.90000,8382.80000
1526465966,8379.80000,8382.80000
1526203823,8587.80000,8590.00000
1526203824,8587.80000,8588.90000
1526465970,8379.90000,8382.80000
1526203827,8587.80000,8588.80000
1526203829,8577.90000,8587.80000
1526465974,8380.30000,8382.80000
1526465975,8384.30000,8387.60000
1526203832,8579.30000,8588.80000
1526203833,8579.30000,8587.80000
1526465978,8380.40000,8382.60000
1526465979,8380.50000,8382.60000
1526203836,8577.90000,8588.80000
1526203837,8577.10000,8588.80000
1526203839,8577.10000,8583.30000
1526465984,8388.00000,8391.30000
1526203841,8578.00000,8587.20000
1526203842,8578.00000,8583.10000
1526203843,8578.00000,8583.00000
1526464758,8233.80000,8234.20000
1526465991,8388.00000,8391.30000
1526203848,8578.00000,8590.00000
1526203849,8578.00000,8589.90000
1526203850,8578.00000,8585.00000
1526203852,8582.90000,8585.00000
1526203853,8582.90000,8583.90000
1526465998,8388.10000,8389.60000
1526203855,8582.90000,8584.90000
1526466001,8388.10000,8389.60000
1526466002,8388.00000,8389.60000
1526203859,8578.50000,8584.80000
1526203860,8580.00000,8584.80000
1526203863,8578.50000,8584.80000
1526203865,8578.50000,8584.70000
1526466011,8388.10000,8389.50000
1526466013,8388.20000,8389.50000
1526203870,8583.50000,8584.70000
1526203871,8583.50000,8584.00000
1526466017,8388.10000,8389.40000
1526203874,8583.50000,8583.90000
1526464763,8233.70000,8235.00000
1526466021,8388.00000,8388.10000
1526203878,8578.50000,8583.90000
1526466025,8381.00000,8385.70000
1526203882,8578.90000,8582.00000
1526466027,8381.00000,8385.70000
1526203884,8578.50000,8582.00000
1526466030,8381.20000,8385.60000
1526203887,8581.90000,8583.70000
1526466032,8381.50000,8385.60000
1526203889,8581.90000,8583.80000
1526203890,8581.90000,8584.00000
1526466035,8381.50000,8385.60000
1526203892,8578.50000,8583.00000
1526466038,8379.40000,8381.00000
1526203896,8578.50000,8582.90000
1526466041,8379.50000,8380.90000
1526464767,8234.40000,8236.30000
1526203900,8578.50000,8583.00000
1526466046,8379.50000,8380.90000
1526203903,8578.00000,8582.80000
1526203904,8578.10000,8582.80000
1526203905,8578.10000,8582.90000
1526466050,8379.60000,8380.60000
1526203907,8578.00000,8582.90000
1526203908,8578.00000,8582.80000
1526466054,8379.60000,8380.60000
1526466056,8378.40000,8380.60000
1526203914,8580.20000,8582.60000
1526466061,8379.60000,8380.00000
1526203919,8580.20000,8582.50000
1526466064,8376.60000,8376.90000
1526466065,8376.50000,8376.90000
1526203923,8580.50000,8582.40000
1526203925,8580.20000,8582.40000
1526203928,8582.30000,8582.40000
1526203931,8582.30000,8582.60000
1526466078,8376.70000,8376.80000
1526203936,8580.20000,8582.60000
1526464774,8233.80000,8235.60000
1526203942,8580.30000,8582.60000
1526203943,8582.60000,8589.80000
1526203945,8582.70000,8589.80000
1526203946,8582.70000,8589.00000
1526203947,8580.30000,8589.00000
1526203951,8580.30000,8589.60000
1526203952,8582.50000,8588.00000
1526466097,8367.10000,8372.00000
1526466098,8367.10000,8371.00000
1526246323,8706.40000,8710.70000
1526203956,8580.30000,8587.00000
1526203958,8580.30000,8582.50000
1526203959,8580.30000,8587.00000
1526466104,8367.20000,8376.40000
1526203961,8574.00000,8586.90000
1526203962,8574.20000,8586.90000
1526203964,8580.40000,8586.90000
1526203965,8586.80000,8586.90000
1526203969,8586.80000,8589.30000
1526203970,8586.80000,8589.80000
1526203971,8586.80000,8588.00000
1526466116,8367.40000,8370.00000
1526466118,8367.30000,8371.00000
1526466119,8367.30000,8371.80000
1526203976,8574.20000,8589.80000
1526466121,8367.40000,8371.80000
1526203978,8574.20000,8587.70000
1526203979,8586.80000,8587.70000
1526203980,8574.30000,8587.70000
1526203981,8582.20000,8587.70000
1526466126,8367.40000,8371.70000
1526203983,8583.10000,8589.80000
1526203985,8577.00000,8589.30000
1526203986,8587.60000,8589.30000
1526203987,8577.10000,8589.30000
1526203988,8589.20000,8589.30000
1526203989,8589.20000,8589.80000
1526246329,8704.50000,8707.60000
1526203994,8589.20000,8593.00000
1526203995,8581.40000,8593.00000
1526203996,8581.40000,8589.20000
1526203997,8581.40000,8589.50000
1526203998,8581.40000,8592.00000
1526203999,8581.50000,8592.00000
1526204000,8581.50000,8593.20000
1526204001,8581.50000,8591.90000
1526204002,8581.60000,8591.90000
1526466148,8367.30000,8371.70000
1526204005,8581.60000,8591.90000
1526204006,8581.60000,8591.80000
1526466152,8367.40000,8371.60000
1526204009,8589.90000,8591.80000
1526204011,8591.30000,8591.80000
1526466156,8367.40000,8371.50000
1526204013,8591.30000,8591.60000
1526204016,8591.40000,8591.60000
1526466161,8367.60000,8371.40000
1526466162,8367.40000,8371.40000
1526464787,8233.70000,8235.00000
1526204023,8593.10000,8599.90000
1526204024,8593.10000,8600.00000
1526204025,8593.10000,8596.00000
1526204026,8593.10000,8600.00000
1526204027,8593.10000,8598.40000
1526466172,8367.40000,8374.50000
1526204029,8591.50000,8598.40000
1526204030,8593.20000,8598.40000
1526204032,8598.30000,8598.40000
1526466178,8367.90000,8375.60000
1526204035,8598.30000,8601.50000
1526204036,8598.30000,8601.40000
1526204038,8598.30000,8602.00000
1526466183,8368.10000,8375.60000
1526204040,8600.00000,8602.00000
1526466185,8368.10000,8375.50000
1526466186,8368.10000,8375.70000
1526466187,8368.20000,8375.70000
1526466189,8368.30000,8375.70000
1526204048,8601.90000,8602.00000
1526466194,8368.90000,8375.70000
1526466197,8375.00000,8375.70000
1526466199,8374.00000,8376.80000
1526466200,8374.00000,8376.50000
1526466202,8374.50000,8376.50000
1526466203,8376.30000,8376.50000
1526204060,8600.00000,8601.90000
1526204061,8600.00000,8601.80000
1526204062,8591.30000,8600.00000
1526204063,8591.30000,8601.80000
1526466209,8380.00000,8391.80000
1526466210,8380.00000,8396.70000
1526466211,8377.70000,8396.70000
1526466212,8377.90000,8400.00000
1526466214,8384.00000,8396.00000
1526204071,8591.40000,8601.80000
1526466216,8384.10000,8399.40000
1526466217,8384.10000,8391.70000
1526204074,8588.00000,8601.40000
1526204075,8590.50000,8601.40000
1526466220,8386.00000,8391.70000
1526204077,8590.60000,8596.70000
1526204078,8590.60000,8596.60000
1526464797,8233.80000,8234.80000
1526204081,8590.70000,8596.60000
1526466226,8385.30000,8391.70000
1526466227,8386.10000,8391.70000
1526204084,8590.90000,8596.60000
1526466229,8386.20000,8391.70000
1526204086,8590.60000,8596.50000
1526466232,8386.60000,8391.70000
1526204089,8591.20000,8596.50000
1526204090,8591.20000,8596.40000
1526204092,8591.20000,8596.50000
1526204093,8591.30000,8596.50000
1526204094,8591.30000,8596.40000
1526204095,8591.30000,8596.50000
1526204096,8591.30000,8596.40000
1526204097,8591.30000,8596.30000
1526204098,8582.20000,8591.30000
1526204099,8582.20000,8585.10000
1526204100,8582.20000,8591.40000
1526204102,8582.30000,8591.40000
1526466248,8387.40000,8391.60000
1526204105,8582.10000,8591.40000
1526204106,8578.10000,8582.00000
1526466251,8386.10000,8386.90000
1526466252,8386.10000,8391.60000
1526204110,8581.00000,8582.00000
1526466255,8386.90000,8393.90000
1526204113,8579.50000,8582.00000
1526466260,8381.10000,8386.90000
1526204117,8579.60000,8582.00000
1526466263,8381.10000,8386.90000
1526204121,8580.00000,8582.00000
1526466266,8381.10000,8393.80000
1526466267,8379.60000,8393.80000
1526466268,8379.70000,8392.00000
1526204126,8579.50000,8582.00000
1526204127,8579.50000,8581.90000
1526466272,8378.10000,8393.70000
1526466273,8378.00000,8393.70000
1526466274,8379.00000,8391.80000
1526466275,8379.00000,8379.60000
1526466276,8378.10000,8379.60000
1526466277,8380.00000,8390.00000
1526466279,8379.60000,8382.00000
1526466280,8376.50000,8390.00000
1526466281,8376.50000,8387.10000
1526466285,8376.50000,8389.40000
1526204143,8579.60000,8581.90000
1526464808,8231.00000,8234.30000
1526246355,8684.10000,8685.90000
1526466294,8380.30000,8386.90000
1526466295,8380.30000,8385.40000
1526466296,8376.50000,8385.40000
1526466301,8376.50000,8386.90000
1526466302,8376.60000,8385.30000
1526466303,8376.60000,8385.00000
1526466304,8376.60000,8385.30000
1526466305,8376.60000,8385.00000
1526466306,8376.80000,8385.00000
1526466309,8376.60000,8385.00000
1526464812,8233.80000,8234.90000
1526464813,8233.80000,8235.00000
1526204176,8579.60000,8582.00000
1526204182,8581.80000,8582.00000
1526204183,8581.90000,8582.00000
1526466330,8376.70000,8385.00000
1526466331,8376.60000,8385.00000
1526466332,8377.10000,8385.00000
1526466335,8380.00000,8385.00000
1526466336,8376.60000,8385.00000
1526466339,8376.60000,8384.90000
1526466340,8376.70000,8384.90000
1526466343,8377.20000,8384.90000
1526466349,8377.30000,8384.90000
1526466355,8377.30000,8378.20000
1526246366,8683.10000,8685.00000
1526466364,8377.40000,8384.90000
1526246368,8683.10000,8685.60000
1526466371,8390.00000,8397.20000
1526466372,8390.00000,8398.50000
1526464822,8234.90000,8235.00000
1526466374,8390.00000,8394.80000
1526466375,8390.00000,8392.20000
1526466386,8390.00000,8392.10000
1526466391,8390.00000,8390.20000
1526246372,8670.90000,8684.90000
1526204253,8581.80000,8582.00000
1526466399,8381.10000,8384.80000
1526204256,8580.50000,8582.00000
1526466401,8375.30000,8379.50000
1526466402,8375.30000,8383.70000
1526204259,8573.50000,8582.00000
1526204261,8578.00000,8582.00000
1526204262,8576.00000,8582.00000
1526204263,8577.00000,8582.00000
1526204266,8577.00000,8581.90000
1526466411,8375.30000,8378.00000
1526204268,8575.50000,8581.90000
1526204269,8573.50000,8581.90000
1526204270,8574.50000,8581.90000
1526204271,8573.40000,8581.90000
1526204272,8573.50000,8581.00000
1526204273,8577.00000,8581.00000
1526204274,8577.00000,8580.90000
1526466421,8375.30000,8377.90000
1526204278,8576.30000,8581.00000
1526204279,8573.50000,8581.00000
1526204280,8573.50000,8580.90000
1526204281,8573.50000,8580.80000
1526466429,8375.30000,8378.00000
1526204287,8573.50000,8580.70000
1526204288,8573.80000,8580.70000
1526204290,8577.20000,8580.70000
1526204291,8574.00000,8580.60000
1526204292,8578.00000,8580.70000
1526204293,8578.00000,8581.00000
1526204296,8578.00000,8580.50000
1526204297,8578.10000,8580.50000
1526204298,8578.00000,8580.50000
1526204299,8579.50000,8580.40000
1526204300,8579.50000,8579.70000
1526466445,8373.10000,8375.30000
1526204303,8576.00000,8579.60000
1526204304,8575.00000,8579.60000
1526204306,8576.00000,8579.60000
1526204308,8577.50000,8579.50000
1526246382,8671.30000,8683.90000
1526466457,8369.70000,8375.10000
1526204314,8573.40000,8579.50000
1526204317,8578.50000,8579.50000
1526204320,8578.50000,8579.40000
1526466466,8369.70000,8375.10000
1526204323,8573.40000,8579.40000
1526204324,8577.00000,8579.30000
1526204327,8577.00000,8577.10000
1526466474,8369.70000,8375.00000
1526204333,8577.00000,8579.30000
1526204334,8577.00000,8579.20000
1526204335,8577.00000,8577.10000
1526204336,8577.00000,8579.20000
1526204337,8577.00000,8577.10000
1526466482,8369.80000,8374.90000
1526204343,8576.00000,8577.00000
1526204344,8573.40000,8577.00000
1526204345,8574.50000,8577.00000
1526204347,8574.50000,8576.90000
1526204348,8573.40000,8576.90000
1526466493,8365.20000,8370.00000
1526204354,8573.50000,8576.90000
1526204355,8573.40000,8576.10000
1526204356,8573.40000,8576.00000
1526204357,8573.40000,8576.00000
1526204358,8573.40000,8575.40000
1526204359,8574.30000,8576.90000
1526204360,8573.40000,8576.90000
1526204361,8573.40000,8577.00000
1526204362,8570.30000,8575.70000
1526204363,8570.30000,8577.00000
1526204364,8576.30000,8577.00000
1526204365,8576.30000,8576.80000
1526204367,8570.40000,8576.80000
1526204368,8570.40000,8577.00000
1526204369,8566.10000,8577.00000
1526204370,8566.10000,8577.00000
1526204372,8576.60000,8577.00000
1526204373,8576.70000,8577.00000
1526204374,8576.70000,8576.90000
1526204375,8569.10000,8576.90000
1526204377,8569.00000,8576.90000
1526204378,8568.00000,8576.90000
1526204379,8573.50000,8576.80000
1526246394,8671.40000,8679.80000
1526466526,8366.20000,8370.00000
1526466530,8366.30000,8370.00000
1526246395,8668.50000,8679.00000
1526466532,8370.60000,8374.60000
1526204389,8573.50000,8576.70000
1526204390,8566.30000,8576.70000
1526204391,8567.00000,8576.70000
1526466536,8374.00000,8375.10000
1526204393,8567.00000,8576.70000
1526204394,8571.90000,8576.70000
1526204395,8567.00000,8576.60000
1526204396,8572.00000,8576.70000
1526466541,8374.00000,8383.80000
1526204398,8572.10000,8576.80000
1526204399,8573.10000,8576.80000
1526466545,8374.10000,8386.20000
1526466546,8374.10000,8386.10000
1526466550,8375.00000,8386.10000
1526466551,8374.20000,8386.10000
1526466553,8374.20000,8386.20000
1526466554,8374.20000,8386.20000
1526466557,8375.00000,8386.20000
1526466559,8375.00000,8386.10000
1526466560,8374.20000,8386.10000
1526466562,8376.00000,8386.10000
1526466565,8376.10000,8386.00000
1526204423,8573.10000,8576.60000
1526204424,8573.10000,8576.80000
1526204425,8576.60000,8576.80000
1526466571,8376.10000,8386.10000
1526466572,8376.10000,8385.90000
1526204430,8566.30000,8572.00000
1526204431,8566.40000,8572.00000
1526204432,8570.50000,8572.00000
1526204433,8566.40000,8572.00000
1526466578,8374.40000,8385.00000
1526204435,8566.30000,8572.00000
1526204436,8568.60000,8572.00000
1526204437,8571.80000,8572.00000
1526466582,8376.20000,8385.00000
1526466583,8376.20000,8384.90000
1526466587,8376.20000,8384.00000
1526204444,8571.80000,8572.00000
1526466591,8376.20000,8383.90000
1526204448,8571.80000,8571.90000
1526204451,8566.10000,8572.00000
1526204453,8566.10000,8571.90000
1526466598,8374.20000,8378.00000
1526204456,8566.10000,8570.90000
1526204457,8569.30000,8572.00000
1526204458,8569.30000,8571.90000
1526204459,8569.60000,8572.00000
1526204460,8569.70000,8572.00000
1526204461,8566.10000,8570.90000
1526466606,8369.00000,8376.20000
1526466609,8369.10000,8376.20000
1526466611,8366.70000,8376.20000
1526466612,8369.20000,8376.20000
1526466613,8366.80000,8376.20000
1526204470,8567.80000,8570.80000
1526204471,8566.10000,8570.80000
1526204472,8566.20000,8570.80000
1526204476,8566.20000,8570.80000
1526204477,8566.20000,8570.10000
1526466623,8367.10000,8376.10000
1526204480,8567.70000,8570.80000
1526204481,8566.20000,8569.40000
1526204482,8566.10000,8569.40000
1526204483,8566.30000,8569.40000
1526466632,8367.60000,8376.00000
1526466635,8367.60000,8376.30000
1526466637,8367.70000,8376.30000
1526204495,8566.30000,8569.30000
1526204496,8567.10000,8569.30000
1526204498,8567.30000,8569.30000
1526204499,8568.30000,8569.30000
1526204500,8568.30000,8570.80000
1526466645,8368.50000,8376.30000
1526204503,8566.40000,8570.80000
1526204504,8568.30000,8570.80000
1526466649,8369.00000,8376.30000
1526204506,8568.80000,8570.80000
1526204507,8566.40000,8570.80000
1526204508,8566.40000,8570.80000
1526466653,8369.50000,8376.30000
1526204510,8566.40000,8570.40000
1526204511,8568.30000,8570.80000
1526204512,8566.50000,8570.10000
1526204513,8568.30000,8570.10000
1526204514,8568.40000,8570.80000
1526337903,8647.10000,8651.00000
1526466661,8369.60000,8376.30000
1526204518,8568.30000,8570.80000
1526204519,8568.30000,8570.70000
1526204521,8568.30000,8570.60000
1526204522,8568.40000,8570.30000
1526204523,8568.30000,8570.30000
1526204527,8568.40000,8570.30000
1526204530,8568.40000,8570.20000
1526466677,8370.30000,8376.30000
1526466678,8369.80000,8376.30000
1526466679,8370.30000,8376.30000
1526464874,8235.20000,8238.60000
1526204542,8570.00000,8570.30000
1526204543,8570.00000,8570.10000
1526466689,8370.30000,8381.80000
1526466692,8370.30000,8381.60000
1526466695,8371.20000,8381.60000
1526246423,8673.70000,8683.20000
1526204557,8562.00000,8570.10000
1526204559,8557.00000,8570.10000
1526204560,8557.20000,8570.00000
1526204561,8570.00000,8570.10000
1526204565,8562.10000,8569.90000
1526466711,8371.80000,8381.60000
1526204569,8562.10000,8569.90000
1526204570,8566.60000,8569.80000
1526466715,8371.90000,8381.60000
1526204572,8562.40000,8569.80000
1526204573,8562.40000,8569.80000
1526204576,8562.10000,8569.80000
1526204578,8565.30000,8569.80000
1526204579,8557.20000,8569.80000
1526204580,8565.60000,8569.80000
1526204581,8562.40000,8569.90000
1526204582,8562.10000,8569.90000
1526466727,8372.10000,8381.30000
1526466728,8374.00000,8381.30000
1526466729,8374.20000,8381.30000
1526204586,8565.30000,8569.90000
1526204587,8565.40000,8569.90000
1526204588,8565.40000,8569.80000
1526466734,8374.70000,8381.30000
1526204592,8565.40000,8569.90000
1526204593,8565.40000,8569.00000
1526204596,8565.40000,8568.90000
1526204597,8565.40000,8569.90000
1526204599,8557.30000,8568.60000
1526204601,8567.00000,8569.90000
1526204602,8567.20000,8569.90000
1526204603,8568.40000,8569.90000
1526466749,8377.70000,8381.30000
1526466752,8381.50000,8381.60000
1526246432,8683.90000,8692.00000
1526204618,8569.70000,8569.90000
1526466765,8381.50000,8381.80000
1526204626,8569.70000,8569.80000
1526466772,8381.50000,8382.00000
1526466773,8386.40000,8388.90000
1526204631,8569.70000,8569.80000
1526204632,8558.10000,8569.80000
1526204633,8558.20000,8569.90000
1526204634,8561.00000,8569.90000
1526466779,8386.50000,8388.90000
1526204637,8566.50000,8569.90000
1526204638,8561.10000,8568.80000
1526204639,8561.10000,8568.80000
1526204640,8561.10000,8569.90000
1526204641,8561.10000,8569.90000
1526204642,8561.10000,8569.90000
1526204643,8567.00000,8569.90000
1526466788,8387.10000,8389.00000
1526246438,8685.50000,8690.40000
1526466790,8388.00000,8389.00000
1526204647,8564.90000,8569.60000
1526204648,8564.90000,8568.30000
1526204649,8561.20000,8569.90000
1526204650,8561.20000,8568.20000
1526204651,8566.50000,8569.90000
1526466796,8386.70000,8390.00000
1526204654,8561.20000,8569.10000
1526464893,8238.60000,8242.10000
1526204657,8561.20000,8569.90000
1526204658,8567.10000,8569.10000
1526204659,8561.30000,8569.10000
1526204661,8564.50000,8569.10000
1526204662,8562.00000,8569.10000
1526204663,8566.20000,8569.10000
1526204664,8566.20000,8569.10000
1526466809,8382.80000,8389.90000
1526204666,8566.40000,8569.10000
1526204669,8561.40000,8569.00000
1526204670,8566.50000,8569.00000
1526466815,8382.00000,8389.90000
1526466816,8382.00000,8389.80000
1526204674,8564.60000,8569.10000
1526204677,8568.90000,8569.10000
1526466823,8377.00000,8379.60000
1526204681,8569.00000,8569.10000
1526466826,8376.10000,8379.50000
1526466828,8376.00000,8379.50000
1526466829,8375.60000,8379.50000
1526466831,8376.70000,8379.80000
1526466832,8375.60000,8379.80000
1526466833,8376.40000,8379.70000
1526204694,8568.90000,8569.10000
1526464900,8238.50000,8242.00000
1526466847,8376.40000,8379.80000
1526466848,8376.40000,8379.60000
1526204706,8568.90000,8569.10000
1526466851,8372.60000,8379.60000
1526204708,8568.90000,8569.00000
1526204709,8568.90000,8569.10000
1526204710,8568.90000,8569.00000
1526466856,8376.20000,8379.00000
1526464903,8238.50000,8242.00000
1526466862,8376.50000,8378.90000
1526466863,8376.20000,8378.90000
1526464904,8238.60000,8242.00000
1526466866,8371.20000,8375.00000
1526466867,8371.20000,8373.10000
1526204724,8568.80000,8569.00000
1526466869,8371.20000,8375.00000
1526466870,8370.40000,8370.70000
1526204727,8558.20000,8568.00000
1526466872,8370.40000,8373.60000
1526466873,8367.20000,8370.30000
1526204731,8558.20000,8567.90000
1526466876,8367.20000,8374.90000
1526464906,8238.90000,8242.00000
1526204736,8558.50000,8567.90000
1526466881,8367.10000,8371.00000
1526466882,8365.10000,8371.00000
1526204739,8558.50000,8568.00000
1526204741,8567.70000,8568.00000
1526466886,8370.40000,8373.50000
1526466890,8370.40000,8373.00000
1526466893,8370.40000,8373.50000
1526466894,8365.10000,8366.80000
1526204753,8562.70000,8568.00000
1526204754,8567.80000,8568.00000
1526466903,8365.10000,8370.40000
1526466905,8365.10000,8370.00000
1526466907,8365.10000,8369.90000
1526466913,8365.10000,8370.00000
1526466915,8365.10000,8369.90000
1526246460,8699.80000,8703.70000
1526464914,8239.00000,8242.00000
1526204782,8562.70000,8568.00000
1526466929,8365.20000,8369.90000
1526204788,8562.70000,8567.00000
1526466933,8365.10000,8368.10000
1526466939,8365.10000,8368.00000
1526204799,8563.00000,8567.00000
1526466944,8365.20000,8368.00000
1526204801,8562.70000,8567.00000
1526466946,8365.20000,8369.00000
1526204803,8563.10000,8567.00000
1526466950,8365.20000,8369.00000
1526466951,8365.20000,8367.90000
1526466953,8365.10000,8367.90000
1526466956,8366.00000,8367.90000
1526204813,8566.80000,8567.00000
1526204814,8567.00000,8568.00000
1526204815,8566.80000,8568.00000
1526466960,8365.10000,8369.90000
1526466961,8368.20000,8369.90000
1526466962,8370.40000,8373.00000
1526466963,8385.90000,8386.80000
1526204820,8566.80000,8575.70000
1526204821,8566.80000,8578.20000
1526204822,8566.80000,8578.20000
1526204825,8566.80000,8578.20000
1526204826,8566.90000,8578.20000
1526204827,8578.00000,8578.20000
1526204828,8578.00000,8578.10000
1526466973,8386.00000,8399.90000
1526204830,8578.30000,8581.00000
1526204831,8578.00000,8581.00000
1526466976,8386.10000,8399.90000
1526466977,8393.00000,8399.90000
1526204834,8578.10000,8581.00000
1526204836,8578.00000,8581.00000
1526204837,8578.20000,8581.00000
1526204838,8578.10000,8581.00000
1526466983,8388.10000,8399.80000
1526204840,8578.00000,8581.00000
1526204841,8578.10000,8581.00000
1526204842,8580.80000,8581.00000
1526466987,8388.10000,8399.90000
1526466989,8388.20000,8399.90000
1526466990,8388.20000,8398.90000
1526466991,8388.20000,8397.00000
1526466993,8388.20000,8398.90000
1526466994,8388.20000,8396.90000
1526466996,8388.20000,8396.80000
1526204855,8580.80000,8588.90000
1526467000,8386.20000,8396.70000
1526204857,8580.90000,8588.80000
1526495027,8314.20000,8318.20000
1526204860,8580.90000,8588.90000
1526204862,8580.90000,8586.10000
1526467007,8389.70000,8390.00000
1526204864,8580.90000,8588.80000
1526204865,8580.90000,8586.10000
1526204866,8581.20000,8588.80000
1526467011,8389.80000,8390.00000
1526204868,8581.20000,8590.40000
1526204869,8581.20000,8590.40000
1526204870,8581.20000,8588.80000
1526204871,8581.20000,8590.50000
1526204872,8581.20000,8590.50000
1526204873,8588.60000,8588.70000
1526204875,8588.60000,8590.50000
1526204877,8588.60000,8590.40000
1526204880,8581.50000,8588.60000
1526204882,8581.10000,8590.40000
1526467029,8389.80000,8390.00000
1526204886,8590.20000,8590.40000
1526204889,8590.20000,8593.80000
1526204890,8592.50000,8594.40000
1526204891,8590.20000,8596.60000
1526204892,8592.60000,8596.60000
1526204893,8592.60000,8594.00000
1526464933,8238.60000,8239.10000
1526204898,8592.60000,8596.60000
1526204899,8592.60000,8599.40000
1526204900,8594.00000,8599.40000
1526204901,8594.00000,8598.70000
1526204904,8598.50000,8598.70000
1526204905,8598.50000,8598.60000
1526464935,8239.00000,8239.10000
1526467054,8390.00000,8396.30000
1526467056,8390.00000,8396.20000
1526204916,8588.60000,8598.40000
1526467061,8390.00000,8395.40000
1526204920,8588.60000,8598.40000
1526204921,8597.40000,8598.40000
1526204922,8588.70000,8598.40000
1526204923,8588.70000,8598.40000
1526204924,8588.60000,8598.30000
1526204925,8593.70000,8598.30000
1526204926,8594.10000,8598.30000
1526204927,8588.60000,8598.30000
1526204928,8594.20000,8598.30000
1526204929,8594.20000,8598.30000
1526467074,8384.20000,8387.30000
1526464939,8238.60000,8239.10000
1526204932,8588.70000,8595.90000
1526204933,8588.70000,8595.50000
1526204935,8588.70000,8590.00000
1526204936,8588.70000,8595.40000
1526204937,8594.30000,8595.40000
1526467082,8383.00000,8387.30000
1526204939,8595.30000,8595.40000
1526467085,8379.70000,8387.30000
1526204942,8598.60000,8602.60000
1526204943,8595.30000,8604.10000
1526467089,8379.70000,8387.20000
1526204946,8598.70000,8604.10000
1526204947,8598.70000,8604.00000
1526204948,8598.80000,8604.00000
1526467093,8379.70000,8387.20000
1526204951,8598.80000,8602.90000
1526204952,8598.80000,8604.10000
1526204953,8598.80000,8603.20000
1526467098,8378.00000,8387.20000
1526204956,8598.80000,8604.10000
1526467101,8375.50000,8387.20000
1526204958,8598.80000,8602.80000
1526204959,8598.80000,8602.20000
1526204960,8598.80000,8602.70000
1526464944,8238.60000,8239.20000
1526204965,8598.90000,8604.10000
1526204968,8599.00000,8604.10000
1526467113,8378.20000,8386.90000
1526467114,8378.20000,8387.20000
1526467115,8378.20000,8385.40000
1526467117,8375.20000,8387.20000
1526204974,8599.00000,8603.00000
1526204976,8599.10000,8603.00000
1526467121,8375.30000,8384.00000
1526204979,8599.10000,8603.00000
1526467125,8375.30000,8382.30000
1526467126,8375.40000,8382.30000
1526467129,8375.40000,8382.00000
1526204986,8599.10000,8602.90000
1526467132,8380.80000,8384.00000
1526467133,8380.80000,8383.80000
1526204991,8599.00000,8602.90000
1526467136,8380.80000,8383.00000
1526204993,8599.00000,8603.00000
1526467138,8375.40000,8383.00000
1526467139,8375.40000,8382.50000
1526467140,8375.40000,8380.00000
1526204997,8598.90000,8603.00000
1526204999,8598.90000,8603.00000
1526205001,8599.00000,8603.00000
1526205002,8598.90000,8603.00000
1526205003,8599.00000,8603.00000
1526205005,8599.00000,8602.90000
1526467150,8375.30000,8380.00000
1526205007,8598.90000,8602.90000
1526205008,8598.90000,8602.70000
1526464952,8239.00000,8239.20000
1526205010,8599.10000,8602.00000
1526205011,8598.90000,8602.00000
1526205012,8598.90000,8602.10000
1526205013,8598.90000,8599.00000
1526467160,8375.50000,8385.00000
1526205020,8598.90000,8602.00000
1526467166,8375.60000,8385.00000
1526205023,8599.00000,8602.00000
1526467177,8375.60000,8384.00000
1526467178,8375.70000,8384.00000
1526467180,8375.70000,8383.90000
1526205041,8598.90000,8602.00000
1526467186,8375.70000,8383.80000
1526205044,8601.20000,8602.00000
1526205047,8601.20000,8601.90000
1526467195,8375.30000,8383.80000
1526205052,8601.20000,8602.00000
1526205056,8601.20000,8601.90000
1526464960,8238.50000,8245.50000
1526467202,8375.30000,8383.00000
1526205061,8599.00000,8601.90000
1526467209,8375.30000,8382.90000
1526205067,8599.00000,8600.90000
1526464962,8238.50000,8245.40000
1526467215,8375.30000,8382.80000
1526467217,8375.40000,8382.80000
1526467222,8375.40000,8382.00000
1526421273,8480.00000,8484.00000
1526205080,8586.10000,8598.40000
1526467225,8375.40000,8382.70000
1526205082,8585.30000,8598.40000
1526467227,8369.60000,8382.00000
1526467228,8369.60000,8382.70000
1526205085,8585.30000,8596.60000
1526205086,8583.90000,8596.60000
1526205087,8586.00000,8596.50000
1526205089,8586.00000,8591.70000
1526205091,8584.00000,8591.70000
1526205092,8586.30000,8591.70000
1526467237,8369.60000,8381.90000
1526467238,8369.70000,8381.90000
1526205096,8584.00000,8591.70000
1526467242,8369.70000,8381.90000
1526464967,8238.70000,8238.80000
1526205100,8584.10000,8591.70000
1526205101,8585.00000,8591.70000
1526205104,8585.10000,8591.70000
1526205105,8585.00000,8591.70000
1526205106,8587.40000,8591.70000
1526205108,8584.00000,8588.40000
1526205109,8586.70000,8588.40000
1526205112,8584.00000,8588.40000
1526467257,8369.70000,8381.80000
1526467260,8369.80000,8382.20000
1526205118,8584.00000,8585.00000
1526467264,8369.80000,8380.00000
1526467267,8369.80000,8379.80000
1526467269,8369.80000,8379.70000
1526205126,8584.00000,8584.90000
1526205128,8577.60000,8584.90000
1526205129,8574.90000,8584.10000
1526205130,8577.10000,8584.10000
1526205131,8577.10000,8580.90000
1526205132,8578.00000,8580.90000
1526205134,8580.80000,8580.90000
1526464973,8236.90000,8238.80000
1526205137,8577.10000,8580.90000
1526467283,8374.70000,8379.70000
1526205140,8580.80000,8580.90000
1526205141,8575.00000,8580.90000
1526205142,8575.00000,8580.80000
1526205143,8578.20000,8580.90000
1526467290,8374.70000,8379.60000
1526205152,8578.20000,8580.10000
1526467297,8374.70000,8379.00000
1526467299,8374.70000,8379.60000
1526467301,8374.70000,8379.00000
1526467302,8374.70000,8378.80000
1526467303,8382.60000,8382.80000
1526205160,8578.30000,8580.90000
1526467305,8382.60000,8382.70000
1526467307,8374.80000,8382.00000
1526467308,8374.80000,8379.50000
1526467309,8374.80000,8380.20000
1526205167,8578.30000,8580.90000
1526205168,8578.30000,8580.10000
1526467314,8374.80000,8382.70000
1526467315,8374.80000,8382.00000
1526467316,8374.80000,8377.00000
1526467318,8374.80000,8380.30000
1526467320,8374.80000,8376.90000
1526205177,8577.50000,8580.00000
1526205179,8574.00000,8580.00000
1526205180,8572.00000,8580.00000
1526205181,8572.00000,8580.00000
1526205182,8573.20000,8580.00000
1526205183,8572.00000,8580.00000
1526205186,8572.10000,8579.90000
1526205188,8572.10000,8578.10000
1526205189,8572.10000,8578.10000
1526205190,8572.30000,8578.10000
1526467335,8374.90000,8378.60000
1526467337,8374.90000,8377.00000
1526205194,8573.00000,8578.10000
1526467339,8379.80000,8381.10000
1526205198,8573.10000,8578.10000
1526205199,8573.10000,8578.10000
1526467345,8379.80000,8381.00000
1526205202,8573.10000,8578.00000
1526467347,8379.80000,8381.90000
1526467348,8379.90000,8381.90000
1526205205,8573.10000,8580.00000
1526205206,8573.20000,8580.00000
1526205207,8575.70000,8580.00000
1526467352,8379.90000,8382.00000
1526205209,8575.70000,8580.00000
1526205210,8575.70000,8580.00000
1526205211,8575.70000,8580.00000
1526205212,8575.70000,8578.80000
1526205213,8573.30000,8578.70000
1526205214,8577.00000,8579.20000
1526205216,8577.00000,8580.00000
1526205217,8577.10000,8580.00000
1526205218,8577.20000,8580.00000
1526205219,8579.00000,8580.00000
1526467364,8369.60000,8382.00000
1526467365,8381.10000,8383.70000
1526205222,8579.10000,8580.00000
1526205223,8579.20000,8580.00000
1526467369,8381.10000,8383.00000
1526467372,8369.60000,8382.90000
1526467373,8370.00000,8382.90000
1526467374,8370.00000,8382.80000
1526205231,8577.00000,8580.00000
1526467376,8369.60000,8382.80000
1526205233,8577.10000,8580.00000
1526205234,8579.00000,8580.00000
1526467380,8369.60000,8378.20000
1526205238,8577.00000,8580.00000
1526205239,8579.10000,8580.00000
1526205241,8577.00000,8580.00000
1526205242,8577.10000,8580.00000
1526205243,8579.00000,8580.00000
1526467392,8369.70000,8378.00000
1526205251,8579.00000,8580.00000
1526205254,8577.10000,8580.00000
1526205255,8580.00000,8590.80000
1526205256,8579.10000,8590.80000
1526467401,8369.70000,8378.20000
1526467402,8369.80000,8378.20000
1526205259,8587.80000,8590.80000
1526464994,8238.50000,8241.60000
1526246541,8710.00000,8713.30000
1526205264,8587.80000,8590.60000
1526205265,8583.10000,8590.80000
1526205267,8584.00000,8590.80000
1526205268,8590.70000,8590.80000
1526205269,8584.00000,8590.80000
1526205270,8590.70000,8590.80000
1526467415,8376.20000,8378.20000
1526205273,8590.70000,8595.30000
1526205274,8589.20000,8595.30000
1526205275,8589.20000,8592.50000
1526467420,8378.20000,8384.90000
1526205277,8584.30000,8592.50000
1526467422,8376.70000,8384.90000
1526464997,8238.50000,8241.50000
1526205280,8584.30000,8592.50000
1526205281,8590.30000,8592.50000
1526467426,8376.70000,8384.90000
1526205283,8584.40000,8592.50000
1526205284,8584.40000,8591.40000
1526467429,8376.90000,8384.90000
1526205286,8591.20000,8591.40000
1526205288,8588.70000,8591.40000
1526205289,8584.10000,8595.30000
1526205290,8589.00000,8591.50000
1526464999,8234.30000,8241.50000
1526467436,8376.80000,8384.80000
1526205293,8584.70000,8590.60000
1526205294,8585.00000,8590.60000
1526467439,8376.90000,8384.80000
1526467440,8377.00000,8384.80000
1526205298,8590.20000,8590.60000
1526205300,8589.00000,8590.60000
1526467445,8377.60000,8384.80000
1526465001,8237.80000,8241.50000
1526467448,8377.60000,8384.90000
1526467449,8377.60000,8385.00000
1526467452,8381.00000,8385.00000
1526205309,8589.00000,8596.60000
1526205310,8585.20000,8596.60000
1526205311,8584.20000,8596.60000
1526205313,8585.00000,8591.20000
1526465003,8238.20000,8241.50000
1526205317,8585.00000,8591.20000
1526205318,8587.90000,8595.80000
1526205319,8588.30000,8595.80000
1526205320,8584.20000,8590.10000
1526205321,8585.10000,8590.00000
1526205322,8585.30000,8589.70000
1526205324,8585.30000,8595.80000
1526205326,8585.30000,8589.40000
1526467473,8378.00000,8384.90000
1526205330,8584.20000,8593.00000
1526205331,8584.20000,8589.00000
1526467476,8377.70000,8384.90000
1526205333,8584.20000,8592.90000
1526467478,8377.70000,8384.80000
1526205335,8584.20000,8588.80000
1526205336,8584.20000,8588.70000
1526467481,8378.00000,8384.90000
1526205338,8587.90000,8590.50000
1526205339,8584.20000,8590.40000
1526467484,8384.80000,8384.90000
1526205341,8586.50000,8590.40000
1526205342,8584.20000,8590.40000
1526205343,8584.20000,8592.10000
1526205344,8586.60000,8590.30000
1526467490,8379.50000,8384.70000
1526205348,8586.60000,8592.10000
1526205349,8586.60000,8592.10000
1526205350,8586.60000,8590.30000
1526467495,8377.10000,8378.10000
1526205352,8586.60000,8592.10000
1526205353,8586.60000,8591.00000
1526205354,8586.60000,8592.90000
1526205356,8586.60000,8590.90000
1526205358,8586.60000,8590.90000
1526467503,8371.20000,8377.90000
1526467507,8371.20000,8378.00000
1526467508,8373.00000,8378.00000
1526467510,8371.20000,8378.00000
1526205367,8586.60000,8590.90000
1526205368,8586.60000,8591.30000
1526467513,8371.20000,8377.90000
1526467514,8372.00000,8377.90000
1526205371,8584.20000,8590.40000
1526205372,8584.20000,8587.60000
1526467517,8371.20000,8378.00000
1526205374,8584.20000,8587.90000
1526205375,8584.20000,8587.50000
1526205385,8584.20000,8587.40000
1526205388,8584.20000,8587.30000
1526205391,8580.00000,8584.20000
1526467538,8366.30000,8378.00000
1526482810,8211.40000,8217.00000
1526467540,8366.70000,8377.90000
1526205397,8580.00000,8587.30000
1526467542,8369.00000,8377.90000
1526467544,8366.70000,8377.90000
1526467546,8369.10000,8377.90000
1526467550,8369.10000,8378.10000
1526205407,8580.00000,8584.60000
1526467553,8371.20000,8378.00000
1526205411,8580.00000,8580.10000
1526205413,8572.20000,8580.00000
1526205414,8579.00000,8580.10000
1526467562,8371.20000,8376.50000
1526205420,8579.10000,8580.10000
1526205423,8579.10000,8580.00000
1526205424,8572.10000,8580.00000
1526205428,8572.10000,8579.90000
1526205429,8572.10000,8580.00000
1526205430,8570.20000,8570.70000
1526205431,8570.20000,8570.30000
1526467577,8366.90000,8376.50000
1526465023,8238.20000,8241.40000
1526205436,8570.20000,8570.60000
1526205438,8570.20000,8570.30000
1526467583,8369.00000,8376.50000
1526467585,8367.00000,8376.50000
1526467586,8367.00000,8376.40000
1526246571,8703.10000,8710.00000
1526467588,8367.10000,8376.40000
1526467591,8367.10000,8376.10000
1526205448,8570.20000,8573.30000
1526205450,8570.20000,8570.30000
1526467595,8367.10000,8376.00000
1526205452,8570.20000,8573.30000
1526205453,8570.90000,8573.30000
1526205454,8570.20000,8573.30000
1526467599,8367.10000,8375.90000
1526467601,8367.10000,8375.70000
1526205458,8570.20000,8573.30000
1526205459,8570.20000,8572.20000
1526205460,8570.20000,8573.10000
1526205461,8571.00000,8573.10000
1526205462,8571.10000,8573.10000
1526205463,8571.20000,8573.10000
1526205465,8570.20000,8573.10000
1526205467,8573.00000,8573.10000
1526205468,8570.20000,8573.10000
1526205470,8570.20000,8573.10000
1526205471,8571.50000,8573.30000
1526205472,8570.20000,8573.30000
1526205473,8571.70000,8573.00000
1526205474,8570.20000,8573.00000
1526205475,8571.90000,8573.30000
1526205478,8570.20000,8573.30000
1526205479,8571.90000,8573.30000
1526205480,8570.20000,8573.30000
1526205481,8570.20000,8573.30000
1526205482,8572.90000,8573.30000
1526205483,8572.90000,8576.30000
1526205484,8570.20000,8576.30000
1526205485,8570.20000,8573.20000
1526205486,8571.20000,8573.30000
1526205487,8571.20000,8573.90000
1526205488,8570.20000,8576.30000
1526205489,8572.50000,8576.30000
1526205490,8570.20000,8576.30000
1526205491,8570.20000,8575.40000
1526205492,8570.20000,8576.30000
1526205493,8570.20000,8575.20000
1526205494,8570.20000,8576.30000
1526205495,8570.20000,8576.10000
1526205496,8570.20000,8576.10000
1526205497,8570.20000,8575.40000
1526467642,8367.00000,8375.60000
1526467643,8367.20000,8375.60000
1526205500,8573.50000,8575.40000
1526205501,8570.20000,8575.10000
1526205503,8570.20000,8575.10000
1526205504,8570.20000,8575.40000
1526205505,8572.80000,8575.40000
1526205506,8570.20000,8574.50000
1526205509,8572.00000,8574.50000
1526205510,8572.00000,8575.40000
1526467655,8367.20000,8375.30000
1526205512,8570.20000,8575.40000
1526205514,8570.20000,8574.40000
1526205515,8570.20000,8576.10000
1526205516,8570.20000,8576.10000
1526205517,8572.90000,8576.10000
1526205518,8572.00000,8576.10000
1526205519,8572.10000,8576.10000
1526205520,8572.10000,8575.30000
1526205522,8572.10000,8576.10000
1526205523,8572.10000,8576.10000
1526205524,8572.10000,8575.20000
1526205526,8572.10000,8576.10000
1526205527,8572.10000,8576.10000
1526205528,8572.10000,8575.00000
1526205529,8572.10000,8576.10000
1526205536,8572.20000,8576.10000
1526205537,8572.20000,8579.00000
1526205543,8573.00000,8579.00000
1526467689,8368.00000,8375.20000
1526467691,8367.20000,8375.20000
1526205548,8573.40000,8579.00000
1526467695,8368.00000,8375.20000
1526205552,8572.10000,8579.00000
1526205553,8573.80000,8582.10000
1526467698,8367.20000,8375.20000
1526205555,8573.60000,8582.10000
1526205556,8573.00000,8582.10000
1526205557,8573.90000,8582.10000
1526467702,8368.00000,8375.20000
1526467703,8367.30000,8377.70000
1526205560,8573.20000,8582.10000
1526467705,8368.00000,8377.70000
1526205562,8573.20000,8587.90000
1526205563,8573.30000,8592.80000
1526467709,8368.30000,8377.50000
1526205566,8573.40000,8592.80000
1526205567,8586.30000,8592.80000
1526205568,8585.60000,8592.80000
1526205569,8583.60000,8592.80000
1526205571,8583.60000,8588.60000
1526205572,8585.90000,8588.60000
1526467717,8368.40000,8377.50000
1526467718,8368.40000,8377.40000
1526205575,8583.60000,8592.80000
1526467721,8369.00000,8377.40000
1526205579,8583.90000,8592.80000
1526467724,8368.40000,8377.30000
1526467726,8369.10000,8377.30000
1526205583,8583.90000,8589.90000
1526467728,8369.10000,8377.40000
1526467730,8369.00000,8377.40000
1526205587,8583.90000,8594.70000
1526205588,8584.00000,8589.20000
1526205589,8584.00000,8592.80000
1526205590,8585.00000,8592.80000
1526205591,8585.00000,8594.70000
1526205592,8585.00000,8594.70000
1526464892,8238.60000,8242.00000
1526205594,8587.00000,8594.70000
1526205595,8587.00000,8596.60000
1526467740,8368.50000,8377.20000
1526467741,8369.10000,8377.10000
1526467743,8368.60000,8377.10000
1526205600,8584.00000,8593.40000
1526467745,8369.10000,8377.10000
1526205604,8587.30000,8593.40000
1526467750,8368.60000,8377.00000
1526205607,8584.10000,8593.40000
1526467753,8369.00000,8377.00000
1526205610,8587.60000,8593.40000
1526467755,8368.60000,8377.00000
1526467756,8368.70000,8377.30000
1526205614,8585.10000,8593.40000
1526467760,8368.60000,8376.90000
1526205617,8587.90000,8596.50000
1526205619,8584.30000,8596.50000
1526205620,8584.20000,8593.30000
1526205621,8588.20000,8597.90000
1526205623,8588.00000,8597.90000
1526205625,8588.10000,8597.90000
1526205626,8588.10000,8594.70000
1526205627,8588.10000,8588.20000
1526205628,8584.20000,8588.20000
1526467773,8365.40000,8376.90000
1526467775,8365.30000,8376.90000
1526205632,8584.20000,8599.40000
1526467777,8367.00000,8376.80000
1526205634,8584.30000,8596.30000
1526205635,8588.00000,8596.30000
1526467780,8365.50000,8377.10000
1526205639,8588.00000,8592.90000
1526205640,8584.00000,8593.70000
1526205642,8588.30000,8596.30000
1526205643,8588.30000,8592.10000
1526467788,8365.50000,8377.00000
1526205646,8588.30000,8596.30000
1526467791,8365.50000,8376.90000
1526205648,8588.30000,8596.30000
1526205649,8588.30000,8591.60000
1526205650,8588.40000,8591.60000
1526467795,8366.00000,8376.90000
1526467797,8365.50000,8376.90000
1526205654,8588.50000,8591.60000
1526467799,8366.10000,8376.00000
1526467801,8366.10000,8376.90000
1526205659,8584.20000,8591.60000
1526205661,8588.10000,8591.60000
1526467806,8366.30000,8376.80000
1526205663,8588.00000,8591.60000
1526205666,8584.30000,8591.60000
1526467811,8366.30000,8372.00000
1526205668,8586.00000,8591.60000
1526246609,8701.00000,8702.00000
1526205673,8584.00000,8591.60000
1526205675,8584.30000,8591.60000
1526205679,8584.30000,8589.10000
1526467826,8366.30000,8371.90000
1526205683,8584.30000,8590.60000
1526205684,8584.30000,8588.80000
1526205687,8580.70000,8588.80000
1526205689,8580.70000,8585.50000
1526205690,8582.00000,8585.50000
1526205694,8580.70000,8585.50000
1526467843,8365.50000,8371.90000
1526205705,8580.80000,8585.50000
1526246615,8701.00000,8703.00000
1526205709,8580.80000,8584.70000
1526205711,8580.80000,8588.80000
1526205712,8580.80000,8584.50000
1526467858,8361.90000,8371.90000
1526205716,8580.70000,8584.50000
1526467862,8362.00000,8371.90000
1526467865,8361.90000,8371.90000
1526467867,8362.10000,8371.90000
1526467871,8362.10000,8372.00000
1526467878,8362.10000,8371.80000
1526467880,8362.20000,8371.80000
1526205738,8580.70000,8582.10000
1526482355,8200.10000,8206.90000
1526205752,8572.20000,8580.70000
1526467897,8362.20000,8371.90000
1526467899,8363.00000,8371.70000
1526205758,8572.20000,8580.80000
1526205759,8572.20000,8581.00000
1526467904,8362.20000,8372.00000
1526205761,8572.50000,8580.90000
1526467906,8363.10000,8372.00000
1526205763,8572.50000,8581.10000
1526205765,8572.20000,8576.00000
1526205766,8572.20000,8580.90000
1526205767,8573.40000,8580.90000
1526205768,8572.80000,8580.90000
1526205769,8572.80000,8575.20000
1526205770,8572.80000,8580.80000
1526205771,8572.80000,8580.80000
1526205772,8572.90000,8575.10000
1526205773,8572.90000,8575.10000
1526205774,8573.50000,8575.10000
1526467919,8363.00000,8371.90000
1526467920,8362.40000,8371.90000
1526205777,8573.60000,8575.10000
1526467922,8363.00000,8371.90000
1526467925,8362.30000,8371.90000
1526465081,8238.20000,8240.60000
1526467928,8363.10000,8372.20000
1526467931,8362.30000,8372.20000
1526467933,8363.00000,8372.20000
1526205790,8573.70000,8575.10000
1526467935,8363.00000,8372.10000
1526205792,8575.00000,8575.10000
1526467939,8363.10000,8372.10000
1526205796,8573.80000,8575.10000
1526205797,8575.90000,8583.10000
1526205798,8573.50000,8583.10000
1526205800,8578.00000,8583.10000
1526205803,8578.00000,8587.10000
1526205805,8578.10000,8587.10000
1526465085,8239.00000,8240.60000
1526205809,8578.10000,8588.30000
1526205810,8578.20000,8588.30000
1526205811,8578.20000,8584.00000
1526205817,8573.70000,8584.00000
1526467962,8363.20000,8372.00000
1526205819,8578.50000,8587.00000
1526205821,8579.00000,8588.80000
1526205822,8579.00000,8583.10000
1526467968,8363.30000,8372.00000
1526205825,8574.00000,8583.00000
1526205826,8573.80000,8583.00000
1526246635,8700.00000,8700.80000
1526205828,8578.00000,8583.00000
1526467974,8363.40000,8372.00000
1526205832,8573.90000,8583.00000
1526205833,8578.00000,8583.00000
1526205834,8578.10000,8588.00000
1526205835,8578.10000,8587.90000
1526205837,8578.40000,8584.70000
1526205838,8578.40000,8584.60000
1526205839,8578.40000,8587.90000
1526467984,8363.50000,8371.90000
1526467985,8363.40000,8363.50000
1526205843,8573.80000,8587.90000
1526205844,8573.80000,8584.70000
1526205845,8579.00000,8587.90000
1526205846,8579.00000,8584.60000
1526467993,8363.50000,8371.90000
1526205850,8575.00000,8584.60000
1526205851,8579.30000,8587.00000
1526205852,8579.30000,8584.60000
1526205853,8575.10000,8587.00000
1526205854,8575.10000,8584.50000
1526205855,8579.60000,8584.50000
1526205856,8579.60000,8587.00000
1526205858,8579.60000,8587.00000
1526205860,8579.90000,8587.00000
1526205861,8579.90000,8583.20000
1526205863,8575.20000,8583.20000
1526205864,8575.50000,8583.20000
1526205866,8575.20000,8583.20000
1526205867,8575.20000,8581.60000
1526468013,8363.40000,8371.90000
1526468014,8363.50000,8371.90000
1526468016,8363.80000,8371.90000
1526468017,8363.40000,8371.90000
1526205874,8575.20000,8578.20000
1526205875,8575.20000,8575.30000
1526205878,8575.20000,8578.00000
1526205881,8575.20000,8578.00000
1526205882,8575.20000,8575.30000
1526468028,8363.40000,8371.80000
1526468031,8361.90000,8371.80000
1526468033,8359.10000,8371.80000
1526205890,8571.20000,8575.10000
1526468035,8361.90000,8371.90000
1526205894,8571.20000,8574.70000
1526205898,8571.20000,8571.30000
1526205902,8571.20000,8574.60000
1526205905,8571.20000,8571.30000
1526468055,8362.10000,8371.80000
1526205918,8570.20000,8571.20000
1526205922,8570.20000,8571.10000
1526205923,8570.40000,8571.10000
1526205926,8570.20000,8571.10000
1526205927,8570.20000,8571.10000
1526205928,8567.00000,8570.00000
1526468074,8359.00000,8371.50000
1526468076,8360.00000,8371.50000
1526468079,8361.30000,8371.50000
1526205937,8567.00000,8570.00000
1526205939,8567.70000,8570.00000
1526205943,8567.00000,8569.90000
1526205947,8567.00000,8568.00000
1526468095,8361.70000,8371.50000
1526468096,8361.70000,8371.40000
1526205953,8559.10000,8568.00000
1526468099,8361.70000,8371.20000
1526205956,8558.00000,8568.00000
1526205958,8561.00000,8568.00000
1526468103,8361.60000,8371.20000
1526205960,8561.10000,8568.00000
1526205962,8563.70000,8568.00000
1526205963,8561.10000,8568.00000
1526205964,8561.30000,8568.00000
1526468109,8361.70000,8371.20000
1526468111,8361.60000,8371.20000
1526468114,8361.80000,8371.20000
1526205972,8561.30000,8567.50000
1526205974,8559.60000,8567.50000
1526205976,8559.60000,8567.40000
1526205979,8559.60000,8559.70000
1526468124,8361.80000,8371.10000
1526465114,8238.30000,8240.40000
1526205983,8559.60000,8566.80000
1526468128,8361.80000,8371.00000
1526205985,8559.60000,8563.50000
1526205986,8559.60000,8561.20000
1526205987,8559.60000,8566.80000
1526205988,8559.60000,8567.40000
1526205989,8559.60000,8561.10000
1526468134,8361.80000,8370.90000
1526205992,8559.60000,8567.40000
1526205993,8551.60000,8567.00000
1526205994,8559.60000,8567.00000
1526205995,8551.70000,8561.50000
1526205996,8551.70000,8567.00000
1526205998,8555.00000,8562.60000
1526205999,8561.70000,8567.00000
1526206000,8555.00000,8562.50000
1526206001,8555.10000,8562.50000
1526206003,8555.10000,8567.00000
1526465118,8238.30000,8240.30000
1526206006,8555.10000,8567.00000
1526206007,8558.00000,8560.40000
1526206008,8558.00000,8566.70000
1526206011,8558.10000,8566.70000
1526206012,8558.10000,8566.60000
1526468157,8355.40000,8369.90000
1526206014,8558.10000,8562.40000
1526206015,8558.10000,8566.60000
1526206016,8558.10000,8562.00000
1526468161,8361.70000,8369.80000
1526206018,8558.20000,8561.60000
1526206019,8558.20000,8566.60000
1526468167,8355.50000,8369.80000
1526468169,8355.50000,8370.00000
1526468170,8358.00000,8370.00000
1526206029,8558.20000,8563.80000
1526206030,8558.20000,8566.60000
1526206031,8558.20000,8564.10000
1526206032,8558.20000,8567.30000
1526206033,8558.10000,8567.30000
1526206034,8558.20000,8567.30000
1526468179,8359.00000,8369.80000
1526206037,8558.30000,8567.30000
1526206039,8558.40000,8564.40000
1526206040,8558.40000,8563.40000
1526206041,8558.40000,8567.00000
1526206043,8558.40000,8563.30000
1526206045,8558.40000,8563.30000
1526468191,8359.10000,8370.00000
1526206048,8558.50000,8563.30000
1526206053,8555.40000,8563.30000
1526206055,8554.40000,8563.30000
1526206056,8555.50000,8563.30000
1526206058,8558.70000,8563.30000
1526206059,8555.50000,8563.20000
1526206060,8555.60000,8563.20000
1526468205,8359.20000,8370.30000
1526206064,8555.70000,8563.20000
1526206067,8555.70000,8563.10000
1526206069,8554.50000,8563.10000
1526206070,8552.30000,8563.10000
1526206072,8552.30000,8563.00000
1526468217,8359.20000,8370.10000
1526468221,8359.30000,8370.10000
1526206078,8552.30000,8560.40000
1526206080,8549.80000,8560.40000
1526468225,8359.30000,8375.90000
1526206082,8549.80000,8560.40000
1526206084,8549.80000,8560.40000
1526246678,8702.80000,8704.00000
1526206086,8549.80000,8551.10000
1526468231,8359.40000,8370.50000
1526206093,8549.80000,8551.00000
1526206095,8549.80000,8550.90000
1526206096,8549.80000,8551.00000
1526206097,8549.80000,8551.10000
1526206099,8549.80000,8550.80000
1526468245,8359.00000,8370.50000
1526468246,8359.50000,8370.50000
1526206103,8549.80000,8550.00000
1526206107,8549.90000,8550.00000
1526468253,8359.60000,8370.50000
1526468255,8360.00000,8370.50000
1526206112,8549.90000,8551.00000
1526206114,8550.00000,8551.00000
1526206116,8551.00000,8556.90000
1526206117,8550.00000,8556.90000
1526206118,8550.00000,8561.60000
1526206120,8550.00000,8550.90000
1526206122,8550.10000,8550.90000
1526468269,8369.90000,8370.50000
1526206126,8550.90000,8561.30000
1526206128,8550.20000,8561.30000
1526206130,8550.00000,8560.00000
1526468275,8369.80000,8371.00000
1526206133,8550.00000,8559.90000
1526468278,8369.80000,8371.90000
1526206138,8550.00000,8556.80000
1526206139,8550.00000,8559.70000
1526206140,8550.00000,8559.90000
1526206144,8550.00000,8559.80000
1526206147,8550.00000,8550.20000
1526465142,8240.30000,8240.40000
1526206150,8550.20000,8559.60000
1526206151,8550.00000,8559.60000
1526206153,8550.00000,8559.30000
1526206154,8549.90000,8559.30000
1526206158,8551.00000,8559.20000
1526468303,8369.80000,8372.60000
1526206161,8551.10000,8559.20000
1526206162,8551.10000,8559.10000
1526206163,8551.10000,8559.10000
1526468309,8369.90000,8371.80000
1526206168,8551.20000,8559.10000
1526468313,8369.90000,8375.90000
1526206170,8558.00000,8559.10000
1526206171,8551.30000,8559.10000
1526206172,8557.80000,8559.10000
1526468318,8369.80000,8371.00000
1526468324,8369.90000,8371.00000
1526206181,8557.80000,8559.80000
1526206182,8557.90000,8559.80000
1526206185,8558.60000,8559.80000
1526206187,8553.00000,8559.80000
1526206188,8553.10000,8559.80000
1526206189,8558.00000,8559.80000
1526468334,8369.90000,8370.00000
1526206191,8558.50000,8559.80000
1526468342,8369.90000,8373.60000
1526206199,8558.10000,8558.60000
1526206200,8553.00000,8558.60000
1526206201,8553.10000,8558.60000
1526206203,8553.10000,8558.50000
1526206205,8554.00000,8558.50000
1526468350,8369.90000,8370.50000
1526206207,8555.80000,8558.50000
1526206209,8555.80000,8558.20000
1526206211,8555.90000,8558.20000
1526468357,8369.90000,8373.40000
1526206215,8556.00000,8558.20000
1526468364,8370.00000,8373.40000
1526206221,8556.00000,8559.80000
1526468368,8369.80000,8373.40000
1526206225,8556.10000,8559.80000
1526465155,8240.30000,8245.60000
1526468375,8369.80000,8373.40000
1526206233,8556.00000,8566.10000
1526206236,8556.00000,8565.80000
1526206238,8556.10000,8565.80000
1526206239,8556.10000,8562.10000
1526206241,8556.00000,8562.10000
1526468387,8370.00000,8372.00000
1526468393,8370.10000,8372.00000
1526206250,8556.00000,8562.00000
1526206251,8556.10000,8562.00000
1526468396,8370.00000,8372.00000
1526206254,8549.50000,8562.00000
1526206256,8559.10000,8562.00000
1526206257,8559.20000,8562.00000
1526206258,8556.10000,8562.00000
1526206259,8556.10000,8562.00000
1526206260,8559.80000,8562.00000
1526206261,8559.90000,8562.00000
1526206262,8560.00000,8562.00000
1526468407,8370.10000,8371.00000
1526468409,8370.20000,8371.00000
1526465162,8239.50000,8244.80000
1526206270,8560.10000,8562.00000
1526468419,8370.30000,8371.00000
1526206277,8560.00000,8562.00000
1526468422,8370.30000,8370.40000
1526206284,8560.10000,8562.00000
1526465165,8239.50000,8244.80000
1526206307,8561.90000,8562.00000
1526206312,8561.90000,8570.00000
1526206316,8561.90000,8566.50000
1526206318,8561.90000,8566.00000
1526206321,8562.00000,8566.00000
1526206322,8562.00000,8567.00000
1526465171,8240.90000,8243.00000
1526206324,8562.00000,8566.90000
1526465172,8240.90000,8242.90000
1526246721,8690.00000,8702.00000
1526206344,8562.10000,8566.90000
1526206345,8562.00000,8566.00000
1526206350,8562.00000,8566.90000
1526465176,8240.50000,8242.90000
1526206354,8562.00000,8565.50000
1526206357,8562.00000,8566.90000
1526206358,8562.00000,8563.50000
1526206362,8562.00000,8563.40000
1526465179,8241.40000,8242.90000
1526465180,8240.50000,8244.80000
1526468532,8370.00000,8370.40000
1526465182,8240.50000,8242.80000
1526468534,8370.30000,8370.40000
1526246729,8690.20000,8700.80000
1526468538,8370.10000,8370.40000
1526206398,8561.90000,8563.30000
1526377803,8727.80000,8734.80000
1526465185,8240.50000,8242.80000
1526206416,8561.90000,8563.10000
1526206421,8561.90000,8563.30000
1526206423,8561.90000,8563.30000
1526468568,8370.10000,8370.40000
1526468572,8370.00000,8370.40000
1526206431,8562.00000,8563.20000
1526206433,8561.90000,8563.20000
1526206434,8562.00000,8563.20000
1526206438,8562.10000,8563.20000
1526468592,8370.00000,8370.30000
1526468595,8370.00000,8370.10000
1526206452,8562.10000,8563.20000
1526206461,8562.20000,8563.20000
1526206463,8562.10000,8563.20000
1526206471,8562.20000,8563.20000
1526468632,8369.90000,8370.00000
1526206489,8562.10000,8563.20000
1526203055,8407.50000,8412.80000
1526468636,8369.80000,8370.00000
1526468638,8369.90000,8370.00000
1526203056,8407.50000,8408.10000
1526468644,8369.80000,8369.90000
1526468648,8369.80000,8370.00000
1526206506,8561.90000,8563.10000
1526206507,8561.90000,8563.20000
1526206508,8561.90000,8563.10000
1526468656,8369.90000,8370.00000
1526206513,8562.00000,8563.00000
1526206514,8561.90000,8562.50000
1526468659,8369.80000,8370.00000
1526206517,8562.00000,8567.50000
1526206518,8562.00000,8562.90000
1526468663,8369.80000,8370.00000
1526468664,8369.90000,8370.00000
1526468667,8369.80000,8370.00000
1526468670,8369.90000,8370.00000
1526468674,8369.80000,8370.00000
1526465207,8240.60000,8245.70000
1526246755,8694.90000,8700.80000
1526468701,8369.80000,8369.90000
1526206568,8561.90000,8562.90000
1526206570,8562.50000,8562.80000
1526206571,8562.50000,8562.90000
1526206572,8561.90000,8562.90000
1526206574,8562.80000,8562.90000
1526206577,8561.90000,8562.90000
1526206582,8562.80000,8562.90000
1526206583,8561.90000,8562.90000
1526206584,8562.80000,8562.90000
1526206588,8562.00000,8562.90000
1526206590,8561.90000,8562.90000
1526206591,8562.80000,8562.90000
1526206592,8561.90000,8562.90000
1526206593,8562.00000,8562.90000
1526206598,8561.90000,8562.90000
1526206599,8561.90000,8562.70000
1526206600,8562.00000,8562.90000
1526206602,8562.30000,8562.90000
1526206603,8562.30000,8569.70000
1526206604,8561.90000,8562.70000
1526206605,8561.90000,8566.00000
1526206607,8561.90000,8562.70000
1526206611,8561.90000,8562.60000
1526246766,8694.90000,8700.80000
1526465220,8240.70000,8244.90000
1526468762,8363.80000,8369.90000
1526468763,8369.80000,8369.90000
1526468764,8363.80000,8369.90000
1526468765,8369.80000,8369.90000
1526206627,8561.90000,8562.50000
1526206629,8561.90000,8562.40000
1526206641,8562.00000,8562.40000
1526206642,8561.90000,8562.40000
1526206643,8561.90000,8562.30000
1526206644,8561.90000,8562.40000
1526206645,8561.90000,8562.40000
1526206647,8561.90000,8562.10000
1526206656,8561.90000,8562.00000
1526206662,8555.40000,8561.90000
1526206663,8555.40000,8561.90000
1526206666,8555.50000,8561.90000
1526206667,8561.60000,8561.90000
1526206669,8555.50000,8561.90000
1526206670,8561.80000,8561.90000
1526206671,8555.60000,8561.90000
1526206672,8555.80000,8561.90000
1526468817,8369.90000,8370.00000
1526468820,8369.80000,8370.00000
1526206677,8562.10000,8569.80000
1526206679,8562.10000,8564.60000
1526206680,8562.10000,8566.00000
1526468825,8369.90000,8370.00000
1526206684,8562.10000,8567.00000
1526206686,8562.10000,8569.90000
1526206687,8556.10000,8561.90000
1526206689,8555.90000,8561.90000
1526206692,8555.60000,8561.90000
1526206693,8555.70000,8561.90000
1526206694,8556.40000,8561.90000
1526206696,8555.80000,8561.90000
1526206698,8556.50000,8561.90000
1526206700,8561.80000,8561.90000
1526468848,8370.20000,8373.40000
1526468852,8370.10000,8373.40000
1526246782,8692.00000,8702.00000
1526468860,8370.20000,8373.40000
1526468867,8370.30000,8373.40000
1526468869,8370.70000,8373.40000
1526468870,8370.20000,8373.40000
1526468873,8370.20000,8381.70000
1526468877,8379.00000,8381.70000
1526468878,8379.00000,8381.60000
1526468880,8375.00000,8381.60000
1526468883,8375.10000,8381.60000
1526468887,8375.10000,8381.50000
1526468888,8375.00000,8381.50000
1526468890,8377.00000,8381.50000
1526468892,8375.20000,8381.50000
1526206751,8556.50000,8561.90000
1526206753,8561.80000,8561.90000
1526468899,8377.20000,8381.40000
1526468900,8375.00000,8381.40000
1526246791,8692.60000,8702.00000
1526468909,8375.10000,8381.00000
1526468910,8377.00000,8381.00000
1526468911,8375.00000,8381.00000
1526468912,8375.00000,8380.00000
1526468914,8375.10000,8380.00000
1526468915,8375.10000,8379.00000
1526468916,8375.00000,8379.00000
1526468920,8375.10000,8379.00000
1526468923,8375.00000,8379.00000
1526468928,8375.00000,8379.00000
1526468930,8375.10000,8379.00000
1526468931,8375.00000,8378.90000
1526468935,8375.10000,8378.90000
1526468937,8375.20000,8378.80000
1526468938,8375.00000,8378.80000
1526468941,8375.20000,8378.80000
1526468943,8375.00000,8378.80000
1526468945,8375.30000,8378.80000
1526468946,8375.30000,8378.90000
1526468947,8375.30000,8379.00000
1526468949,8376.00000,8379.00000
1526468951,8375.30000,8379.00000
1526468953,8375.30000,8381.40000
1526468954,8376.00000,8381.40000
1526468955,8375.30000,8381.40000
1526206818,8556.60000,8561.90000
1526206821,8561.80000,8561.90000
1526468973,8375.40000,8381.40000
1526468975,8376.00000,8381.40000
1526468976,8376.00000,8381.60000
1526468977,8375.40000,8381.60000
1526468978,8375.40000,8381.50000
1526468980,8377.00000,8381.50000
1526468982,8375.40000,8381.50000
1526203113,8411.10000,8411.20000
1526468989,8375.30000,8381.50000
1526468990,8375.50000,8381.50000
1526468993,8375.60000,8381.50000
1526206852,8561.80000,8561.90000
1526468998,8376.00000,8381.50000
1526468999,8375.60000,8381.50000
1526206856,8558.20000,8561.90000
1526469001,8377.00000,8381.50000
1526206858,8561.80000,8561.90000
1526206859,8558.20000,8561.90000
1526206860,8561.70000,8561.90000
1526469006,8377.00000,8381.50000
1526469008,8375.30000,8381.50000
1526469011,8376.00000,8381.50000
1526469012,8375.30000,8381.50000
1526469015,8376.00000,8381.50000
1526469016,8375.30000,8381.50000
1526203119,8411.00000,8411.20000
1526469020,8375.30000,8381.50000
1526469021,8375.00000,8381.50000
1526469024,8375.00000,8381.40000
1526469027,8375.60000,8381.40000
1526469029,8375.00000,8381.40000
1526206889,8558.30000,8561.80000
1526469035,8376.00000,8381.40000
1526206892,8558.10000,8559.60000
1526206893,8558.10000,8561.70000
1526206895,8558.10000,8560.30000
1526206896,8558.10000,8560.10000
1526206897,8556.70000,8558.10000
1526469042,8375.00000,8381.30000
1526469046,8375.00000,8380.00000
1526469049,8375.00000,8379.90000
1526206906,8556.80000,8558.10000
1526206909,8556.90000,8558.10000
1526469055,8375.00000,8379.00000
1526206912,8556.90000,8561.90000
1526206915,8556.90000,8561.80000
1526206917,8556.90000,8558.80000
1526206918,8556.90000,8558.70000
1526206919,8556.90000,8561.80000
1526206922,8556.90000,8558.60000
1526206923,8557.00000,8561.90000
1526206924,8557.00000,8561.80000
1526206925,8557.00000,8559.30000
1526469071,8375.00000,8380.00000
1526465272,8245.00000,8246.70000
1526206931,8556.90000,8557.20000
1526469078,8375.00000,8379.70000
1526206936,8556.90000,8557.20000
1526206938,8557.10000,8557.20000
1526469087,8375.00000,8381.30000
1526469090,8375.00000,8379.40000
1526469093,8375.00000,8381.30000
1526469094,8375.00000,8381.20000
1526465276,8245.10000,8246.70000
1526469098,8375.00000,8381.00000
1526206957,8556.90000,8559.30000
1526206958,8556.90000,8557.30000
1526246824,8693.40000,8701.80000
1526206965,8557.00000,8557.30000
1526206966,8557.10000,8557.30000
1526206967,8556.80000,8557.30000
1526469113,8375.00000,8381.20000
1526469117,8375.00000,8381.30000
1526206974,8556.90000,8557.30000
1526206975,8557.00000,8557.30000
1526206976,8556.80000,8557.30000
1526469124,8375.00000,8381.30000
1526206988,8555.00000,8557.30000
1526206990,8555.10000,8557.20000
1526206994,8555.20000,8557.20000
1526206996,8557.10000,8557.20000
1526206997,8557.10000,8557.30000
1526469143,8375.00000,8380.70000
1526469147,8375.00000,8380.90000
1526469149,8375.00000,8381.10000
1526207006,8557.10000,8560.00000
1526207007,8557.10000,8557.30000
1526469152,8375.00000,8380.40000
1526469153,8375.00000,8381.00000
1526469154,8375.00000,8380.30000
1526465286,8245.00000,8246.30000
1526207015,8557.20000,8557.30000
1526469164,8375.00000,8381.10000
1526469168,8375.00000,8380.00000
1526203144,8408.10000,8410.20000
1526207026,8557.10000,8557.30000
1526469173,8375.00000,8379.90000
1526469177,8375.00000,8381.10000
1526465290,8245.50000,8246.30000
1526207038,8557.20000,8557.30000
1526469183,8375.00000,8381.10000
1526469184,8375.00000,8379.50000
1526207042,8557.20000,8560.00000
1526469188,8376.00000,8379.50000
1526469189,8376.00000,8380.80000
1526469190,8376.10000,8380.80000
1526207047,8557.30000,8560.00000
1526469192,8376.10000,8381.00000
1526207050,8559.90000,8560.00000
1526469195,8376.10000,8379.20000
1526469196,8376.00000,8379.20000
1526469198,8376.00000,8379.10000
1526469199,8376.00000,8381.00000
1526469200,8376.00000,8380.90000
1526469201,8376.00000,8379.00000
1526469202,8376.00000,8381.00000
1526469204,8376.00000,8378.90000
1526469210,8376.00000,8378.80000
1526469213,8376.00000,8380.90000
1526469214,8376.00000,8378.70000
1526469216,8376.00000,8380.90000
1526469217,8376.00000,8380.60000
1526469221,8376.00000,8380.50000
1526469224,8376.00000,8380.40000
1526469225,8376.00000,8380.30000
1526469228,8376.00000,8381.00000
1526469229,8376.00000,8380.00000
1526469234,8376.00000,8381.00000
1526469243,8376.00000,8380.70000
1526469249,8376.10000,8380.70000
1526207113,8558.10000,8560.00000
1526207115,8558.10000,8559.90000
1526207116,8558.10000,8559.90000
1526207117,8558.10000,8559.00000
1526207118,8558.10000,8560.00000
1526207119,8558.60000,8558.90000
1526207120,8558.10000,8560.00000
1526207121,8558.20000,8558.90000
1526207122,8558.20000,8559.90000
1526207123,8558.20000,8559.90000
1526207124,8558.10000,8559.90000
1526207125,8558.10000,8559.90000
1526207126,8558.10000,8559.90000
1526207127,8558.10000,8559.90000
1526207128,8558.10000,8559.60000
1526207129,8558.10000,8559.50000
1526207130,8558.10000,8559.40000
1526207131,8558.10000,8559.90000
1526469278,8376.30000,8380.70000
1526469279,8376.40000,8380.50000
1526207136,8558.10000,8559.90000
1526469285,8376.50000,8380.50000
1526207143,8558.10000,8559.60000
1526207144,8558.20000,8559.40000
1526207145,8558.20000,8559.60000
1526207146,8558.20000,8559.50000
1526207147,8558.10000,8560.00000
1526469292,8376.70000,8380.50000
1526469293,8376.70000,8381.60000
1526469294,8376.80000,8381.60000
1526207153,8558.20000,8560.00000
1526469299,8376.70000,8381.60000
1526469303,8376.90000,8381.60000
1526207163,8558.10000,8560.00000
1526207165,8558.10000,8559.70000
1526207167,8558.10000,8560.00000
1526207169,8558.40000,8560.00000
1526207170,8558.70000,8560.00000
1526469318,8376.70000,8381.60000
1526207175,8559.60000,8560.00000
1526469320,8376.80000,8381.60000
1526469325,8376.60000,8381.60000
1526207183,8559.60000,8559.90000
1526469328,8376.90000,8381.60000
1526207188,8559.80000,8559.90000
1526469334,8377.00000,8381.60000
1526207191,8559.80000,8560.00000
1526207194,8559.90000,8560.00000
1526246863,8696.70000,8702.00000
1526207196,8559.60000,8560.00000
1526207198,8559.90000,8560.00000
1526469348,8377.10000,8385.00000
1526469349,8382.50000,8385.00000
1526207217,8559.60000,8560.00000
1526207219,8559.60000,8560.00000
1526207220,8559.60000,8559.90000
1526207221,8559.60000,8559.80000
1526207223,8559.60000,8560.00000
1526469368,8382.80000,8385.00000
1526207225,8559.60000,8559.70000
1526207226,8557.40000,8559.70000
1526207228,8557.40000,8560.00000
1526469373,8382.80000,8385.00000
1526207230,8557.40000,8559.60000
1526469375,8382.80000,8385.00000
1526207232,8558.10000,8559.60000
1526207233,8557.40000,8559.60000
1526207234,8558.20000,8559.60000
1526207235,8557.40000,8559.60000
1526207236,8558.30000,8559.60000
1526469381,8382.90000,8391.30000
1526207238,8558.40000,8560.00000
1526207239,8558.50000,8560.00000
1526207240,8558.50000,8560.00000
1526207241,8558.50000,8559.60000
1526207242,8558.60000,8560.00000
1526469387,8383.20000,8390.00000
1526469388,8383.20000,8389.90000
1526207245,8559.00000,8560.00000
1526469392,8383.20000,8389.00000
1526207249,8558.50000,8560.00000
1526207250,8559.10000,8560.00000
1526469396,8383.60000,8389.00000
1526207253,8559.20000,8560.00000
1526469398,8383.10000,8388.90000
1526469400,8383.60000,8388.90000
1526469401,8376.70000,8388.90000
1526469402,8383.60000,8388.90000
1526465327,8239.50000,8245.00000
1526469405,8376.70000,8388.80000
1526469406,8383.70000,8388.80000
1526207264,8559.20000,8559.70000
1526207265,8559.20000,8560.00000
1526207266,8558.50000,8560.00000
1526207267,8558.50000,8560.00000
1526207268,8559.80000,8560.00000
1526469413,8376.70000,8388.80000
1526469414,8378.30000,8388.80000
1526465329,8239.50000,8244.90000
1526469416,8383.90000,8388.70000
1526207273,8559.90000,8560.00000
1526469418,8378.40000,8388.70000
1526469421,8384.00000,8391.00000
1526469422,8378.40000,8390.90000
1526469423,8378.50000,8390.90000
1526469424,8384.30000,8390.90000
1526469426,8378.50000,8390.90000
1526207283,8559.70000,8560.00000
1526469428,8377.00000,8390.80000
1526207286,8559.90000,8560.00000
1526469432,8377.10000,8390.80000
1526469433,8379.00000,8390.80000
1526469434,8377.10000,8390.80000
1526469435,8379.10000,8390.80000
1526469438,8379.10000,8390.70000
1526465333,8239.60000,8244.20000
1526469444,8390.90000,8391.10000
1526207301,8559.70000,8560.00000
1526207302,8559.90000,8560.00000
1526469455,8390.90000,8391.00000
1526465336,8239.60000,8244.10000
1526469467,8390.90000,8394.50000
1526469468,8390.90000,8393.40000
1526465338,8239.60000,8244.10000
1526469472,8390.90000,8392.00000
1526469476,8391.10000,8392.80000
1526469477,8391.10000,8392.00000
1526469478,8390.90000,8391.00000
1526469482,8379.10000,8389.60000
1526469483,8379.10000,8387.00000
1526469485,8379.10000,8389.60000
1526469486,8379.10000,8386.00000
1526469496,8379.10000,8385.90000
1526469500,8379.10000,8385.00000
1526469503,8379.20000,8385.00000
1526469506,8379.10000,8385.00000
1526469507,8379.10000,8384.90000
1526469513,8379.20000,8384.90000
1526469515,8379.20000,8383.00000
1526469516,8379.10000,8384.90000
1526469519,8379.30000,8384.90000
1526469520,8379.10000,8384.90000
1526469524,8379.40000,8386.50000
1526469527,8375.10000,8384.70000
1526207384,8559.90000,8561.90000
1526469530,8375.20000,8384.70000
1526469531,8375.20000,8384.60000
1526469532,8379.60000,8384.60000
1526207389,8560.00000,8561.90000
1526469535,8375.40000,8383.60000
1526469536,8375.40000,8383.50000
1526469539,8375.50000,8383.50000
1526469540,8375.40000,8383.50000
1526469541,8375.80000,8383.50000
1526469543,8375.80000,8383.60000
1526469545,8375.80000,8384.70000
1526469548,8375.80000,8383.50000
1526469549,8375.80000,8383.50000
1526469551,8375.50000,8383.50000
1526469552,8375.90000,8383.50000
1526469554,8375.50000,8383.50000
1526469556,8375.10000,8383.40000
1526469563,8376.20000,8383.30000
1526469568,8375.10000,8383.30000
1526469571,8376.50000,8383.30000
1526469573,8376.50000,8383.30000
1526469574,8375.20000,8383.30000
1526469575,8376.10000,8383.40000
1526469577,8375.30000,8383.40000
1526469578,8376.80000,8383.50000
1526469580,8375.20000,8383.40000
1526469581,8375.40000,8383.40000
1526469582,8375.20000,8383.40000
1526207441,8559.90000,8561.90000
1526469586,8375.20000,8383.40000
1526207443,8560.10000,8561.90000
1526207444,8559.90000,8561.90000
1526207446,8560.00000,8561.90000
1526469593,8375.50000,8383.40000
1526469595,8375.60000,8383.40000
1526469596,8375.30000,8383.40000
1526469597,8375.30000,8383.50000
1526469598,8383.40000,8383.50000
1526469599,8376.00000,8383.50000
1526469600,8376.10000,8383.50000
1526469605,8376.00000,8383.50000
1526207462,8560.00000,8561.90000
1526469607,8376.20000,8383.50000
1526469609,8376.30000,8383.50000
1526465362,8239.80000,8244.20000
1526469614,8376.40000,8383.50000
1526469615,8376.40000,8383.40000
1526469616,8375.10000,8383.40000
1526469617,8376.50000,8383.30000
1526469621,8376.60000,8383.20000
1526469623,8375.40000,8383.20000
1526207480,8559.90000,8561.90000
1526469626,8375.40000,8383.10000
1526207483,8560.00000,8561.90000
1526469628,8375.10000,8383.10000
1526469631,8375.10000,8383.00000
1526469633,8375.70000,8383.00000
1526469635,8375.10000,8383.00000
1526469639,8375.10000,8383.00000
1526469640,8376.00000,8383.00000
1526469642,8375.10000,8383.00000
1526469643,8375.10000,8383.40000
1526469646,8376.30000,8383.30000
1526469649,8376.00000,8383.40000
1526469650,8376.40000,8383.40000
1526469652,8376.60000,8383.40000
1526469653,8376.60000,8383.20000
1526469654,8381.00000,8383.20000
1526207511,8560.00000,8561.50000
1526207512,8560.10000,8561.90000
1526207513,8560.00000,8561.90000
1526469658,8375.10000,8383.50000
1526469659,8379.00000,8383.50000
1526469660,8381.10000,8383.50000
1526207517,8560.10000,8561.90000
1526469662,8375.10000,8383.50000
1526207519,8560.10000,8561.30000
1526469665,8378.00000,8383.50000
1526207522,8560.00000,8561.30000
1526469668,8377.10000,8383.50000
1526207526,8561.90000,8565.00000
1526207528,8561.90000,8562.40000
1526469673,8377.10000,8383.50000
1526207530,8561.90000,8562.20000
1526207532,8561.90000,8564.90000
1526207533,8561.90000,8565.00000
1526207534,8561.90000,8564.90000
1526207535,8561.90000,8565.00000
1526207536,8562.10000,8565.00000
1526207537,8562.90000,8565.00000
1526207538,8561.90000,8563.80000
1526469685,8375.10000,8380.00000
1526207542,8561.90000,8563.80000
1526469689,8375.10000,8380.00000
1526469693,8375.20000,8380.00000
1526469695,8377.00000,8380.00000
1526469696,8375.10000,8380.00000
1526207557,8561.90000,8563.70000
1526469705,8375.10000,8376.30000
1526207564,8561.90000,8563.80000
1526469709,8376.00000,8376.30000
1526469711,8375.10000,8376.30000
1526207569,8562.00000,8563.80000
1526469716,8376.00000,8380.00000
1526469717,8375.10000,8380.00000
1526469718,8375.10000,8379.90000
1526469720,8375.10000,8379.80000
1526469721,8375.20000,8379.80000
1526447500,8180.00000,8180.20000
1526469723,8375.20000,8380.00000
1526469725,8375.10000,8380.00000
1526469726,8380.00000,8383.40000
1526207586,8562.40000,8563.80000
1526207587,8562.00000,8563.80000
1526469732,8380.00000,8383.30000
1526469733,8380.10000,8383.30000
1526469735,8380.00000,8383.30000
1526469739,8380.10000,8383.30000
1526469741,8380.00000,8383.30000
1526469744,8380.00000,8382.00000
1526469745,8380.00000,8383.30000
1526469746,8380.00000,8381.90000
1526469749,8380.00000,8383.40000
1526469750,8380.10000,8383.30000
1526469751,8380.00000,8383.30000
1526469757,8380.10000,8383.30000
1526469760,8380.10000,8383.20000
1526207620,8562.00000,8563.70000
1526469765,8380.00000,8382.60000
1526469768,8380.00000,8383.30000
1526207626,8562.00000,8563.70000
1526207627,8562.00000,8563.60000
1526469772,8380.00000,8383.20000
1526207630,8562.00000,8563.70000
1526207632,8562.00000,8562.20000
1526469777,8380.00000,8383.40000
1526469778,8380.00000,8382.10000
1526207635,8562.00000,8562.20000
1526207636,8562.10000,8562.20000
1526207638,8562.10000,8562.20000
1526207639,8562.00000,8562.20000
1526207640,8562.10000,8562.20000
1526207641,8562.00000,8562.20000
1526469787,8380.00000,8383.40000
1526207644,8562.00000,8562.20000
1526469790,8380.00000,8380.60000
1526469793,8380.00000,8380.10000
1526207651,8562.00000,8563.70000
1526207652,8562.00000,8562.20000
1526207662,8562.00000,8563.70000
1526207663,8561.90000,8562.00000
1526465395,8239.90000,8244.10000
1526469820,8380.00000,8380.20000
1526207677,8561.90000,8562.10000
1526207679,8561.90000,8562.00000
1526207681,8561.90000,8562.10000
1526469826,8370.80000,8375.00000
1526207683,8561.90000,8562.00000
1526469829,8371.00000,8375.00000
1526469830,8370.80000,8375.00000
1526469833,8370.80000,8375.00000
1526469836,8370.90000,8375.00000
1526469839,8371.00000,8375.00000
1526207697,8560.00000,8561.90000
1526207698,8560.00000,8562.00000
1526469843,8370.80000,8375.00000
1526207702,8560.00000,8561.90000
1526207704,8557.30000,8561.90000
1526207705,8556.90000,8557.30000
1526207706,8556.90000,8561.20000
1526207707,8556.90000,8560.20000
1526207708,8555.00000,8556.80000
1526207709,8555.00000,8557.00000
1526469854,8370.80000,8374.90000
1526207712,8542.40000,8548.50000
1526207714,8542.40000,8555.40000
1526207715,8542.40000,8552.20000
1526207716,8542.40000,8542.50000
1526207718,8542.40000,8552.10000
1526207719,8542.00000,8552.10000
1526207721,8539.10000,8542.50000
1526207722,8538.10000,8552.00000
1526207723,8539.10000,8552.00000
1526207724,8542.40000,8552.00000
1526469870,8371.00000,8375.00000
