time,price,volume,buy_or_sell,market_or_limit,misc
1526267904.8624,8514.30000,0.02668766,s,l,
1526267904.8659,8514.30000,0.09666079,s,l,
1526256982.1455,8630.40000,0.03710000,s,l,
1526267905.7023,8522.50000,0.00665632,b,l,
1526305378.2449,8372.80000,0.09811135,s,l,
1526202702.7545,8416.50000,0.01696670,s,l,
1526224215.3035,8587.00000,0.00100000,s,l,
1526267917.6846,8522.20000,0.00665210,b,l,
1526267919.7731,8516.30000,0.04790000,s,l,
1526267921.9487,8521.40000,0.00665155,b,l,
1526224217.2976,8591.20000,0.01070202,b,m,
1526300676.8692,8404.40000,0.10000000,s,l,
1526267704.715,8543.60000,0.00000001,s,l,
1526267934.9178,8525.60000,0.29440000,b,m,
1526196508.8902,8443.80000,0.00010000,b,m,
1526224219.925,8590.00000,0.00500000,b,l,
1526296752.931,8435.20000,0.34837129,s,l,
1526220373.7329,8564.50000,0.44000000,s,m,
1526238823.4244,8620.90000,0.30288978,s,m,
1526218191.9943,8510.20000,0.10376301,s,l,
1526202426.8971,8402.70000,0.92038131,b,l,
1526267963.6443,8518.40000,0.00500000,b,l,
1526202428.5512,8402.40000,0.10373160,s,l,
1526255443.3935,8691.00000,0.00011918,s,l,
1526267968.1652,8518.40000,0.10000000,b,l,
1526202434.9851,8402.60000,0.02093653,b,m,
1526202435.1103,8403.10000,0.43244558,b,m,
1526202440.3995,8402.30000,1.00000000,s,l,
1526202443.2047,8398.60000,0.01980178,s,l,
1526312029.502,8750.60000,0.00685667,s,m,
1526200869.1431,8433.50000,0.07336801,s,l,
1526308616.1172,8801.50000,0.00700000,b,m,
1526202455.4026,8398.60000,0.08019822,s,l,
1526267992.0204,8518.30000,0.01000000,s,l,
1526267993.9736,8518.30000,0.00230000,s,l,
1526267994.315,8519.60000,0.00397396,b,m,
1526267997.2582,8518.30000,0.34768485,s,l,
1526267998.5836,8514.30000,0.01900000,s,l,
1526224229.7185,8574.70000,0.02313936,s,m,
1526268000.3217,8515.30000,0.04800000,b,l,
1526268001.4198,8519.60000,0.00879022,b,l,
1526268003.6923,8511.30000,0.02184407,s,m,
1526268004.7497,8514.40000,0.01900000,b,l,
1526268005.9342,8515.20000,0.03223500,b,l,
1526268006.689,8515.10000,0.00099956,s,l,
1526306454.5576,8689.30000,3.60000000,s,m,
1526268011.8968,8527.00000,0.09357505,b,m,
1526311613.2233,8731.20000,0.08826496,b,l,
1526293920.1665,8404.00000,0.80000000,b,l,
1526202481.4916,8389.80000,0.04478500,s,m,
1526268018.8073,8512.70000,0.02000000,s,m,
1526268019.1352,8515.10000,0.02262225,b,l,
1526268169.9218,8475.90000,0.02000000,s,m,
1526224233.8964,8574.90000,0.03907700,b,l,
1526268027.2317,8514.30000,0.00877905,b,l,
1526318821.5727,8709.50000,0.00400000,s,m,
1526268030.3281,8513.00000,0.01900000,s,l,
1526278848.6994,8384.40000,0.02436519,b,m,
1526268034.4053,8513.10000,0.01100000,s,l,
1526268036.9493,8514.20000,0.01360000,b,l,
1526268037.245,8514.20000,0.08240000,b,l,
1526311617.0476,8734.60000,0.00900290,b,l,
1526222691.1081,8586.50000,0.10000000,b,l,
1526268041.3459,8514.10000,0.01359703,b,l,
1526316790.4571,8747.00000,1.13491280,s,m,
1526268047.3669,8513.40000,0.03500000,s,l,
1526232869.7705,8587.80000,0.00014232,s,m,
1526224238.9741,8571.40000,0.00100000,s,l,
1526202521.4908,8389.80000,0.97900622,s,l,
1526268058.3673,8513.50000,1.95345934,s,l,
1526248746.5295,8690.80000,0.02450158,s,l,
1526202527.858,8389.90000,0.00965753,b,m,
1526200048.0554,8416.80000,0.05181376,s,m,
1526268067.109,8512.00000,0.00000044,b,l,
1526294946.7781,8404.80000,3.77900000,s,l,
1526268073.6016,8515.10000,0.97737775,b,m,
1526268075.9321,8513.40000,0.22330000,s,l,
1526268078.8263,8513.30000,0.11710000,b,l,
1526268080.0319,8513.30000,0.00880000,b,l,
1526202546.7521,8396.70000,1.00000000,b,l,
1526202549.3184,8397.00000,0.40000000,b,l,
1526268089.2382,8512.20000,0.00290000,b,l,
1526268095.7695,8511.00000,0.04900000,s,l,
1526306198.7753,8685.80000,0.04018037,s,m,
1526268099.5621,8512.10000,0.00750000,b,l,
1526268100.4395,8511.00000,0.00400000,s,l,
1526306228.583,8720.00000,0.00510000,s,l,
1526268104.7854,8512.10000,0.02760000,b,l,
1526268110.7113,8511.00000,0.03500000,s,l,
1526268112.2045,8511.00000,0.00396196,s,l,
1526217540.5131,8517.30000,1.00000000,s,m,
1526268116.3259,8511.00000,0.61001230,s,l,
1526311630.2683,8742.10000,0.01670000,b,l,
1526268118.7517,8512.10000,0.22880000,b,l,
1526268119.7992,8512.10000,0.16540000,b,l,
1526268120.2017,8512.00000,0.06330000,b,l,
1526268122.8156,8511.00000,0.50000000,s,l,
1526202588.6885,8390.90000,0.01551668,b,l,
1526202589.7976,8391.00000,0.01421569,s,l,
1526268127.6966,8511.80000,0.01900000,b,l,
1526268128.3103,8510.60000,0.03100000,s,l,
1526268129.4917,8510.90000,0.02063993,b,l,
1526268130.3503,8511.80000,0.01230000,b,l,
1526224251.8198,8576.20000,0.30000000,b,m,
1526268132.9194,8501.10000,0.21000000,s,m,
1526253113.6249,8704.60000,0.05000000,s,m,
1526268136.7864,8501.00000,0.01000000,s,m,
1526257020.6604,8630.50000,0.52229926,b,l,
1526250799.9401,8700.10000,0.05140000,s,l,
1526268141.4925,8510.00000,0.01340000,b,l,
1526224253.3798,8576.10000,0.14485710,b,l,
1526268144.4475,8501.10000,0.00511600,s,l,
1526202610.5086,8388.70000,0.42500000,s,m,
1526319123.9828,8729.00000,0.02434796,b,l,
1526268148.1169,8501.20000,0.25348445,b,l,
1526268149.2343,8501.20000,0.04080000,b,l,
1526268151.4424,8501.20000,0.02758445,b,l,
1526268152.0135,8501.20000,0.01090000,b,l,
1526306466.4157,8700.00000,0.02568985,b,l,
1526268157.189,8501.20000,0.22290000,b,l,
1526268158.2745,8501.20000,0.01633940,b,l,
1526202623.5714,8391.40000,0.02505770,b,l,
1526268164.2526,8501.00000,0.00100000,s,l,
1526244385.6956,8727.00000,0.00411824,b,m,
1526268169.8273,8476.60000,0.42130000,s,m,
1526268170.0036,8472.90000,0.01270000,s,m,
1526246103.4515,8743.00000,0.65485108,s,l,
1526268172.3975,8497.50000,0.01633940,b,l,
1526268173.5225,8488.30000,0.02110000,s,l,
1526268174.461,8487.80000,0.02100000,b,l,
1526298372.9407,8399.60000,0.00200000,s,m,
1526202641.5757,8390.00000,0.00310000,b,l,
1526268181.5408,8477.00000,0.22890000,b,l,
1526268182.0979,8476.90000,0.08270000,b,l,
1526268183.32,8476.90000,0.02250000,b,l,
1526268185.1121,8476.90000,0.05534950,b,l,
1526268186.5749,8476.20000,0.00410000,b,l,
1526296760.5303,8435.20000,0.22779714,s,l,
1526202652.5397,8390.00000,0.60000000,b,l,
1526202653.738,8408.90000,0.11531326,b,l,
1526202654.3466,8430.00000,0.05190000,s,l,
1526202655.4852,8430.00000,0.01354330,s,l,
1526202656.0002,8430.00000,1.28581382,s,l,
1526202657.8445,8430.00000,4.94724661,s,l,
1526268194.4247,8471.40000,0.03720000,s,m,
1526267702.9636,8555.50000,0.05000000,s,l,
1526268198.0656,8471.40000,0.08240000,b,l,
1526268199.2456,8471.30000,0.15745158,s,m,
1526202664.6554,8397.70000,0.10000000,s,l,
1526268202.0519,8464.10000,0.03261934,s,m,
1526268203.4983,8466.30000,0.08250000,b,l,
1526266209.0662,8606.00000,0.06025418,s,l,
1526268208.2771,8464.20000,0.12170000,s,l,
1526248751.6386,8673.30000,0.00000001,b,l,
1526268210.5461,8464.20000,0.21460000,b,l,
1526268211.8767,8464.20000,0.05100000,b,l,
1526202676.595,8407.00000,1.40000000,b,l,
1526268213.9318,8464.00000,0.65945158,s,l,
1526237071.2588,8615.20000,0.06564963,s,l,
1526268215.519,8464.20000,0.06289236,b,l,
1526284994.6133,8380.30000,0.05690000,b,l,
1526202683.8264,8411.70000,0.04980000,s,l,
1526268222.5995,8464.20000,0.07656177,b,m,
1526300725.4143,8416.00000,0.00583706,b,l,
1526268224.4272,8463.90000,0.00322079,b,l,
1526268226.6286,8463.90000,0.06619087,b,l,
1526268231.0419,8463.60000,0.10000000,b,l,
1526268234.2511,8464.00000,0.23070000,s,l,
1526268235.0544,8464.20000,0.23670000,b,m,
1526268236.9689,8464.00000,0.02600000,s,m,
1526202702.7494,8416.50000,0.24974495,s,l,
1526202703.7329,8420.30000,0.45000000,b,m,
1526268244.2242,8463.90000,1.00000000,s,l,
1526268245.977,8462.20000,2.00000000,b,l,
1526268246.9426,8465.30000,1.18000000,b,l,
1526268249.9793,8468.40000,1.59985262,b,l,
1526268252.8787,8464.90000,0.17900000,b,m,
1526202426.9059,8402.70000,0.18961869,b,l,
1526303309.1926,8394.90000,0.04405318,b,l,
1526202719.5649,8420.30000,0.05000000,b,m,
1526268260.0486,8467.60000,0.24706857,b,m,
1526268262.2382,8467.60000,1.00000000,b,m,
1526268263.8568,8473.60000,0.45000000,b,m,
1526202428.5476,8402.40000,0.02475935,s,l,
1526268272.9934,8475.00000,0.00010000,b,l,
1526268274.5986,8475.00000,0.18500000,b,l,
1526268275.1866,8475.00000,0.09830000,b,l,
1526268277.0733,8475.00000,0.02563852,b,l,
1526268279.4126,8475.00000,0.40554273,b,m,
1526268281.0428,8476.20000,0.02500000,b,m,
1526268283.5588,8476.20000,0.10000000,b,m,
1526275479.7614,8357.80000,0.00036544,s,l,
1526224277.2495,8573.00000,0.00330000,s,l,
1526268288.4115,8477.70000,0.01000000,b,m,
1526271551.1089,8411.20000,0.82559384,b,m,
1526268290.6427,8474.90000,0.26775000,s,l,
1526310395.3905,8767.00000,0.01539848,s,l,
1526268294.0871,8486.00000,0.02400000,b,l,
1526268295.8481,8478.80000,1.13550000,s,m,
1526319124.1762,8729.00000,0.42260000,b,l,
1526202434.9594,8402.40000,0.11461162,b,m,
1526268303.7781,8482.20000,1.00000000,b,l,
1526202435.1178,8403.60000,0.01675214,b,m,
1526311662.2265,8750.90000,0.28700600,s,l,
1526268310.4001,8482.80000,1.00000000,s,l,
1526311663.0363,8750.10000,0.00685706,s,l,
1526224282.7279,8571.20000,0.00103643,s,m,
1526277124.0324,8367.60000,0.95000000,s,l,
1526202783.1786,8419.80000,0.01200000,b,m,
1526311664.8645,8745.50000,0.01153000,s,l,
1526271438.1975,8420.20000,0.00857890,b,l,
1526311665.9129,8745.50000,0.29164315,s,l,
1526247983.3662,8703.40000,1.33135309,b,m,
1526300743.3645,8417.90000,0.00375575,b,l,
1526233254.1606,8580.00000,0.01155682,b,m,
1526279307.7304,8405.00000,0.00431968,b,l,
1526269254.5763,8402.70000,1.00000000,b,l,
1526268344.0575,8474.90000,0.00697194,s,l,
1526257055.7193,8630.30000,0.10000000,s,l,
1526268348.032,8474.90000,0.00000044,b,m,
1526268396.9558,8459.40000,4.00000000,b,l,
1526268351.6269,8465.80000,0.02000000,s,m,
1526268353.3013,8465.80000,0.04000000,s,l,
1526266214.5404,8606.00000,0.01310000,s,l,
1526268361.4381,8465.20000,0.26875000,b,l,
1526268365.1866,8461.90000,0.00307501,s,l,
1526268368.7115,8459.00000,0.04751184,s,l,
1526268373.0228,8459.00000,0.24803136,s,l,
1526268374.8103,8451.10000,0.78700000,s,m,
1526268383.7045,8457.00000,0.01200000,b,l,
1526268384.4897,8457.00000,0.75300000,b,l,
1526268170.0087,8472.90000,0.49526485,s,m,
1526274659.6155,8286.80000,0.69965143,s,m,
1526311676.841,8745.40000,0.16190000,s,l,
1526268396.959,8460.80000,0.06000000,b,l,
1526268397.1473,8459.60000,2.00000000,s,l,
1526268400.3765,8460.90000,0.19470000,b,m,
1526268401.9055,8460.00000,0.13280000,b,l,
1526268407.9937,8459.90000,0.01363074,b,l,
1526268408.0025,8461.00000,0.08636926,b,l,
1526268011.9388,8527.20000,0.03123117,b,m,
1526311679.7836,8745.50000,0.00266067,s,l,
1526257066.0649,8622.20000,1.31403885,s,l,
1526311680.0506,8743.90000,0.52944121,s,l,
1526257067.5833,8622.20000,0.03206992,s,l,
1526274607.2228,8309.70000,1.09000000,s,l,
1526268432.0248,8461.00000,1.16300000,b,l,
1526312044.0954,8750.60000,0.09183991,s,l,
1526268434.6125,8461.00000,0.24430000,b,l,
1526268435.9925,8461.00000,0.01400000,b,l,
1526268437.9168,8460.90000,0.14450000,s,m,
1526202903.2397,8419.40000,0.01612007,s,l,
1526268442.3052,8461.00000,0.10000000,b,l,
1526267994.3202,8521.80000,0.02102604,b,m,
1526257897.2475,8644.90000,0.49766636,s,m,
1526202913.8546,8422.10000,0.08090700,s,l,
1526202914.1522,8422.10000,0.08091300,s,l,
1526268451.1238,8461.00000,0.09110000,b,l,
1526311686.2251,8745.30000,0.03610000,s,l,
1526268454.5125,8461.00000,0.12590000,b,l,
1526268456.6125,8461.00000,0.10000000,b,l,
1526268457.3509,8461.00000,0.13100000,b,l,
1526268458.0415,8461.00000,0.02084801,b,l,
1526263637.3325,8647.70000,0.41727525,s,m,
1526267997.2634,8518.30000,0.11623199,s,l,
1526268465.3004,8461.00000,0.23080000,b,l,
1526268467.0328,8461.00000,0.11260000,b,l,
1526268469.2924,8461.00000,0.23080000,b,l,
1526268470.0848,8461.00000,0.00900000,b,l,
1526202935.9444,8422.00000,0.04736879,s,l,
1526268473.2871,8461.00000,0.03216008,b,l,
1526202938.319,8422.00000,0.03369210,s,l,
1526202940.3951,8422.00000,0.00404991,s,l,
1526311690.0864,8745.40000,0.12676687,b,l,
1526202942.1423,8422.00000,0.00237985,s,l,
1526281494.8168,8397.30000,0.00443225,b,l,
1526202947.698,8422.00000,0.04634090,s,l,
1526268485.5239,8461.00000,0.04130000,b,l,
1526268486.8427,8461.00000,0.11223813,b,l,
1526202465.6229,8390.80000,0.01000000,b,m,
1526268490.1856,8465.80000,0.00280000,b,l,
1526202956.4903,8422.00000,0.02306450,s,l,
1526202958.4733,8422.00000,0.15910430,s,l,
1526311693.1485,8745.20000,0.23870000,s,l,
1526202960.6996,8422.00000,0.04939129,s,l,
1526268499.0302,8469.70000,0.98000000,s,l,
1526256446.449,8655.40000,0.00580373,s,l,
1526244183.8142,8700.00000,0.50000000,b,m,
1526268502.1652,8470.40000,0.30000000,b,m,
1526268503.8896,8470.40000,0.02385752,b,l,
1526268004.7549,8515.20000,0.00364005,b,l,
1526202973.8423,8422.00000,1.21062532,s,l,
1526202974.2018,8422.00000,0.02834510,s,l,
1526202977.5685,8422.00000,0.00311167,s,l,
1526289851.4946,8408.30000,0.00381960,b,l,
1526268516.4871,8469.80000,0.00200000,s,m,
1526268006.7201,8511.40000,0.24543388,s,l,
1526268518.0744,8470.10000,0.00411710,b,l,
1526268279.4554,8475.00000,0.08294000,b,m,
1526271989.987,8343.30000,0.28590000,b,l,
1526268525.9049,8470.10000,0.00490738,s,l,
1526268169.795,8480.00000,0.01000000,s,m,
1526268532.153,8467.00000,0.02900000,b,m,
1526202998.5607,8424.50000,0.11869000,b,l,
1526266220.2694,8606.00000,0.16699646,s,l,
1526268539.0732,8460.90000,0.12910000,b,l,
1526240033.751,8621.40000,0.10000000,s,m,
1526268011.9479,8527.30000,1.00000000,b,m,
1526296772.4124,8438.80000,2.36800000,b,l,
1526229122.106,8642.00000,0.54300000,b,l,
1526203018.2637,8426.60000,0.43200000,b,l,
1526244398.3031,8731.20000,0.42134358,b,l,
1526203020.0897,8419.20000,0.27420000,s,l,
1526267036.697,8635.60000,1.00000000,s,m,
1526268563.3917,8470.40000,0.00297581,b,l,
1526203030.7331,8409.80000,0.03520800,s,l,
1526203032.5064,8409.80000,0.02479200,s,m,
1526257093.5796,8616.10000,0.30420000,s,m,
1526313812.9313,8784.90000,0.09830000,b,m,
1526217854.7542,8521.00000,0.00100000,s,m,
1526254001.2698,8696.20000,2.00000000,s,m,
1526311708.9192,8760.50000,0.06000000,b,l,
1526268589.4209,8470.70000,0.12830000,s,l,
1526203055.1874,8407.90000,0.10000000,s,l,
1526203056.4883,8407.50000,0.16660000,s,l,
1526224328.2731,8598.20000,0.01093698,b,m,
1526294199.1187,8418.00000,0.00000044,s,l,
1526298198.2153,8403.90000,0.00000001,b,l,
1526317872.5311,8753.50000,0.00487414,b,l,
1526268610.9044,8478.10000,0.27710000,b,l,
1526312846.404,8842.20000,1.94900000,b,m,
1526274659.594,8286.80000,1.19034857,s,m,
1526268618.1206,8469.30000,0.01629685,s,l,
1526228551.1096,8688.10000,0.10478080,b,m,
1526216031.2171,8549.50000,0.10394198,b,l,
1526268632.808,8472.50000,1.00000000,b,m,
1526268633.1257,8472.40000,0.15000000,b,m,
1526203098.588,8411.10000,0.24330000,s,l,
1526246181.5262,8727.00000,0.40000000,s,m,
1526229125.047,8638.40000,0.00026651,b,m,
1526302999.2009,8428.50000,0.10000000,b,l,
1526289873.6299,8415.90000,0.81318040,s,m,
1526268650.9037,8467.10000,0.16470000,s,l,
1526268655.1972,8462.10000,0.16480000,s,l,
1526278952.9012,8388.20000,0.71660000,b,l,
1526268658.7107,8459.20000,0.06000000,s,l,
1526257107.7551,8623.40000,0.03000000,s,m,
1526268663.1295,8457.40000,0.05000000,b,l,
1526193144.6669,8471.00000,0.02000000,b,m,
1526306033.8962,8629.30000,1.00000000,s,l,
1526268670.849,8455.90000,0.23090000,s,l,
1526234034.5473,8565.30000,0.01195234,b,m,
1526268672.906,8455.20000,0.07170000,b,l,
1526268673.1988,8455.20000,0.16224640,b,l,
1526268674.3731,8455.20000,0.16221809,b,l,
1526268675.1401,8455.60000,0.19646449,b,l,
1526268676.2794,8455.60000,0.05483551,b,l,
1526268680.208,8455.20000,0.23090000,b,l,
1526306245.9295,8720.00000,0.16415995,s,l,
1526246434.1098,8692.00000,0.00300000,b,m,
1526203904.1997,8578.00000,0.76893542,s,l,
1526268689.3351,8451.00000,0.02500000,s,m,
1526232869.7592,8588.80000,0.30000000,s,m,
1526231317.5705,8667.00000,0.86600000,s,m,
1526311726.2315,8747.10000,0.07500000,s,m,
1526268694.0933,8451.00000,1.26065263,s,l,
1526268696.7871,8450.00000,0.01700000,s,m,
1526268697.4408,8450.00000,0.89583431,s,l,
1526222867.7366,8610.00000,0.21557943,b,m,
1526268699.9778,8450.00000,0.01400000,s,l,
1526268702.9362,8450.00000,0.03000000,s,l,
1526268037.668,8513.10000,0.10914391,s,m,
1526268707.1865,8446.30000,0.01306600,s,l,
1526268708.7,8440.00000,0.01400000,s,l,
1526268710.229,8443.00000,0.04053406,s,l,
1526268711.2749,8440.20000,0.04550000,b,l,
1526268712.1856,8440.00000,0.01200000,s,l,
1526268714.9965,8437.40000,0.00100000,s,l,
1526268715.9954,8437.40000,0.07414400,s,l,
1526268716.3771,8437.40000,0.16200000,s,l,
1526268718.4632,8427.60000,0.40200000,s,l,
1526268720.9403,8425.70000,0.04680000,b,l,
1526203185.8303,8404.10000,0.03374100,s,l,
1526203186.8931,8404.20000,0.00239099,s,l,
1526268723.9837,8425.10000,0.01180000,b,l,
1526268725.8527,8425.00000,0.02000000,s,l,
1526268726.8292,8415.30000,1.79000000,s,l,
1526268727.4248,8410.70000,1.05000000,s,l,
1526268728.2111,8424.00000,0.01183473,b,l,
1526203193.763,8404.20000,0.02560000,s,l,
1526203195.3839,8407.90000,0.20000000,b,m,
1526289888.5155,8400.00000,0.02575485,s,m,
1526314326.0492,8747.60000,0.00685902,s,l,
1526248397.7291,8706.50000,0.86244501,b,m,
1526203204.7202,8403.50000,0.01600000,s,l,
1526200759.3086,8418.50000,0.00090854,s,m,
1526268743.6319,8410.90000,0.23210000,b,l,
1526268744.7584,8410.00000,0.05931000,s,m,
1526268745.3202,8410.90000,0.10540000,b,l,
1526203210.3002,8403.50000,0.08940000,s,l,
1526203212.9601,8403.50000,0.00428111,s,l,
1526203213.4947,8403.50000,0.05321954,s,l,
1526203215.4489,8403.50000,0.13709935,s,l,
1526268752.1343,8410.80000,0.05680000,b,l,
1526203218.0801,8403.50000,0.00090065,b,l,
1526203219.7192,8404.60000,0.00614076,s,l,
1526268756.3812,8405.00000,0.00007507,s,l,
1526203221.2721,8404.60000,0.04490000,s,l,
1526246201.0116,8726.40000,0.00000044,s,m,
1526268761.5225,8410.80000,0.00250000,b,l,
1526202942.1534,8422.00000,0.00238183,s,l,
1526227057.5739,8620.10000,0.02091013,b,m,
1526278971.2853,8388.40000,0.00493925,b,l,
1526268777.944,8401.90000,0.01200000,b,l,
1526250842.9673,8708.00000,0.00500000,s,l,
1526268781.8617,8402.10000,1.68792500,b,l,
1526224229.6596,8580.00000,0.00100000,s,m,
1526268785.7448,8401.70000,0.44342170,s,m,
1526268786.8622,8401.70000,0.00700000,s,l,
1526268788.7649,8405.80000,0.24450000,b,m,
1526304288.9018,8382.60000,0.00239461,b,m,
1526268793.9199,8401.60000,0.07020000,s,l,
1526268795.3353,8401.90000,0.01762746,b,l,
1526268797.3487,8405.00000,0.24011384,b,l,
1526311744.2678,8757.80000,0.00037131,s,m,
1526268804.0239,8401.80000,0.00579420,b,l,
1526268806.9893,8402.90000,0.00780000,s,l,
1526268807.29,8402.90000,0.16150000,s,l,
1526257132.123,8627.60000,0.73815740,b,m,
1526203274.1605,8404.80000,0.00009570,s,m,
1526268811.6201,8404.20000,0.07651384,b,l,
1526231313.3738,8676.10000,0.24303633,b,l,
1526268813.2622,8405.90000,0.23978122,b,l,
1526268814.1902,8409.70000,0.16441519,b,l,
1526268815.3988,8405.80000,0.24300000,b,l,
1526268816.7113,8405.80000,0.74700000,b,l,
1526268820.2185,8409.90000,0.10620000,s,l,
1526268821.0531,8410.00000,0.00592842,s,l,
1526202521.4979,8388.50000,0.04340178,s,l,
1526268830.3314,8415.20000,1.00000000,s,l,
1526268834.8757,8415.20000,0.14400000,s,m,
1526234020.6147,8560.00000,0.00420000,s,l,
1526203303.6124,8404.70000,0.47817063,s,l,
1526268840.7076,8421.20000,0.01000000,b,m,
1526268846.394,8420.20000,0.11000000,s,l,
1526268848.9612,8421.20000,0.14211590,b,l,
1526268852.2087,8421.20000,0.27118410,s,l,
1526202527.864,8401.60000,0.00714590,b,m,
1526268860.137,8420.70000,0.01876050,b,l,
1526309876.3978,8744.20000,0.00686169,s,m,
1526289909.9881,8405.00000,0.02161482,s,l,
1526308617.5558,8774.10000,0.05000000,s,l,
1526311755.7266,8761.60000,0.37680726,b,m,
1526204024.7867,8600.00000,1.01000000,b,l,
1526268869.8994,8420.30000,1.00000000,s,l,
1526248773.9883,8661.90000,0.00435123,s,l,
1526268871.393,8420.30000,0.05330000,s,l,
1526268875.339,8428.50000,0.84497573,b,m,
1526268877.0316,8420.40000,0.00899999,s,l,
1526299802.1115,8381.00000,0.00400000,s,m,
1526268067.1166,8513.50000,0.00777999,b,l,
1526311758.4649,8758.70000,0.01135569,s,l,
1526268886.9134,8420.50000,0.04900000,s,l,
1526268888.2779,8421.00000,0.05000000,b,m,
1526271887.1215,8350.00000,0.44908447,s,m,
1526268894.887,8420.30000,0.00500000,s,l,
1526268073.6148,8519.80000,0.70718490,b,m,
1526228635.8121,8646.20000,0.12060000,s,m,
1526268900.1681,8420.90000,0.12570000,b,l,
1526254970.7157,8717.00000,0.16478791,b,m,
1526311761.7796,8758.70000,0.95934431,s,l,
1526289917.0753,8405.10000,0.02981600,s,l,
1526203376.2051,8408.40000,0.10000000,b,l,
1526312060.966,8749.60000,0.06414262,s,l,
1526271591.9292,8400.20000,0.93270102,s,l,
1526311763.1199,8758.70000,0.37989456,s,l,
1526268916.309,8420.50000,0.00000310,s,m,
1526257150.8716,8617.10000,0.01300000,s,l,
1526268073.599,8515.00000,0.19050000,b,m,
1526311765.717,8747.10000,0.92500000,s,m,
1526268929.4884,8429.10000,0.35000000,b,m,
1526268075.9382,8513.40000,0.01390000,s,l,
1526231317.5645,8667.20000,0.97900622,s,m,
1526268934.6175,8426.00000,0.80000000,b,l,
1526300844.9395,8402.10000,0.01923429,b,l,
1526257154.1601,8611.00000,0.06000000,s,l,
1526268943.718,8429.80000,0.00413278,b,m,
1526268945.6589,8429.00000,0.00729110,s,l,
1526268947.0707,8421.30000,0.10000000,s,l,
1526267036.6944,8635.60000,1.99940556,s,m,
1526268949.6662,8421.00000,1.63386048,b,l,
1526311769.2271,8746.00000,0.07940000,s,l,
1526223546.7934,8633.00000,0.05620233,b,l,
1526288630.5111,8430.80000,2.37100000,s,l,
1526316426.7499,8768.20000,0.00684291,s,m,
1526203425.0217,8408.50000,0.02198696,s,l,
1526268966.6742,8433.20000,0.05104000,b,m,
1526228550.7869,8675.00000,3.83711767,b,m,
1526268972.3079,8433.20000,0.00332990,b,m,
1526268977.2508,8431.10000,0.00400000,b,m,
1526279006.8336,8387.80000,0.06170000,b,l,
1526308986.9234,8769.80000,0.71749045,b,l,
1526268988.5047,8430.80000,0.09850000,b,m,
1526224394.1701,8597.20000,0.17633120,s,l,
1526244172.9124,8699.90000,0.02638018,b,l,
1526268993.3587,8430.60000,0.09850000,b,m,
1526257163.2229,8610.00000,0.01000000,b,l,
1526268996.2734,8424.30000,0.25500000,b,m,
1526268997.3561,8424.30000,0.69870000,b,l,
1526306182.9943,8684.40000,0.01425636,b,m,
1526246242.3298,8723.40000,0.00002339,s,m,
1526257066.0602,8622.20000,0.83796115,s,l,
1526269016.3993,8421.10000,0.00400000,s,m,
1526305929.4533,8503.00000,0.03000000,b,l,
1526311781.2775,8746.10000,0.31987167,s,l,
1526243990.9511,8651.40000,0.01277827,b,l,
1526269027.7156,8421.10000,0.02000000,s,m,
1526311782.3091,8746.00000,0.40370000,s,l,
1526203494.7997,8409.10000,0.02000000,b,l,
1526203495.1982,8410.00000,0.50000000,b,l,
1526228550.8971,8681.50000,0.12060000,b,m,
1526203497.1053,8419.10000,0.00320000,b,l,
1526203498.895,8423.30000,0.22349157,b,l,
1526203499.7679,8423.40000,0.15640000,s,l,
1526203500.7098,8424.30000,0.75000000,b,l,
1526203501.65,8425.80000,0.00460000,s,l,
1526269041.9888,8421.10000,5.04391000,s,l,
1526203508.992,8435.60000,0.01800000,s,l,
1526269046.4959,8420.30000,0.04170000,s,l,
1526221874.5557,8588.00000,0.00100000,s,m,
1526269049.1742,8420.30000,0.00398896,s,l,
1526203514.7833,8435.70000,0.07875539,b,l,
1526269052.1458,8419.60000,0.10000000,s,l,
1526221874.5773,8582.00000,0.00100000,s,m,
1526269056.3625,8410.00000,0.05540000,s,l,
1526203521.6829,8438.00000,0.00066107,b,l,
1526239889.671,8622.90000,0.09976057,s,m,
1526203525.3971,8440.80000,0.03280000,s,l,
1526298616.1565,8406.20000,0.00000001,b,m,
1526279021.2205,8387.80000,0.50000000,b,m,
1526224408.8384,8600.00000,0.10000000,b,l,
1526203541.1701,8446.40000,0.12161000,b,m,
1526248780.9823,8652.10000,0.00400000,s,m,
1526269082.4299,8412.30000,0.10000000,s,m,
1526269084.0378,8414.00000,0.00500000,b,m,
1526203551.2187,8446.40000,0.11917780,b,m,
1526311792.6964,8746.00000,0.15310000,b,l,
1526203559.903,8446.30000,0.12161000,b,m,
1526203560.7058,8446.30000,0.19509180,b,m,
1526269097.4891,8413.80000,0.07908274,b,l,
1526269099.1779,8420.40000,0.00400000,b,l,
1526256459.4756,8655.40000,0.07783875,s,l,
1526203567.2365,8446.30000,0.05919000,b,l,
1526269104.3332,8420.40000,0.10000000,b,m,
1526268104.78,8512.10000,0.06030000,b,l,
1526232782.6703,8626.00000,0.16000000,s,m,
1526223275.4924,8620.00000,0.24660320,b,l,
1526248781.0069,8648.10000,0.88151317,s,m,
1526235350.5229,8591.20000,0.34010654,s,l,
1526231323.351,8676.90000,0.17040000,b,l,
1526256455.4986,8655.40000,0.21981730,s,l,
1526283534.7491,8370.00000,0.17680615,s,l,
1526244079.6254,8699.40000,0.84940320,b,m,
1526277151.1578,8377.40000,0.96451331,b,l,
1526279031.7772,8391.30000,0.03265944,b,l,
1526203596.5448,8445.00000,0.00500000,b,l,
1526269133.6397,8421.00000,0.00355776,b,l,
1526203602.6472,8445.00000,0.29983903,b,l,
1526238823.4535,8617.50000,0.78561258,s,m,
1526215303.9008,8567.20000,0.00805131,s,m,
1526289957.7229,8405.10000,0.09999997,s,m,
1526270605.7215,8419.50000,0.05000000,b,l,
1526269153.8618,8421.20000,0.01000000,s,m,
1526269154.8639,8421.20000,0.00500000,s,m,
1526203619.819,8450.00000,0.05771000,b,l,
1526307015.8633,8730.80000,0.40000000,b,m,
1526269158.8863,8421.20000,0.22810000,s,l,
1526203624.2862,8452.50000,0.25000000,b,l,
1526203628.412,8460.00000,0.00007507,b,m,
1526203630.7202,8478.90000,0.33349157,b,m,
1526307281.8593,8755.00000,0.10000000,b,m,
1526269170.0428,8423.20000,0.01699523,b,l,
1526283341.8399,8362.50000,0.00200000,b,m,
1526269175.8427,8419.70000,0.00000044,s,l,
1526232931.1249,8586.20000,0.21920000,s,m,
1526268116.3352,8511.00000,0.38998770,s,l,
1526311807.2132,8756.60000,0.10000000,s,l,
1526269181.4783,8417.00000,0.01378536,b,m,
1526234034.7647,8575.30000,0.11288418,b,m,
1526203648.041,8485.80000,0.00210179,b,m,
1526203649.842,8478.80000,0.03750000,s,l,
1526203650.173,8479.40000,0.03750000,s,l,
1526268118.1173,8511.00000,0.01900000,s,l,
1526203655.5476,8494.80000,0.04990000,b,m,
1526203657.6052,8495.10000,0.19810000,s,l,
1526269195.2415,8402.00000,0.12100000,s,m,
1526269196.8348,8404.70000,0.10620000,b,l,
1526267629.3735,8600.00000,0.00310000,s,l,
1526297744.8712,8426.00000,0.00001873,b,l,
1526203665.6311,8496.90000,0.02854192,s,l,
1526269202.213,8402.60000,0.18000000,s,l,
1526203668.9325,8501.80000,0.04130765,b,l,
1526205139.109,8570.20000,0.52286056,s,m,
1526187962.9655,8359.90000,0.74374161,s,m,
1526203676.47,8539.50000,0.20000000,b,m,
1526203677.4859,8510.40000,0.04990000,b,l,
1526269214.9718,8402.20000,0.02113361,s,l,
1526289888.5306,8400.00000,0.02793523,s,m,
1526203680.5218,8517.70000,0.00240000,s,l,
1526203681.3313,8517.90000,0.04170000,s,l,
1526269218.2108,8406.50000,0.00500000,b,m,
1526203683.4896,8528.50000,0.17840000,s,l,
1526203684.9335,8545.80000,0.02000000,b,m,
1526203685.1897,8546.00000,0.41492470,b,l,
1526203686.4346,8550.00000,0.02063678,b,l,
1526203687.968,8550.00000,0.02500000,b,m,
1526203688.1684,8541.10000,0.07480000,s,l,
1526233509.1492,8602.20000,0.97118575,b,m,
1526269226.5994,8408.90000,0.03120000,b,l,
1526269375.0472,8413.50000,0.07629619,b,m,
1526269228.8639,8408.90000,0.04330000,b,l,
1526203693.2336,8550.10000,0.00213962,s,l,
1526248785.527,8642.20000,0.48745869,s,m,
1526203696.7126,8555.40000,0.05000000,b,m,
1526203698.5021,8554.50000,0.01204819,s,l,
1526203700.291,8558.50000,0.04972517,b,m,
1526269237.2641,8402.60000,0.00000023,s,m,
1526203702.5133,8575.30000,0.02712737,b,m,
1526203703.8247,8565.60000,0.07500000,s,l,
1526269240.8777,8401.00000,0.05000000,s,l,
1526203706.5805,8576.50000,0.12500000,b,m,
1526268127.6997,8511.90000,0.20980000,b,l,
1526203709.0805,8569.00000,0.06312633,b,l,
1526203711.7036,8569.00000,0.22349157,b,l,
1526203713.4565,8573.40000,0.01830000,s,l,
1526203714.1068,8573.40000,0.00290000,s,l,
1526203715.0185,8573.70000,0.02820000,s,l,
1526203717.2586,8573.50000,0.07500000,s,l,
1526269254.5627,8402.40000,0.44342170,b,l,
1526268129.5407,8511.90000,0.05850000,b,l,
1526269256.986,8401.90000,0.01000000,b,m,
1526269258.4109,8401.00000,0.60000000,s,m,
1526269259.5076,8401.00000,0.12430000,s,l,
1526271121.3533,8433.00000,0.85812947,b,m,
1526203725.6881,8572.80000,1.90290000,s,l,
1526203726.0643,8572.80000,0.11126384,s,l,
1526269264.2125,8401.00000,3.00000000,s,m,
1526269265.4074,8401.00000,0.07830000,s,l,
1526255333.6029,8691.30000,0.00547661,s,l,
1526203732.118,8571.90000,0.01518927,s,l,
1526269269.2669,8401.00000,0.00375857,s,l,
1526269272.2151,8401.00000,0.33244000,s,l,
1526268132.8884,8501.40000,0.23060000,s,m,
1526203738.1642,8573.40000,0.22260000,b,l,
1526269275.2383,8401.10000,0.00937924,s,l,
1526203740.0137,8576.30000,0.11600000,s,l,
1526203741.6938,8572.00000,0.05420126,s,l,
1526269279.1422,8402.60000,0.20000000,b,l,
1526203744.3002,8571.90000,1.63999378,s,l,
1526203745.9006,8571.90000,0.05735036,s,l,
1526203746.4185,8571.80000,0.11600000,s,l,
1526203747.4384,8571.60000,0.26080538,s,l,
1526269284.4811,8401.00000,0.89227207,s,l,
1526203750.0713,8568.20000,0.33015118,s,l,
1526203751.2528,8568.10000,0.11600000,s,l,
1526308616.01,8800.00000,0.05000000,b,m,
1526269291.9713,8402.50000,0.07100000,b,l,
1526308761.0788,8770.80000,0.01000000,b,m,
1526311826.4348,8756.60000,0.00685197,s,l,
1526264063.4668,8676.10000,0.00453206,s,l,
1526247942.3797,8709.00000,0.22324800,b,m,
1526203763.6507,8569.00000,0.03263554,s,l,
1526203769.5301,8585.00000,0.23299788,s,l,
1526203771.5042,8585.00000,0.08084100,s,l,
1526203773.246,8585.00000,0.01600000,s,l,
1526203774.2719,8585.10000,0.10000000,b,m,
1526279061.8163,8387.80000,0.00305357,b,m,
1526256747.1795,8608.00000,0.01093698,s,m,
1526203777.4512,8585.00000,0.14443320,s,l,
1526203778.4797,8585.00000,0.32330800,s,l,
1526203779.2082,8585.00000,0.11093596,s,l,
1526311467.8095,8736.00000,0.26746078,b,m,
1526203782.5867,8585.00000,0.02811212,s,l,
1526203784.18,8585.10000,0.06000000,b,m,
1526203788.915,8585.00000,0.00837086,s,l,
1526203789.4423,8585.10000,0.06000000,b,m,
1526269326.0881,8401.70000,0.00563852,b,l,
1526203792.5269,8585.10000,0.84750000,b,m,
1526253332.0321,8726.60000,0.00300000,b,m,
1526289987.003,8424.70000,1.05444108,b,m,
1526318258.5151,8748.80000,0.94515430,s,l,
1526306183.792,8710.00000,0.10000000,b,m,
1526269337.6504,8401.10000,0.01000000,s,m,
1526269338.8793,8401.20000,0.01270371,b,l,
1526203803.7255,8585.00000,0.10000000,s,m,
1526311834.6386,8751.40000,0.27578664,s,l,
1526269342.442,8406.70000,0.00988312,b,l,
1526269345.0215,8406.80000,0.00974165,b,l,
1526203811.6923,8590.00000,0.00256837,b,m,
1526222606.9666,8590.00000,0.01163795,b,l,
1526269352.4888,8413.30000,1.00000000,s,l,
1526285088.5374,8380.20000,0.00500000,s,m,
1526202610.498,8391.00000,0.07026763,s,m,
1526269358.9096,8413.40000,1.00000000,s,l,
1526269361.7837,8413.50000,0.00400000,b,l,
1526235379.3717,8586.10000,0.08694038,s,l,
1526269364.3827,8413.40000,0.40100000,s,l,
1526203829.9174,8587.80000,0.12377210,s,l,
1526224457.3668,8600.00000,0.02100000,b,m,
1526268148.9628,8501.20000,0.05700000,b,l,
1526203836.339,8587.20000,1.00000000,b,l,
1526224458.9304,8600.00000,0.00540000,b,l,
1526269375.0568,8413.50000,0.85330381,b,m,
1526311840.2232,8750.60000,0.21830000,s,l,
1526203843.5983,8583.00000,0.10000000,b,m,
1526312837.1151,8815.90000,0.15836692,b,m,
1526315657.9806,8780.10000,0.00000979,b,l,
1526269384.8934,8414.00000,0.23180000,s,l,
1526268151.4385,8501.20000,0.19051555,b,l,
1526246306.9629,8720.00000,0.10000000,s,l,
1526270694.0674,8418.80000,0.02198695,b,m,
1526203856.3614,8582.90000,0.10490000,s,l,
1526312832.6868,8797.00000,0.12500000,b,l,
1526311843.7699,8750.60000,0.06310000,s,l,
1526269405.8798,8409.90000,0.01000000,s,m,
1526313894.5692,8778.00000,0.00000001,b,l,
1526269409.3579,8416.00000,1.00000000,b,m,
1526202702.7576,8416.40000,0.93941059,s,l,
1526203876.4632,8583.50000,0.05000000,s,m,
1526203877.5411,8583.50000,0.00099840,s,m,
1526269419.9445,8414.50000,0.23768495,b,l,
1526195358.2996,8447.80000,1.00000000,s,l,
1526312077.4695,8749.60000,0.09185041,s,m,
1526269426.2947,8410.30000,0.50000000,s,l,
1526268158.8084,8501.00000,0.09191600,s,m,
1526311849.7077,8743.80000,0.00780000,s,l,
1526202623.5842,8396.20000,0.00094220,b,l,
1526203902.2659,8578.00000,0.05491578,s,l,
1526203903.1842,8578.00000,0.75987822,s,l,
1526203904.167,8578.00000,0.47153537,s,l,
1526240063.2768,8617.00000,0.20330000,b,l,
1526203906.799,8578.10000,0.19389032,s,l,
1526203907.2292,8578.10000,0.06173514,s,l,
1526203912.9834,8578.00000,0.49427000,s,l,
1526311852.6133,8749.00000,0.03190000,s,l,
1526203914.0313,8578.00000,0.00230000,s,l,
1526313824.9912,8779.90000,0.63621072,b,m,
1526311853.1851,8743.90000,0.67500000,s,l,
1526203921.673,8580.20000,0.00433374,s,l,
1526269459.2383,8420.00000,0.92696941,b,l,
1526203928.8217,8582.30000,0.00385464,s,l,
1526268164.0596,8501.00000,0.02600000,s,l,
1526244499.1136,8695.70000,0.04272000,s,m,
1526311856.3096,8737.80000,0.26329061,s,l,
1526222606.2199,8590.00000,0.19090078,b,l,
1526255340.7343,8691.20000,3.00000000,s,m,
1526269478.6981,8418.20000,0.00000044,s,l,
1526203943.4255,8582.60000,0.00685670,b,l,
1526306174.6207,8667.10000,0.10000000,b,m,
1526256460.7201,8655.40000,0.02000000,s,l,
1526269483.3502,8423.00000,0.00000001,b,l,
1526234510.1173,8584.10000,2.51200000,b,l,
1526264800.3782,8649.70000,0.20253394,b,l,
1526203954.2144,8582.50000,0.00834935,s,l,
1526269491.506,8423.10000,1.89146454,s,l,
1526267658.6091,8580.50000,0.01647500,s,l,
1526268169.7098,8500.00000,0.24663093,s,l,
1526203961.6414,8580.30000,0.03230858,s,m,
1526268170.0108,8472.90000,0.00473515,s,m,
1526269502.9706,8423.20000,0.00091695,b,l,
1526222607.1866,8590.00000,0.13383901,b,l,
1526269505.8555,8423.20000,0.00761242,b,l,
1526203971.2031,8586.80000,0.01910000,s,l,
1526305968.037,8590.00000,1.99761536,b,m,
1526203976.343,8586.80000,0.10304758,s,l,
1526246327.3573,8704.50000,0.11200000,s,l,
1526269516.5728,8427.70000,0.08130000,s,l,
1526254467.5634,8684.60000,2.29900000,s,l,
1526269519.0831,8427.70000,0.00340000,s,l,
1526268174.5022,8484.80000,0.01249465,s,m,
1526269528.6865,8427.90000,0.01798749,b,l,
1526203994.7781,8593.00000,0.43024408,b,m,
1526298987.6323,8431.30000,0.18444716,b,m,
1526269533.0325,8433.40000,0.00450000,b,l,
1526222608.0288,8590.00000,0.17062806,b,l,
1526224485.6182,8600.00000,0.13733492,s,l,
1526269539.7649,8429.10000,0.32330000,s,l,
1526223130.5463,8594.80000,0.00843371,b,l,
1526312081.9952,8751.90000,0.02106078,b,l,
1526204010.8238,8591.80000,0.00338001,b,l,
1526204011.0844,8591.80000,0.27000000,b,l,
1526204012.1426,8591.80000,0.03158239,b,l,
1526204013.1439,8591.90000,0.15966240,b,l,
1526298367.056,8399.90000,0.50000000,b,m,
1526199961.9596,8406.00000,0.69000000,s,m,
1526205061.793,8599.00000,0.05824820,s,l,
1526204017.0628,8591.90000,0.17000000,b,l,
1526269555.5563,8441.20000,0.02890000,b,l,
1526204023.3372,8594.00000,0.05000000,b,m,
1526204024.789,8600.00000,0.49360000,b,l,
1526204026.7798,8600.00000,0.01000000,b,l,
1526318821.4991,8719.30000,0.10610000,s,m,
1526204030.2747,8598.40000,1.05441427,b,l,
1526204034.1046,8598.30000,0.06000000,s,l,
1526268182.2575,8476.90000,0.06460000,b,l,
1526204039.1735,8598.30000,0.10630000,s,l,
1526204042.1835,8600.00000,0.01250000,s,l,
1526268437.9201,8460.90000,0.03450000,s,m,
1526246338.3757,8700.00000,0.00516000,s,l,
1526305931.9643,8563.70000,4.59008049,b,m,
1526269583.6775,8431.40000,0.01000000,s,l,
1526311164.136,8710.60000,1.00000000,s,l,
1526269586.1073,8431.40000,0.04000000,s,l,
1526269587.8335,8431.40000,0.05000000,s,l,
1526204057.837,8602.00000,0.04442463,b,l,
1526204059.7203,8602.00000,0.04013000,b,m,
1526204060.9141,8601.90000,1.95890000,s,l,
1526204062.6768,8600.00000,0.96201765,s,l,
1526204063.0539,8600.00000,0.00811797,b,l,
1526204070.6012,8591.30000,0.00465587,s,m,
1526204071.2988,8589.30000,0.03431000,s,m,
1526269814.2689,8420.20000,0.44000000,s,l,
1526202653.7116,8390.00000,14.91690000,b,l,
1526269617.0565,8425.00000,1.00000000,s,l,
1526257527.7824,8637.10000,0.01720000,s,l,
1526202654.2723,8430.00000,0.03630000,s,l,
1526247942.3235,8699.00000,3.10000000,b,m,
1526204090.4964,8596.40000,0.33349999,b,m,
1526244185.0545,8699.70000,1.00000000,s,m,
1526204098.3841,8591.30000,0.00720682,s,l,
1526253163.4673,8710.80000,0.00225208,s,l,
1526204100.6225,8596.30000,0.12040000,b,l,
1526204103.7432,8582.30000,0.02000000,s,m,
1526292946.9611,8350.30000,0.12230446,s,m,
1526204106.6205,8582.10000,0.02330072,s,l,
1526268194.43,8471.30000,0.09481272,s,m,
1526204111.7717,8582.00000,0.16950000,b,l,
1526267632.7499,8592.30000,0.43003016,s,m,
1526319170.7723,8702.20000,0.00820000,s,m,
1526269657.1767,8425.10000,0.01000000,b,l,
1526305538.1196,8374.30000,0.00279664,b,l,
1526311887.7353,8738.90000,0.15300000,s,l,
1526204124.756,8582.00000,0.04310000,b,l,
1526275389.8466,8356.40000,0.46040000,b,m,
1526244435.117,8739.70000,0.01400000,b,l,
1526268199.2667,8470.00000,0.17700000,s,m,
1526312150.6806,8740.80000,0.00000001,b,l,
1526217534.5245,8517.30000,0.11021924,s,l,
1526198608.5592,8456.90000,0.18820000,b,m,
1526202664.6596,8397.50000,0.36000000,s,l,
1526246355.1245,8673.00000,0.28012378,s,m,
1526269687.8417,8436.90000,1.00000000,s,l,
1526296810.5649,8438.00000,0.05978034,b,m,
1526274591.0233,8330.00000,0.11492156,s,l,
1526253760.8883,8700.00000,1.00000000,s,m,
1526206093.5244,8549.80000,0.07000000,s,l,
1526235437.8037,8595.00000,0.05000000,b,l,
1526204176.7675,8581.90000,0.01057479,b,m,
1526213592.547,8539.70000,0.75000000,s,m,
1526285007.4577,8380.30000,0.02674941,b,l,
1526305881.6984,8492.50000,0.50000000,b,m,
1526233254.1364,8580.00000,0.00470000,b,m,
1526204187.2215,8581.90000,2.00000000,s,l,
1526269728.9166,8444.90000,1.00000000,b,m,
1526311899.3557,8742.10000,0.00000732,b,l,
1526204197.4821,8582.00000,0.05000000,b,m,
1526269741.1339,8440.00000,0.61170386,s,l,
1526204210.2163,8582.00000,0.22950000,b,l,
1526268211.5527,8464.20000,0.07430000,b,l,
1526223512.9123,8628.90000,0.01000000,b,m,
1526256285.3936,8668.40000,0.02000000,s,m,
1526269753.1469,8436.10000,0.00800000,b,l,
1526309954.0397,8745.20000,0.02002298,s,m,
1526286400.2558,8381.20000,0.20000000,s,m,
1526206312.4179,8570.00000,0.01315768,b,m,
1526269757.4882,8436.10000,0.10000000,b,m,
1526204222.1546,8582.00000,0.10000000,b,l,
1526269759.2171,8436.00000,0.01000000,s,l,
1526204224.4648,8582.00000,0.08720000,b,l,
1526200793.9443,8433.60000,0.66563503,b,l,
1526308659.7461,8804.00000,0.71239148,b,m,
1526204233.6496,8581.90000,0.10000000,s,m,
1526268215.4967,8464.20000,0.05492231,b,l,
1526269775.9159,8436.00000,0.66100000,s,m,
1526210386.0248,8557.10000,0.00468690,s,m,
1526245374.5809,8703.00000,1.56216894,s,m,
1526253168.7169,8710.00000,0.00800000,b,l,
1526303360.2227,8380.00000,1.74425443,s,m,
1526290063.7108,8425.20000,1.00000000,b,l,
1526204252.6776,8582.00000,0.00670000,b,l,
1526268219.7044,8464.20000,0.00300000,b,l,
1526269798.7396,8426.00000,0.05000000,s,l,
1526267633.8218,8592.30000,0.11894428,b,l,
1526269801.6735,8426.00000,0.01186239,b,l,
1526197965.4828,8447.00000,0.41000000,s,m,
1526269807.4398,8420.30000,0.09000000,s,l,
1526309460.4786,8748.30000,0.01253211,s,m,
1526269810.2726,8420.30000,0.06000000,s,l,
1526268222.6033,8464.20000,0.12343823,b,m,
1526269814.1375,8420.40000,0.15000000,b,m,
1526269816.5797,8406.60000,0.06000000,s,m,
1526195619.2684,8418.00000,0.03000000,b,l,
1526303422.1843,8362.70000,0.45923676,s,m,
1526268224.4315,8463.90000,0.01437921,b,l,
1526204290.9408,8580.70000,0.25000000,b,m,
1526279147.2817,8391.30000,1.77151209,b,m,
1526204292.8771,8580.70000,0.11896587,b,l,
1526269830.6284,8416.20000,0.02990000,s,l,
1526308849.4654,8768.30000,0.19278301,s,l,
1526204296.4668,8578.00000,0.00599754,s,m,
1526204299.4611,8580.50000,0.09630000,b,l,
1526204301.9474,8579.70000,0.04360000,b,l,
1526204306.8183,8579.60000,0.03830000,b,l,
1526246382.2019,8671.10000,0.01932367,s,m,
1526235460.7937,8602.40000,0.04312610,b,m,
1526204318.7951,8578.50000,0.05000000,s,m,
1526269859.83,8413.70000,0.04983934,s,l,
1526199910.5791,8409.20000,0.43024377,s,m,
1526269862.9226,8413.80000,0.05191097,b,l,
1526317872.528,8753.50000,0.00122710,b,l,
1526268231.4228,8464.10000,0.08710000,b,l,
1526311347.1518,8727.70000,0.00100000,b,m,
1526254540.0779,8677.00000,4.99655687,b,l,
1526246387.9044,8680.00000,0.01330000,b,l,
1526246181.8453,8723.90000,0.02000000,s,m,
1526269881.708,8417.40000,0.01000000,s,m,
1526268234.2538,8462.00000,1.00000000,s,l,
1526269888.286,8416.70000,0.22848791,s,l,
1526268235.0387,8460.00000,0.10000000,s,m,
1526311926.7419,8755.10000,0.00459331,b,m,
1526305695.475,8405.00000,0.00003694,b,m,
1526268236.9615,8464.20000,0.01030000,s,m,
1526204362.8262,8573.40000,0.11531326,s,l,
1526269900.27,8416.70000,0.02818804,s,m,
1526295130.4082,8389.90000,0.81920000,s,m,
1526204369.3848,8570.30000,0.01728000,s,m,
1526312832.7344,8800.00000,0.00588000,b,l,
1526307016.2942,8731.00000,0.25424980,b,l,
1526202702.7519,8416.50000,0.04950000,s,l,
1526269816.5824,8405.10000,0.98783724,s,m,
1526269912.08,8420.00000,0.50000000,b,l,
1526204377.5259,8569.00000,0.46550620,s,m,
1526202703.7271,8420.30000,0.45000000,b,m,
1526269920.3729,8420.00000,0.10140000,s,l,
1526266930.1704,8637.00000,0.62882784,b,m,
1526269923.0559,8420.10000,0.13590000,s,l,
1526254465.3959,8691.00000,0.00030000,s,l,
1526279164.094,8385.10000,0.01789407,s,l,
1526204398.5249,8572.10000,0.00000002,s,m,
1526269935.2062,8427.10000,0.18035021,b,m,
1526264643.9472,8641.00000,0.20880000,b,l,
1526290089.5744,8425.00000,0.03280000,b,m,
1526269945.2082,8420.20000,0.00290000,s,l,
1526213592.5443,8539.80000,0.02840000,s,m,
1526274996.7188,8312.80000,0.03116546,b,l,
1526279168.5462,8385.00000,1.00000000,s,l,
1526269955.2638,8420.90000,0.10000000,s,l,
1526268246.9389,8463.90000,2.36300000,b,l,
1526269959.2354,8420.90000,0.08210000,b,l,
1526246402.5082,8679.60000,0.01106266,b,m,
1526204430.5772,8576.60000,0.01787410,s,l,
1526257325.4371,8632.50000,0.12288585,s,l,
1526204435.9448,8572.00000,0.16560000,b,l,
1526229532.0178,8673.00000,0.69888179,b,l,
1526269973.2054,8422.00000,0.11330000,b,l,
1526268249.9648,8465.00000,4.85000000,b,l,
1526267704.7403,8538.10000,0.01758295,s,l,
1526204451.5922,8566.20000,0.00730000,s,m,
1526268252.8861,8468.40000,0.07100000,b,m,
1526246407.3996,8675.00000,0.00250000,s,m,
1526270006.2455,8422.50000,0.00410290,b,l,
1526270013.6531,8420.40000,0.81066688,s,l,
1526246382.2189,8668.30000,1.15546569,s,m,
1526246411.6987,8680.90000,0.50000000,b,m,
1526270020.047,8418.00000,0.40000000,s,m,
1526270022.8155,8420.20000,0.00720000,s,l,
1526231074.8709,8650.00000,0.02000000,s,l,
1526228255.0002,8628.90000,0.23210000,s,l,
1526270033.3269,8423.00000,0.00943163,b,m,
1526267705.9178,8527.00000,0.04672944,s,m,
1526268260.4499,8467.60000,0.00293143,b,m,
1526204508.8151,8570.80000,0.01000000,b,m,
1526314280.9743,8750.00000,0.00615603,s,l,
1526204515.8512,8568.40000,0.90806841,s,l,
1526268262.2609,8473.60000,0.01000000,b,m,
1526273064.994,8383.00000,0.08933635,b,m,
1526246418.325,8675.30000,0.01000000,s,l,
1526316790.4605,8746.90000,0.15058076,s,m,
1526268696.7835,8450.00000,0.20000000,s,m,
1526226535.6319,8621.00000,0.05000000,b,m,
1526314281.5773,8750.00000,0.00029176,s,l,
1526270079.7946,8417.10000,0.00256837,b,m,
1526204558.9747,8557.10000,0.41000000,s,m,
1526313110.5625,8756.70000,4.95205211,s,m,
1526204560.9836,8570.00000,0.00436828,b,l,
1526270099.179,8417.00000,0.13560000,s,l,
1526204565.6975,8570.00000,0.00000019,s,l,
1526270102.5882,8417.10000,0.01500000,b,l,
1526228386.9484,8650.00000,0.03000000,b,m,
1526234034.7545,8574.90000,0.31613040,b,m,
1526268272.9904,8474.90000,0.18490000,b,l,
1526308134.7021,8720.80000,0.78900000,b,l,
1526224582.8529,8600.10000,0.01200000,b,l,
1526270119.4358,8417.10000,0.03500000,b,l,
1526246428.8977,8683.20000,0.00099956,b,l,
1526270125.4904,8417.00000,0.23220000,s,l,
1526270126.6887,8417.00000,0.01000000,s,l,
1526319170.768,8702.20000,0.00200000,s,m,
1526266273.7086,8606.00000,0.03389694,s,l,
1526270131.9414,8417.00000,0.04900000,s,l,
1526270132.7256,8417.00000,2.56320000,s,l,
1526204597.0811,8568.90000,0.00220857,b,m,
1526270135.5662,8417.10000,0.00256837,b,l,
1526204600.4971,8568.60000,0.03930000,b,l,
1526265453.687,8620.00000,0.00407076,s,l,
1526270139.9284,8414.00000,2.81842513,s,l,
1526270141.8581,8410.00000,0.05000000,s,l,
1526270145.3499,8405.10000,0.02278000,s,m,
1526270146.9375,8405.00000,0.10580000,s,l,
1526226993.4659,8622.90000,0.01892954,s,m,
1526305931.8121,8539.20000,0.28070000,b,m,
1526268456.7804,8461.00000,0.12420000,b,l,
1526270152.9627,8405.00000,0.01000000,s,l,
1526268279.4743,8475.00000,0.10000000,b,m,
1526246434.113,8692.00000,0.21567300,b,m,
1526270158.1194,8405.00000,0.01000000,s,m,
1526299008.7597,8427.90000,0.00100000,b,m,
1526246435.037,8681.30000,0.17300000,s,l,
1526270167.7623,8405.00000,0.23250000,s,l,
1526270169.0539,8405.00000,0.03391945,s,l,
1526254542.6505,8677.40000,1.00000000,b,l,
1526270173.7372,8405.10000,0.02400000,b,l,
1526270175.8559,8405.10000,0.19560000,b,l,
1526303373.8447,8377.10000,0.05960000,s,l,
1526204641.4271,8569.90000,0.08272700,b,m,
1526224593.2741,8600.10000,0.01457078,b,l,
1526300273.6569,8397.60000,0.23476408,b,l,
1526306001.8186,8625.10000,0.09083485,s,l,
1526270193.8096,8401.90000,0.02340000,s,l,
1526270194.9621,8402.00000,0.02500000,b,l,
1526270196.115,8402.00000,0.00179234,b,l,
1526314285.6651,8750.00000,1.34290859,s,l,
1526311977.6908,8750.20000,0.40200000,s,l,
1526270201.9746,8402.10000,0.00300000,b,l,
1526270202.2579,8405.10000,0.00212822,b,l,
1526204667.5689,8569.10000,0.08271700,b,m,
1526270204.461,8402.50000,0.00522341,s,m,
1526234034.7349,8574.80000,0.64989237,b,m,
1526270208.3168,8402.60000,0.01000000,s,m,
1526268288.4149,8485.80000,0.15000000,b,m,
1526270215.9056,8402.80000,0.00204918,b,l,
1526270220.1273,8411.90000,0.10000000,s,l,
1526268290.6402,8476.10000,0.00000044,s,l,
1526246445.9248,8696.60000,0.16700000,b,m,
1526194383.2511,8463.00000,0.01394476,b,l,
1526249305.6512,8692.10000,0.00307513,s,l,
1526270229.3026,8412.00000,0.03852341,s,m,
1526294646.0879,8433.40000,0.10631632,b,m,
1526235525.7002,8605.00000,0.26684118,s,l,
1526213680.8653,8543.70000,0.00200000,s,m,
1526271564.3041,8405.10000,0.97900622,s,l,
1526270245.353,8409.40000,1.00000000,s,l,
1526268295.8509,8478.70000,1.06179919,s,m,
1526246450.0193,8699.80000,0.25000000,b,m,
1526204727.3083,8568.80000,0.00287949,s,l,
1526229665.7765,8667.10000,0.05655433,s,l,
1526279220.2239,8380.20000,0.13203904,s,l,
1526270267.1864,8407.90000,0.12470000,b,l,
1526318652.9165,8751.10000,0.02808076,s,l,
1526245266.6007,8710.10000,0.00200000,s,m,
1526224608.7035,8603.40000,0.00750000,s,m,
1526301067.3167,8390.30000,0.00559056,b,l,
1526283518.7149,8370.10000,0.00350000,b,l,
1526308675.9683,8792.50000,1.79000000,b,m,
1526231362.6526,8668.90000,0.01691550,b,l,
1526222633.363,8589.00000,0.14408430,b,l,
1526262298.3129,8691.00000,0.00918750,b,m,
1526246457.1227,8704.20000,0.39553155,b,m,
1526193440.9894,8495.00000,0.13550000,b,l,
1526257383.0265,8634.30000,0.10940000,s,l,
1526204783.4506,8568.00000,0.01156649,b,l,
1526244457.2635,8739.80000,0.49000000,b,m,
1526270329.8427,8406.90000,0.02385236,b,l,
1526270331.5476,8407.10000,0.17080000,s,l,
1526246687.5309,8702.80000,0.00000044,s,m,
1526204797.9991,8567.00000,0.00224359,b,l,
1526268073.6113,8518.30000,0.15000000,b,m,
1526203648.1057,8500.00000,0.00500000,b,m,
1526233952.9972,8563.20000,0.04000000,s,l,
1526270348.0328,8408.00000,0.05000000,s,l,
1526204814.9484,8567.00000,0.01333826,b,l,
1526257389.5705,8634.40000,0.10000000,b,m,
1526204820.4213,8568.00000,0.48555402,b,l,
1526270360.76,8408.00000,0.17000000,s,m,
1526204825.033,8578.20000,0.02570000,b,l,
1526188203.1335,8380.50000,0.01135491,s,l,
1526308663.3908,8791.70000,0.11496034,s,l,
1526204830.699,8578.10000,0.97900622,b,l,
1526227047.9603,8614.10000,0.00316569,b,m,
1526191856.6814,8368.30000,0.80000000,s,l,
1526246470.1798,8709.00000,0.28020000,b,m,
1526204838.4346,8581.00000,0.10000000,b,l,
1526187720.5784,8344.50000,0.00348338,b,l,
1526224004.8543,8623.50000,0.00156819,b,l,
1526204855.2513,8581.00000,0.15000000,b,m,
1526309927.977,8744.80000,0.00820165,b,l,
1526202783.1924,8419.80000,0.01200000,b,m,
1526270398.1754,8408.00000,2.28000000,s,l,
1526204863.8352,8586.10000,0.05826000,b,m,
1526195984.2294,8455.10000,0.50000000,b,m,
1526256455.49,8655.40000,0.02865789,s,l,
1526307485.7338,8741.90000,0.00000001,b,l,
1526314292.7193,8750.00000,0.02150000,s,l,
1526204874.4126,8588.70000,0.00500000,b,m,
1526204880.7379,8588.60000,0.00696466,s,l,
1526204882.9405,8590.40000,0.03900000,b,m,
1526271887.3481,8346.90000,0.08761682,s,m,
1526204888.7434,8590.40000,0.08500000,b,m,
1526312155.3028,8740.00000,0.01143950,b,l,
1526270430.3878,8410.20000,0.00651796,b,l,
1526270431.8833,8411.50000,1.00000000,b,l,
1526204897.5719,8594.00000,0.04150000,b,l,
1526270437.0491,8417.10000,0.02319385,b,l,
1526270439.9298,8423.20000,1.00000000,s,l,
1526270441.0737,8422.50000,0.07833605,s,l,
1526204908.3743,8598.60000,0.07650000,b,l,
1526312111.3874,8731.10000,0.15993658,s,l,
1526270447.3182,8422.50000,0.07827746,s,l,
1526204916.8597,8598.50000,0.00355880,s,l,
1526215537.4643,8546.00000,0.00100000,s,l,
1526275013.1604,8324.90000,0.00245830,s,m,
1526270462.1835,8426.40000,0.10000000,b,m,
1526309199.3783,8762.90000,0.00240318,s,l,
1526306045.6218,8620.10000,0.22798283,s,l,
1526244483.9348,8717.30000,2.99900000,b,m,
1526312059.4096,8751.30000,0.00000982,b,l,
1526204942.809,8595.40000,0.78800000,b,l,
1526204944.1306,8595.30000,0.00214232,s,l,
1526309930.6171,8744.60000,0.08320000,b,l,
1526306918.272,8682.00000,0.00498955,s,l,
1526204958.3481,8598.80000,0.00220000,s,l,
1526269133.7501,8421.00000,0.03000000,s,l,
1526204968.3671,8604.10000,0.05000000,b,m,
1526244463.9837,8739.00000,1.97200000,s,l,
1526203648.0504,8488.00000,0.25000000,b,m,
1526246493.2225,8707.90000,0.00981070,b,m,
1526270512.6499,8422.80000,0.69999999,b,m,
1526200818.2138,8433.70000,0.02000000,b,m,
1526304660.4355,8319.00000,0.15809912,s,l,
1526308664.2189,8780.10000,0.14945247,s,l,
1526279262.789,8395.00000,0.03000000,b,l,
1526257163.893,8609.90000,0.11560000,s,l,
1526235777.7892,8632.70000,2.10424307,b,m,
1526268169.68,8500.00000,0.03000000,s,l,
1526204991.765,8599.10000,0.00211520,s,l,
1526279264.9864,8400.00000,0.01200000,b,l,
1526279265.0074,8407.90000,0.42570900,b,m,
1526257420.4764,8636.10000,0.00029569,s,m,
1526305609.1294,8379.00000,0.00000044,s,l,
1526270542.6148,8428.70000,0.05000000,b,l,
1526268344.0627,8474.90000,0.04302806,s,l,
1526244183.652,8700.00000,0.05120000,b,m,
1526305929.4823,8516.00000,0.02000000,b,m,
1526313158.0657,8779.20000,0.38931449,b,m,
1526213734.8859,8543.80000,0.10330000,b,l,
1526270568.0197,8426.00000,0.05000000,b,m,
1526268348.0351,8474.90000,0.00099956,b,m,
1526205034.6646,8599.00000,0.00100000,s,l,
1526218278.7694,8512.30000,0.01233730,s,l,
1526267714.4974,8520.60000,0.04570000,b,l,
1526307751.7598,8701.00000,0.00300000,s,m,
1526196508.8764,8443.80000,0.00100000,b,m,
1526257429.3063,8636.10000,0.00199026,s,m,
1526213739.7551,8543.80000,0.00836843,b,l,
1526228550.9445,8684.60000,0.01642601,b,m,
1526316627.7542,8731.60000,2.86785499,s,m,
1526268471.3174,8461.00000,2.00000000,b,l,
1526270605.7246,8419.70000,0.01044422,b,l,
1526311164.1174,8720.10000,0.29000000,s,l,
1526305684.2262,8403.40000,1.61583915,b,m,
1526205080.9174,8590.00000,0.02034066,s,m,
1526270617.7762,8412.00000,0.01453023,s,m,
1526228550.7811,8675.00000,0.60000000,b,m,
1526220462.0729,8576.40000,0.00267540,b,l,
1526270624.2438,8410.90000,0.02000000,s,m,
1526244467.1467,8725.20000,0.06000000,s,l,
1526271590.7063,8400.20000,0.44930000,s,l,
1526242285.3484,8635.00000,0.02578500,b,l,
1526312050.2932,8751.40000,0.25101781,s,l,
1526248435.0972,8691.70000,0.00703384,s,m,
1526270665.3144,8411.10000,0.00000041,s,l,
1526248833.9247,8665.10000,0.01271533,b,m,
1526283249.4172,8356.00000,0.09000000,b,l,
1526205139.0878,8574.90000,0.00976748,s,m,
1526264109.6302,8659.00000,0.80000000,s,m,
1526270694.1107,8415.20000,0.05000000,s,m,
1526205145.074,8580.90000,0.10000000,b,l,
1526270685.8017,8418.70000,0.00500000,s,m,
1526270687.2495,8418.70000,0.97000000,s,l,
1526306528.5297,8735.80000,1.00000000,b,m,
1526268368.7068,8460.00000,0.01248816,s,l,
1526312059.4169,8751.40000,0.04140502,b,l,
1526270692.9788,8418.70000,1.00000000,s,l,
1526270694.105,8415.20000,0.20160723,s,m,
1526270695.5253,8415.10000,0.06879991,s,m,
1526312060.9571,8749.70000,0.00485738,s,l,
1526269046.5057,8420.30000,0.18637000,s,l,
1526298372.9495,8391.50000,0.94062506,s,m,
1526270717.5747,8418.40000,1.00000000,s,l,
1526318667.1963,8745.00000,0.04144576,s,m,
1526265191.6138,8633.80000,0.37770000,b,m,
1526268374.7896,8455.60000,0.06000000,s,m,
1526270727.4848,8417.90000,0.10000000,b,l,
1526270728.8518,8417.80000,1.00000000,s,l,
1526203702.4589,8569.00000,0.02768152,b,m,
1526270734.3096,8415.10000,0.80000000,s,m,
1526203792.5402,8588.10000,0.70000000,b,m,
1526296845.7543,8435.80000,0.00851941,b,l,
1526235609.6291,8616.80000,0.00269207,b,l,
1526270744.7705,8411.20000,0.05000000,s,l,
1526273847.6814,8365.80000,0.04293608,s,l,
1526194937.0398,8458.00000,0.06000000,b,m,
1526256772.5592,8608.00000,0.01457078,s,l,
1526305963.7165,8616.80000,1.13305003,b,m,
1526205228.1158,8580.00000,0.08460000,b,l,
1526233943.3602,8567.00000,0.00100000,s,m,
1526318704.463,8740.90000,0.00499000,b,l,
1526297318.59,8445.50000,0.00000001,b,l,
1526279388.1191,8406.10000,0.01180000,b,l,
1526270774.7672,8411.10000,0.04500000,s,m,
1526244472.7656,8721.90000,0.02000000,b,m,
1526268383.7227,8457.00000,0.03500000,b,l,
1526289462.6213,8438.60000,0.00994862,b,l,
1526205247.7408,8579.00000,0.01000000,s,l,
1526279307.7331,8405.20000,0.64870000,b,l,
1526270790.9864,8413.00000,0.02790000,s,l,
1526205255.1673,8580.00000,0.00012156,b,l,
1526270793.9715,8415.90000,0.22848791,b,l,
1526312077.4837,8742.70000,0.10414959,s,m,
1526205264.0953,8587.80000,0.05785768,s,l,
1526270802.1369,8416.00000,0.00051209,b,l,
1526270803.8586,8416.00000,0.05948791,b,l,
1526256292.9099,8675.80000,0.20000000,b,m,
1526220719.5495,8558.40000,0.16640013,s,m,
1526271597.1873,8358.30000,0.42204422,s,m,
1526270813.465,8417.80000,1.00000000,b,l,
1526268697.4277,8450.00000,0.40000000,s,l,
1526312081.9923,8751.80000,0.00820232,b,l,
1526205289.4955,8584.40000,0.05575199,s,m,
1526205291.7432,8596.60000,0.80702893,b,m,
1526243994.3761,8661.00000,0.01300000,b,l,
1526205311.2199,8596.60000,0.15000000,b,m,
1526267640.0931,8590.60000,0.00678098,s,l,
1526222608.5498,8590.00000,0.78485623,b,l,
1526231381.5842,8655.90000,0.42634060,s,m,
1526268396.9441,8458.50000,0.07113151,b,l,
1526242326.9139,8638.00000,0.02419500,b,m,
1526312953.344,8806.80000,0.00814251,b,l,
1526195415.7745,8417.50000,2.00000000,s,m,
1526306183.1158,8667.10000,0.69600000,s,m,
1526271906.0739,8348.80000,0.00671290,b,m,
1526270879.7662,8420.00000,0.01200000,s,m,
1526270881.1599,8420.10000,0.22060000,b,l,
1526256747.1751,8608.00000,0.10000000,s,m,
1526270888.3256,8420.10000,0.03562900,b,m,
1526305579.1599,8379.50000,0.00716033,s,m,
1526257479.5282,8637.10000,0.09127232,s,l,
1526257480.0202,8637.10000,0.04384371,s,l,
1526270903.3035,8420.50000,0.12260000,b,l,
1526256455.3613,8655.50000,0.03000000,b,m,
1526204369.4084,8569.20000,0.41000000,s,m,
1526224432.7678,8600.00000,0.10000000,b,m,
1526205391.353,8584.20000,0.00739417,s,l,
1526272005.7604,8347.80000,0.00307671,b,m,
1526312832.7046,8800.00000,0.50000000,b,l,
1526307522.7842,8705.80000,0.00752535,s,m,
1526312100.6585,8740.40000,0.17115355,s,l,
1526234034.6005,8571.60000,0.24540000,b,m,
1526257571.4934,8625.70000,0.43290079,s,l,
1526313813.0586,8790.20000,0.11860740,b,m,
1526264118.9012,8658.10000,0.00019139,s,m,
1526205412.4766,8580.10000,0.00480000,b,l,
1526205413.8505,8580.00000,0.00454000,s,l,
1526205414.2107,8572.20000,0.00692318,s,l,
1526203907.2363,8578.00000,0.12306329,s,l,
1526270953.7569,8424.00000,1.79000000,b,l,
1526270665.3123,8411.10000,0.00023885,s,l,
1526270957.6869,8425.00000,0.02910000,s,l,
1526205422.7313,8579.10000,0.13610000,s,l,
1526270959.2007,8425.10000,0.00470000,s,l,
1526270960.0771,8425.10000,0.18197700,s,l,
1526270961.3218,8425.10000,0.18335995,s,l,
1526270962.5204,8425.10000,0.02690000,s,l,
1526270963.1127,8425.10000,0.09380000,s,l,
1526270964.7789,8425.10000,0.00898500,s,l,
1526205429.2642,8580.00000,0.26233329,b,l,
1526205430.8053,8572.10000,0.03968140,s,l,
1526205432.5412,8570.20000,0.07651860,s,l,
1526202702.7415,8416.50000,0.01122493,s,l,
1526205437.24,8570.20000,0.01160000,s,m,
1526270974.838,8425.30000,0.11150000,s,l,
1526270975.5834,8425.40000,0.00000044,s,l,
1526205441.9789,8570.30000,0.00233364,b,m,
1526246571.6696,8710.00000,0.04896854,s,l,
1526270980.6985,8425.90000,0.00520000,b,l,
1526205446.7469,8570.20000,0.00233364,s,m,
1526270984.2585,8425.90000,0.00440000,b,l,
1526312108.0605,8735.00000,0.00400000,s,l,
1526202610.5355,8396.20000,0.00238183,b,m,
1526213805.4819,8557.00000,1.00000000,b,l,
1526312111.3818,8731.50000,0.13686342,s,l,
1526267704.5855,8546.00000,0.21495527,s,m,
1526205470.6317,8573.10000,0.00272163,b,l,
1526205473.951,8571.70000,0.30000000,s,m,
1526288125.6695,8449.70000,4.64821069,b,l,
1526279396.037,8407.00000,0.40389239,s,l,
1526271017.1193,8425.90000,0.04000000,b,m,
1526244329.7375,8723.00000,0.00250000,b,m,
1526301191.7529,8398.80000,0.01687655,b,m,
1526271024.727,8425.90000,0.00638069,b,l,
1526305892.5821,8492.50000,0.01058294,b,m,
1526271030.5245,8432.00000,0.07860000,b,l,
1526271034.1619,8437.00000,0.01580093,s,l,
1526257503.1376,8637.10000,0.13342062,s,l,
1526271036.5497,8437.00000,4.98904358,s,l,
1526222687.9646,8586.50000,0.13533224,b,l,
1526205503.6751,8571.80000,0.00007759,s,m,
1526203018.2486,8419.40000,1.00000000,b,l,
1526267655.7646,8580.50000,0.11679702,s,l,
1526189925.5037,8386.00000,0.06800000,b,m,
1526271065.094,8432.80000,0.00379641,b,l,
1526268432.0211,8460.90000,2.00000000,b,l,
1526271076.5018,8432.70000,0.01807107,b,m,
1526202898.1823,8419.50000,1.00000000,s,l,
1526306922.8267,8680.10000,0.05800000,s,m,
1526207384.4674,8560.00000,0.59738488,b,l,
1526271091.9101,8428.40000,1.00000000,b,l,
1526306303.5004,8693.90000,0.00233011,s,m,
1526205563.2881,8588.50000,0.06000000,b,m,
1526288128.7481,8461.90000,0.10000000,b,m,
1526268437.9735,8461.00000,1.00000000,b,l,
1526244483.9967,8732.30000,0.22143520,b,m,
1526202903.2457,8419.40000,0.13197993,s,l,
1526271121.3501,8430.00000,1.00000000,b,m,
1526271128.0207,8433.00000,0.03557500,b,m,
1526296858.3153,8435.20000,0.18486940,s,l,
1526229208.344,8637.70000,0.39795603,b,l,
1526235674.9321,8615.60000,0.01340000,b,m,
1526271134.5686,8432.90000,0.50000000,b,m,
1526244484.0038,8735.40000,0.29000000,b,m,
1526271141.2845,8432.70000,0.08230000,b,l,
1526257521.0468,8637.10000,0.01720000,s,l,
1526217197.1349,8549.80000,0.82300000,s,l,
1526267642.2366,8590.00000,0.04424200,s,m,
1526226100.8501,8594.30000,0.10000000,s,m,
1526271159.8731,8433.00000,0.15316012,b,m,
1526205632.6206,8584.20000,0.13727457,s,m,
1526301216.5433,8394.10000,0.80867754,s,m,
1526271170.9074,8433.50000,0.00900000,b,m,
1526205635.2089,8596.30000,0.00232878,b,m,
1526245265.4987,8698.50000,1.26600000,s,m,
1526268449.778,8461.00000,0.06595811,b,l,
1526271179.6721,8433.00000,0.00588166,s,l,
1526238823.44,8617.60000,0.17261880,s,m,
1526205646.5663,8592.10000,0.20000000,b,m,
1526255443.3888,8691.00000,0.09216055,s,l,
1526257528.2137,8637.10000,0.00890000,s,l,
1526271186.442,8432.90000,0.07246166,s,l,
1526298176.8718,8403.40000,0.00707845,s,l,
1526302708.1123,8425.00000,0.00106720,s,l,
1526271202.9934,8433.40000,1.00000000,s,l,
1526205668.4208,8586.00000,0.00232878,s,m,
1526271206.8377,8433.40000,0.07350000,s,l,
1526271210.2376,8433.50000,0.99100000,b,l,
1526189930.4576,8385.70000,0.01620000,b,l,
1526228362.8949,8642.00000,0.00034788,b,l,
1526268456.9864,8461.00000,0.12610000,b,l,
1526271218.7149,8445.80000,0.02461607,b,l,
1526213282.9728,8571.70000,0.28007885,b,m,
1526271220.1393,8445.80000,0.01270000,s,l,
1526271221.1219,8445.80000,0.56238393,s,l,
1526250621.1844,8737.00000,0.02570000,s,l,
1526271230.9308,8435.00000,0.09000000,s,m,
1526234034.7051,8573.90000,0.02105430,b,m,
1526271236.6468,8444.50000,0.69900622,b,l,
1526312150.7633,8740.80000,0.08856050,s,l,
1526271244.7545,8438.30000,0.50000000,b,l,
1526271248.035,8438.30000,0.03555200,b,m,
1526223656.6564,8634.00000,0.00960000,s,l,
1526205716.4314,8580.70000,0.08601528,s,m,
1526306333.3811,8686.00000,0.00826537,b,m,
1526289824.5204,8408.70000,0.29141432,s,m,
1526271265.6524,8435.00000,1.00000000,s,m,
1526312155.3063,8740.90000,0.08538336,b,l,
1526287283.6811,8443.10000,0.01793885,s,l,
1526268465.9938,8461.00000,0.11370000,b,l,
1526193154.9372,8469.60000,0.12105429,s,l,
1526279388.1222,8406.20000,1.00000000,b,l,
1526205744.4446,8580.70000,0.02000000,s,m,
1526247552.7333,8704.10000,0.00500000,b,m,
1526205746.2325,8580.70000,0.10050000,s,l,
1526268467.4773,8461.00000,0.12610000,b,l,
1526205752.6656,8580.70000,0.04348472,s,l,
1526271293.3256,8433.10000,0.00534859,s,l,
1526318802.8064,8719.30000,0.00009896,s,m,
1526205767.9686,8580.90000,0.00233070,b,m,
1526282664.5298,8344.10000,0.00776368,s,m,
1526268471.3347,8461.00000,0.00900000,b,l,
1526271308.9693,8432.90000,0.10616074,s,l,
1526205775.3593,8573.50000,0.09927483,s,m,
1526273324.7199,8344.40000,0.08659868,s,l,
1526271314.1382,8422.90000,0.24000000,s,l,
1526271315.351,8420.10000,1.79000000,s,l,
1526303411.7677,8375.90000,0.21702361,s,l,
1526205783.9644,8573.60000,0.14827483,s,m,
1526255859.4139,8685.00000,0.18400000,b,m,
1526279396.0245,8407.00000,0.57511383,s,l,
1526246629.8928,8700.90000,0.01864401,s,l,
1526271330.5386,8418.60000,0.00034980,b,m,
1526205797.6825,8575.10000,0.00833611,b,l,
1526205799.6518,8573.50000,0.00233070,s,m,
1526271336.3866,8418.50000,0.00000044,s,m,
1526268476.9332,8461.00000,1.00000000,b,l,
1526202942.1502,8422.00000,0.00238353,s,l,
1526301247.8026,8400.00000,1.99600000,b,l,
1526271357.9825,8415.30000,0.00478169,s,l,
1526271359.7647,8425.30000,0.06000000,b,l,
1526313482.5776,8751.00000,0.10742597,s,m,
1526306183.5858,8708.90000,0.02196821,b,m,
1526306303.4701,8693.90000,0.00303382,s,m,
1526271367.6659,8424.90000,0.03562100,b,m,
1526271368.9845,8415.70000,0.01235777,s,l,
1526283518.6908,8370.10000,0.09390000,b,l,
1526224793.9926,8607.90000,0.00884570,b,l,
1526271384.2466,8415.90000,0.22260000,s,l,
1526271385.4538,8415.90000,0.01656940,s,l,
1526268174.5087,8476.10000,0.20920000,s,m,
1526268486.2421,8461.00000,0.03750000,b,l,
1526264133.3438,8661.30000,0.16712483,b,l,
1526271403.448,8415.20000,0.79873110,b,l,
1526271406.0761,8420.00000,0.01200000,s,l,
1526235764.5811,8624.50000,2.26900000,b,m,
1526205879.2053,8578.00000,0.11641000,b,l,
1526205880.5074,8578.00000,0.00233228,b,m,
1526271417.8139,8420.00000,0.08210000,s,l,
1526305620.7423,8376.30000,0.00000727,b,l,
1526307779.3421,8700.00000,0.07310353,s,m,
1526205890.0952,8575.20000,0.00328487,s,l,
1526314326.0864,8747.60000,0.09899605,s,l,
1526271430.0319,8420.00000,0.09440000,s,l,
1526271431.0587,8420.00000,4.75720000,s,l,
1526304418.2246,8377.60000,0.00099956,b,m,
1526271438.2238,8420.80000,0.19097771,b,l,
1526195515.5368,8412.60000,0.02230149,s,l,
1526271440.8532,8415.10000,0.14836000,b,l,
1526271442.4873,8415.10000,0.85164000,b,l,
1526257571.4896,8625.80000,0.10000000,s,l,
1526271444.2993,8415.00000,0.01188000,s,l,
1526205914.3978,8571.20000,0.00233228,s,m,
1526205918.0866,8571.20000,0.05766772,s,l,
1526271457.5756,8411.10000,0.01200000,s,l,
1526271458.9546,8411.10000,0.00790808,s,l,
1526205928.8736,8570.20000,0.00954776,s,l,
1526303416.9955,8372.70000,0.02640609,s,l,
1526271469.7413,8414.90000,0.00520000,b,m,
1526271470.6839,8411.10000,0.01830000,s,l,
1526211965.4551,8546.60000,0.44100000,s,m,
1526192040.1312,8382.00000,0.01643266,b,m,
1526271475.9223,8411.30000,0.00250000,b,m,
1526248860.4668,8673.40000,0.00000044,b,m,
1526192042.6202,8381.90000,0.10000000,s,m,
1526271488.0422,8413.40000,0.00100000,b,m,
1526305599.7353,8380.10000,0.00131714,b,l,
1526220816.5477,8558.00000,0.01000000,s,m,
1526271495.8824,8411.20000,0.00908451,s,l,
1526271497.0004,8411.20000,0.02610000,s,l,
1526271501.6724,8411.10000,0.23240000,s,l,
1526271503.214,8411.10000,0.00599817,s,l,
1526268505.1663,8470.40000,2.00000000,b,l,
1526319195.9272,8708.90000,0.50000000,s,m,
1526224815.6459,8607.90000,0.11158920,b,l,
1526271516.2195,8413.60000,0.00099956,s,l,
1526305992.0967,8650.00000,0.25000000,b,m,
1526306669.9162,8687.20000,0.14386020,b,l,
1526306052.5257,8618.00000,4.48822500,s,l,
1526205990.7511,8559.60000,0.00360000,s,l,
1526244497.4455,8717.20000,0.03441050,b,m,
1526205993.1191,8552.50000,0.14175180,s,m,
1526205995.3695,8567.00000,0.01200000,b,m,
1526202973.8349,8422.00000,0.18937468,s,l,
1526206000.9117,8555.00000,0.20000000,s,l,
1526206003.4183,8561.00000,0.00890000,s,l,
1526314330.9318,8749.90000,0.24330744,b,l,
1526206014.6268,8562.40000,0.00233462,b,m,
1526271551.0671,8410.50000,0.09380000,b,m,
1526313002.8445,8803.50000,0.00681547,s,m,
1526270685.8211,8418.70000,0.01500000,s,m,
1526271559.7583,8410.00000,0.25000000,s,l,
1526271564.1388,8408.10000,0.00200000,s,l,
1526271567.9945,8404.00000,1.00000000,s,l,
1526317400.9964,8769.90000,0.04110000,b,l,
1526206034.6009,8558.20000,0.08320000,s,l,
1526271571.374,8402.50000,1.50320000,s,l,
1526271572.8349,8401.00000,5.00000000,s,l,
1526271573.4092,8401.00000,15.00000000,s,l,
1526192057.5216,8382.00000,0.00213524,b,l,
1526235748.7688,8618.70000,0.00500000,s,l,
1526271579.4782,8401.00000,0.01500000,s,l,
1526271580.9932,8401.00000,0.22848791,s,l,
1526271581.2274,8401.00000,1.36045826,s,l,
1526271582.9368,8400.20000,0.10911689,s,l,
1526217197.1708,8546.00000,0.00100000,s,l,
1526271585.9947,8400.20000,0.94817266,s,l,
1526271586.791,8400.20000,0.12400000,s,l,
1526271587.0363,8400.20000,1.00000000,s,m,
1526271588.6472,8400.20000,0.38972258,s,m,
1526271589.4885,8400.20000,0.80000000,s,l,
1526271590.7354,8400.20000,0.75812904,s,l,
1526271591.9053,8400.20000,1.08656797,s,l,
1526271592.1229,8400.00000,0.01000000,s,l,
1526308615.9897,8798.30000,0.11000000,b,m,
1526271596.567,8370.70000,0.01000000,s,l,
1526271597.2083,8358.30000,0.15000000,s,m,
1526267714.5926,8520.60000,0.14544709,b,l,
1526271599.6071,8358.30000,2.02795578,s,m,
1526271602.9298,8358.40000,0.00200000,s,m,
1526271604.7765,8361.90000,0.00137734,s,m,
1526257598.0309,8621.70000,0.08123310,s,l,
1526271606.3941,8361.90000,0.01000000,s,l,
1526271597.0739,8366.70000,0.52589041,s,m,
1526305929.4723,8513.70000,0.00704843,b,m,
1526312212.9844,8736.80000,0.00186309,s,m,
1526271610.9753,8362.20000,0.00794624,b,l,
1526271611.6675,8362.00000,0.05000000,s,m,
1526271612.2018,8368.70000,0.00908451,b,l,
1526271615.4774,8364.70000,0.00800000,s,m,
1526312150.6787,8740.80000,0.00000982,b,l,
1526271617.3581,8367.10000,0.00968692,s,l,
1526271618.7616,8367.10000,1.80438692,s,m,
1526271620.8643,8368.70000,0.01000000,b,l,
1526271622.1501,8368.70000,0.48951835,b,l,
1526271624.2308,8368.70000,0.01460000,s,l,
1526213911.6891,8558.20000,0.00794997,s,l,
1526271628.0933,8377.20000,0.08270000,b,l,
1526206093.5484,8549.80000,0.00051730,s,m,
1526271632.8465,8377.50000,1.00000000,b,m,
1526279448.4569,8407.60000,0.25000000,b,m,
1526271638.2603,8377.60000,0.01650000,b,l,
1526231420.8856,8669.70000,0.00000001,b,m,
1526222691.3479,8589.80000,0.00474352,b,l,
1526271645.6902,8377.50000,0.02640000,b,l,
1526303422.1733,8370.50000,0.28300000,s,m,
1526306528.5205,8730.00000,1.00000000,b,m,
1526206116.8074,8551.00000,0.06930040,b,l,
1526271653.1987,8377.50000,0.00223444,b,m,
1526271655.7553,8377.40000,0.00099956,s,l,
1526206122.6253,8550.00000,0.04690000,s,m,
1526206124.0635,8550.90000,0.00233894,b,m,
1526206126.2633,8550.90000,0.00601935,b,l,
1526275389.8117,8356.40000,0.50000000,b,m,
1526271587.1871,8400.20000,0.30000000,s,l,
1526257609.259,8621.70000,0.20000000,s,m,
1526271672.9524,8377.20000,0.18600000,b,l,
1526235764.5839,8627.20000,1.56662266,b,m,
1526271674.8447,8377.30000,0.50000000,b,m,
1526312223.2751,8743.10000,0.00250000,b,l,
1526271676.2322,8377.10000,0.15000000,s,m,
1526271677.4184,8377.30000,0.01699410,b,m,
1526206150.5518,8550.20000,0.00968774,b,l,
1526271692.0765,8375.20000,0.50000000,s,l,
1526206157.76,8549.90000,0.00233894,s,m,
1526224845.3253,8607.90000,0.00557627,b,l,
1526271700.4464,8374.90000,0.01182939,s,m,
1526271707.0553,8375.40000,0.00607584,b,l,
1526307193.1535,8730.00000,0.02149788,b,l,
1526207841.2571,8538.00000,0.03158239,s,l,
1526200869.1407,8433.50000,0.01207845,s,l,
1526200468.6438,8386.60000,0.00547639,s,m,
1526206187.1318,8557.80000,1.00000000,s,l,
1526271725.5851,8373.10000,0.10000000,s,m,
1526271727.6381,8375.40000,0.03581900,b,m,
1526271743.8862,8377.20000,0.00600000,b,l,
1526271745.073,8376.80000,0.02370000,b,l,
1526267646.6441,8590.50000,0.00051209,b,l,
1526235777.7792,8632.50000,0.11549724,b,m,
1526271752.3863,8376.40000,0.05000000,b,l,
1526271758.4832,8375.30000,0.01778573,b,l,
1526271759.0869,8376.00000,0.10310000,b,l,
1526246687.5221,8702.80000,0.00099956,s,m,
1526268547.9149,8466.90000,1.00000000,b,m,
1526279470.4101,8407.30000,0.36000000,b,l,
1526206230.0274,8556.10000,0.00011254,s,m,
1526271769.0329,8374.20000,0.16972560,s,l,
1526227047.5981,8611.80000,0.00648427,s,l,
1526271772.6258,8374.20000,0.01344160,s,l,
1526271781.7926,8375.10000,0.18720000,b,l,
1526248870.1873,8665.00000,1.00000000,b,m,
1526206248.7527,8556.00000,0.02100000,s,l,
1526271785.6341,8375.00000,0.08548989,s,m,
1526271788.6843,8375.00000,0.00228013,s,l,
1526271789.6217,8375.00000,0.00290000,s,l,
1526206254.804,8549.80000,0.05390000,s,l,
1526206256.6226,8549.50000,0.00233495,s,m,
1526305933.9237,8588.60000,0.50000000,b,m,
1526250542.0248,8732.70000,0.86286941,b,m,
1526235777.7863,8632.60000,0.01125417,b,m,
1526223283.3098,8620.00000,0.11640000,b,l,
1526203018.2664,8426.90000,3.40000000,b,l,
1526271807.6716,8375.10000,0.08900000,b,l,
1526271808.4031,8375.00000,0.10068345,s,l,
1526292524.5683,8386.30000,0.00715453,s,m,
1526279478.7345,8406.90000,7.00000000,s,l,
1526271822.909,8359.70000,0.00717729,s,m,
1526306054.6996,8595.30000,0.88192245,s,l,
1526270694.0611,8418.80000,0.00169385,b,m,
1526271828.3994,8364.00000,0.00500000,s,m,
1526318704.4603,8736.20000,0.00001000,b,l,
1526298198.2188,8405.30000,0.00284873,b,l,
1526271835.2037,8359.60000,0.03091805,s,m,
1526319170.7196,8704.90000,1.00000000,s,m,
1526271840.1709,8362.00000,0.00100000,s,m,
1526271841.6513,8362.00000,0.75000000,s,m,
1526271843.8075,8362.10000,0.01400000,b,l,
1526271844.5095,8362.10000,0.50000000,b,l,
1526271846.7437,8361.00000,0.01000000,s,m,
1526271847.4509,8361.00000,0.20000000,s,m,
1526206312.4261,8570.00000,0.44800000,b,m,
1526206313.438,8561.90000,0.12310000,s,m,
1526271852.6096,8361.20000,0.00308724,b,l,
1526311503.9131,8719.80000,0.01709304,s,l,
1526270695.5087,8415.10000,0.21000000,s,m,
1526271856.562,8359.30000,0.01500000,s,m,
1526271859.4795,8362.00000,0.03178103,b,l,
1526271860.1198,8362.00000,0.03700000,b,l,
1526271863.4564,8361.80000,0.00870000,b,l,
1526271865.7363,8359.50000,0.00870000,b,l,
1526271866.0963,8359.50000,0.00870000,b,l,
1526246719.0544,8688.80000,0.30857694,s,l,
1526271868.3062,8361.70000,0.05925896,b,l,
1526233254.1471,8580.00000,0.13030000,b,m,
1526308909.9828,8725.10000,0.30000000,s,m,
1526290259.3165,8418.80000,0.01300644,b,m,
1526220504.6409,8578.70000,0.04394460,s,l,
1526213954.9688,8558.20000,0.69205003,s,m,
1526271886.9194,8351.60000,0.00500000,b,m,
1526271887.1176,8350.10000,0.23090000,s,m,
1526203032.5142,8407.10000,0.12520800,s,m,
1526317668.6911,8757.80000,0.00384600,b,l,
1526246723.2798,8702.00000,0.04596116,b,l,
1526271892.9189,8348.60000,0.19200000,s,l,
1526271579.4803,8401.00000,0.00341767,s,l,
1526271898.706,8344.20000,0.36000000,s,m,
1526271901.19,8347.80000,0.00500000,s,m,
1526271903.9979,8344.20000,0.20000000,s,l,
1526271904.0009,8344.20000,0.20000000,s,l,
1526271906.0398,8337.20000,0.03400000,s,m,
1526206371.1778,8563.40000,0.00233552,b,m,
1526271909.7695,8344.30000,0.07200000,s,m,
1526190832.9915,8373.40000,1.00000000,s,m,
1526271912.8889,8348.80000,0.16092778,b,l,
1526271919.675,8348.80000,0.00000003,b,m,
1526271920.976,8337.60000,0.05925896,s,l,
1526204362.8241,8573.40000,0.00068674,s,l,
1526206387.0401,8563.40000,0.00314937,b,m,
1526268262.3873,8473.60000,0.12900000,b,m,
1526206398.296,8561.90000,0.74652883,s,m,
1526222688.7862,8586.50000,0.23412514,b,l,
1526271938.778,8337.90000,1.00000000,s,m,
1526244079.6335,8699.40000,0.15059680,b,m,
1526304309.6737,8377.10000,0.00484110,s,m,
1526271944.8535,8338.10000,0.00855797,b,l,
1526271945.5386,8338.00000,1.00000000,s,m,
1526271950.3973,8338.00000,0.17400000,s,l,
1526271951.0023,8338.00000,0.00500000,s,m,
1526242329.1379,8639.00000,0.00000001,b,m,
1526271957.2535,8329.50000,0.35000000,s,m,
1526224889.5722,8607.80000,0.00543510,s,l,
1526305991.833,8627.70000,0.03271608,b,m,
1526271963.5041,8338.10000,0.05600000,s,m,
1526271966.7001,8338.10000,0.10000000,s,l,
1526271967.6364,8338.20000,0.00206158,b,m,
1526271969.4117,8338.10000,0.00207670,s,l,
1526271971.0916,8338.10000,0.00200000,s,l,
1526271977.7538,8329.40000,2.39600000,s,m,
1526303433.5953,8362.80000,0.04820000,s,l,
1526301351.2741,8400.00000,0.01730000,b,m,
1526271980.1443,8329.40000,0.03580000,s,m,
1526271984.4768,8328.40000,0.20000000,s,m,
1526271989.9839,8343.20000,0.19410000,b,l,
1526271991.2049,8341.40000,0.01206000,s,l,
1526235818.9767,8619.20000,0.00580369,b,l,
1526271998.0395,8342.00000,0.80000000,b,l,
1526223657.7789,8619.00000,1.79000000,s,l,
1526272001.4655,8347.40000,0.00990000,b,l,
1526272002.7639,8343.90000,0.00100000,s,m,
1526272004.1765,8347.00000,0.07727480,b,l,
1526272005.7648,8347.90000,0.30278906,b,m,
1526272009.2978,8347.90000,0.69721094,b,l,
1526272015.3791,8349.90000,0.00761100,s,l,
1526279513.2079,8407.00000,0.00340000,b,l,
1526189957.7925,8388.70000,2.20000000,s,l,
1526231420.8833,8669.70000,0.00000989,b,m,
1526203055.2187,8407.50000,0.05000000,s,l,
1526272029.8379,8350.00000,0.00290000,s,l,
1526272031.7921,8350.00000,0.58770000,s,m,
1526272032.8091,8350.00000,0.10000000,s,l,
1526272033.4095,8350.10000,0.14998596,b,l,
1526305928.9812,8500.00000,0.42266512,b,m,
1526200869.1385,8433.50000,0.00450000,s,l,
1526292524.5632,8387.00000,0.20000000,s,m,
1526263720.9445,8669.60000,0.14891672,b,l,
1526304634.1268,8304.30000,2.58980417,s,m,
1526305901.327,8499.30000,0.24369017,b,l,
1526303440.6503,8359.70000,0.66000000,s,m,
1526272064.7334,8350.00000,0.12131404,s,l,
1526227057.5685,8614.20000,0.40076020,b,m,
1526221824.6257,8598.30000,1.00000000,b,l,
1526301368.265,8399.60000,0.03881399,b,l,
1526272083.6878,8352.80000,0.00039968,b,l,
1526272085.6665,8362.80000,0.03591600,b,m,
1526222693.9582,8586.30000,0.02926487,s,l,
1526272092.4652,8354.70000,0.09700000,s,l,
1526305991.9517,8643.00000,1.49624523,b,m,
1526279526.1598,8410.30000,0.20000000,b,m,
1526314264.4052,8750.00000,0.05000000,s,l,
1526286972.8205,8450.00000,0.01000000,b,m,
1526301374.6609,8400.00000,0.36073346,b,l,
1526305620.4553,8376.30000,0.00250000,b,l,
1526272121.308,8367.90000,0.08100000,s,l,
1526206587.6438,8562.90000,0.00233566,b,m,
1526206593.6244,8561.90000,0.00233566,s,m,
1526232037.9386,8660.00000,0.10100000,s,m,
1526222697.6915,8586.00000,0.04928138,b,l,
1526268610.9069,8478.20000,0.72044046,b,l,
1526272146.024,8360.00000,0.01200000,b,l,
1526206611.5691,8561.90000,0.00543389,s,m,
1526196508.8584,8443.80000,0.00010000,b,m,
1526274591.0009,8330.00000,0.01503336,s,l,
1526203628.4006,8456.50000,0.01958900,b,l,
1526206620.6159,8561.90000,0.00240000,s,l,
1526244113.3598,8699.70000,1.40704500,b,m,
1526267704.7379,8538.20000,5.00000000,s,l,
1526290459.3347,8415.20000,0.05930456,s,m,
1526308675.9601,8790.80000,1.00000000,b,m,
1526267642.2899,8583.90000,0.34260000,s,m,
1526224925.2477,8607.10000,0.00750000,b,m,
1526272178.8609,8360.70000,0.06600000,s,l,
1526312307.1982,8730.00000,0.00300000,s,l,
1526246772.4368,8695.30000,0.00099956,s,m,
1526296891.4712,8429.70000,0.00711769,s,l,
1526303440.6534,8354.60000,0.29797272,s,m,
1526268618.4292,8467.00000,0.06233792,s,m,
1526272192.6888,8360.80000,0.05000000,s,m,
1526272197.5055,8365.90000,0.00580000,b,l,
1526206662.6939,8561.90000,0.11708120,s,l,
1526272207.298,8365.80000,0.05900000,s,l,
1526206677.4492,8562.00000,0.11800000,b,l,
1526272216.424,8365.90000,0.50000000,b,m,
1526272220.3791,8365.90000,0.10680000,b,m,
1526272221.4237,8365.80000,0.05900000,s,m,
1526206687.8317,8562.10000,0.19570070,s,l,
1526259796.781,8667.70000,0.20200000,s,m,
1526312315.6009,8727.30000,0.18480000,s,l,
1526272230.5818,8365.80000,0.03000000,s,l,
1526196508.872,8443.80000,0.00100000,b,m,
1526272235.1877,8365.80000,0.05700000,s,l,
1526272240.4594,8365.80000,0.17100000,s,l,
1526301395.0937,8400.00000,3.46718574,b,l,
1526312318.7465,8728.80000,0.06306326,s,l,
1526272246.0936,8365.80000,0.01970000,s,l,
1526307281.8328,8742.00000,0.00000002,b,m,
1526257706.4695,8637.30000,0.02180000,s,l,
1526206718.7858,8561.80000,0.07550000,s,l,
1526312321.2415,8736.60000,0.03693674,b,l,
1526272264.4914,8364.50000,0.04700000,s,l,
1526222699.2153,8586.00000,0.01371778,b,l,
1526268632.8134,8473.30000,1.00000000,b,m,
1526233222.71,8576.20000,0.03592398,b,l,
1526292524.5508,8387.10000,0.00099956,s,m,
1526268727.4086,8410.70000,0.05706026,s,m,
1526312324.2304,8727.70000,0.83838312,s,l,
1526272285.89,8364.50000,1.00000000,s,m,
1526272289.4909,8354.40000,1.00000000,s,m,
1526272291.8551,8354.60000,0.04300000,s,l,
1526313161.8186,8779.10000,0.00352188,b,m,
1526192178.6761,8382.00000,0.03133967,b,l,
1526274132.692,8372.00000,0.09301182,s,l,
1526203676.481,8539.50000,0.10565349,b,m,
1526272314.7171,8355.00000,0.00099956,b,l,
1526272321.4732,8355.10000,0.00480000,s,l,
1526229244.8183,8640.30000,0.00635461,b,l,
1526272326.0173,8354.90000,0.03586600,b,m,
1526272328.7846,8358.40000,0.00932020,b,l,
1526301411.5811,8400.10000,1.51848723,s,l,
1526271590.6935,8400.20000,0.04040000,s,l,
1526274635.2902,8301.20000,0.03582100,s,m,
1526272349.8799,8354.80000,0.03100000,s,l,
1526303959.1504,8384.10000,0.00650442,s,l,
1526206818.7563,8561.80000,1.00000000,s,l,
1526272355.4449,8355.00000,0.01163667,b,l,
1526272356.8984,8355.00000,0.00036333,s,l,
1526222702.9963,8586.00000,0.01662722,b,l,
1526271587.0514,8400.20000,1.69217266,s,l,
1526272363.639,8350.70000,0.08053837,s,m,
1526199885.5582,8415.20000,0.24310000,s,m,
1526224229.6626,8579.00000,0.00100000,s,m,
1526272367.2972,8355.10000,0.00964388,b,m,
1526273324.7165,8344.50000,1.00000000,s,l,
1526268650.9109,8467.00000,0.10000000,s,l,
1526272382.439,8350.70000,0.08860000,s,l,
1526233254.1098,8580.00000,0.16753287,b,m,
1526272390.1185,8350.70000,0.35000000,s,m,
1526206111.6581,8550.00000,0.00025145,b,l,
1526206868.3718,8561.70000,0.01600000,s,l,
1526272405.3527,8351.90000,0.00351218,b,l,
1526272406.3503,8352.00000,0.02500000,s,l,
1526235887.1355,8610.00000,0.00370000,s,l,
1526206883.8538,8561.70000,0.00258287,s,l,
1526223483.3137,8628.90000,0.20000000,b,m,
1526287030.5919,8450.10000,1.00000000,b,l,
1526286789.3545,8405.00000,0.02000000,b,m,
1526272435.3245,8350.60000,0.02300000,s,l,
1526306931.2109,8689.20000,1.00000000,s,m,
1526316542.5022,8761.40000,0.48315506,s,m,
1526313161.8311,8779.20000,0.00298565,b,m,
1526272445.8636,8352.00000,0.03591900,b,m,
1526206912.5221,8556.90000,0.00957053,s,l,
1526255439.2285,8691.00000,0.24070000,s,l,
1526272452.2366,8350.80000,0.05800000,s,l,
1526301430.9174,8400.40000,0.00714252,s,l,
1526272463.1988,8352.00000,0.01900000,s,l,
1526271887.1859,8346.90000,0.09301182,s,m,
1526272476.3663,8350.60000,0.37141377,s,l,
1526257744.1969,8642.40000,2.19300000,b,l,
1526272482.4994,8350.80000,0.00393780,b,l,
1526272485.6047,8352.90000,0.00267787,b,m,
1526310572.7249,8749.50000,1.07924915,s,l,
1526272494.6066,8352.90000,0.08190000,s,l,
1526199885.5535,8423.70000,0.01916400,s,m,
1526272499.6047,8353.00000,0.09732213,b,l,
1526272500.8635,8353.00000,0.70267787,b,l,
1526206965.2083,8556.80000,0.01183461,s,m,
1526305972.4934,8590.00000,0.13290698,b,l,
1526268672.8961,8455.20000,0.54990000,b,l,
1526272516.8855,8362.00000,0.00244629,b,m,
1526272518.7417,8362.00000,0.02040000,b,m,
1526272520.594,8360.00000,0.01300000,s,l,
1526272521.4566,8362.00000,0.00154915,b,m,
1526272522.174,8360.00000,0.00290000,s,l,
1526264596.6545,8641.10000,0.20504505,b,l,
1526303440.6566,8354.50000,0.04298728,s,m,
1526221824.647,8600.00000,0.00849998,b,m,
1526268675.1352,8455.20000,0.05393551,b,l,
1526189974.3015,8388.70000,0.20000000,s,m,
1526222019.2652,8568.00000,0.00100000,s,m,
1526268676.2833,8455.60000,0.00516822,b,l,
1526272539.9714,8362.00000,1.00000000,s,l,
1526222697.2111,8586.00000,0.04069426,b,l,
1526272548.2137,8361.50000,0.01200000,s,l,
1526286880.967,8410.10000,0.20666475,b,l,
1526274635.3358,8300.00000,1.00000000,s,m,
1526207018.623,8557.20000,0.00542029,s,m,
1526215303.9108,8562.80000,0.67500000,s,m,
1526246834.2997,8702.00000,0.20000000,b,m,
1526232299.8482,8650.70000,0.95830622,b,m,
1526207027.228,8557.10000,0.20000000,s,m,
1526272566.0894,8361.80000,0.03587700,b,m,
1526272567.7054,8361.80000,0.96412300,b,l,
1526272568.504,8357.90000,0.03000000,s,m,
1526255443.3824,8691.00000,0.21320000,s,l,
1526268169.9152,8475.90000,0.00500000,s,m,
1526288177.8312,8459.20000,0.02022866,s,l,
1526272577.9396,8358.10000,0.01000000,s,l,
1526207042.0586,8557.30000,0.02255546,b,l,
1526306054.7023,8595.30000,0.24491680,s,l,
1526272597.4802,8362.00000,1.00000000,b,l,
1526272602.121,8362.10000,0.98300000,b,l,
1526207071.058,8559.90000,0.03190000,s,l,
1526304634.1592,8326.90000,0.15000000,b,m,
1526268689.3404,8451.00000,0.10000000,s,m,
1526214077.4324,8557.40000,0.00357620,s,m,
1526274635.3129,8301.00000,0.01000000,s,m,
1526244183.6438,8700.00000,0.01000000,b,m,
1526272635.2963,8364.40000,0.00020032,s,l,
1526272641.9596,8365.90000,0.06205077,b,l,
1526272647.0355,8372.00000,0.80000000,b,l,
1526272653.5197,8376.00000,0.00354074,b,l,
1526272655.0635,8377.00000,1.00000000,b,l,
1526268696.805,8450.00000,0.01183431,s,m,
1526272659.1996,8379.20000,0.06000000,b,l,
1526272662.9046,8379.20000,0.00600000,s,l,
1526268697.4247,8450.00000,1.00000000,s,l,
1526271592.2405,8380.00000,0.05000000,s,m,
1526259796.7841,8667.60000,0.61234570,s,m,
1526257775.9626,8642.80000,0.12024714,s,l,
1526235930.4611,8609.00000,0.06066932,s,m,
1526308505.3885,8725.00000,4.00000000,b,l,
1526274132.7913,8372.00000,0.00627227,s,l,
1526311885.4404,8741.40000,0.01040000,s,l,
1526272682.2666,8385.10000,0.00958038,b,m,
1526272686.0671,8384.90000,0.00480000,s,l,
1526272687.284,8385.00000,0.03577800,b,m,
1526314368.039,8753.90000,0.01777700,b,m,
1526223146.3154,8587.00000,0.00100000,s,m,
1526272692.3417,8381.40000,0.00600000,s,l,
1526268702.1041,8450.00000,0.04900000,s,l,
1526272695.5414,8381.30000,0.03520000,s,l,
1526193830.6214,8482.70000,1.50000000,b,l,
1526207167.4974,8559.70000,1.00000000,b,l,
1526312846.5908,8850.00000,0.00229000,b,m,
1526272711.047,8376.50000,0.01630000,b,l,
1526272719.9018,8369.00000,0.00500000,s,l,
1526273064.9146,8382.90000,0.25000000,b,m,
1526246719.0505,8700.00000,0.02648479,s,l,
1526268707.8444,8442.80000,0.01648799,s,l,
1526305862.0288,8464.40000,0.06046534,b,l,
1526268708.8816,8440.50000,0.01151201,b,l,
1526192250.9952,8382.00000,0.00401152,b,m,
1526272735.4507,8371.70000,0.00010000,b,l,
1526246470.1872,8709.10000,0.35088395,b,m,
1526268710.2319,8442.90000,0.19540000,s,l,
1526307823.7153,8696.00000,0.00100000,s,l,
1526268711.7373,8440.00000,0.13900000,s,l,
1526272749.3481,8366.10000,0.00500000,s,l,
1526272751.804,8375.00000,0.00500000,b,l,
1526268712.1607,8440.50000,0.08101479,s,l,
1526272757.6637,8375.50000,0.29970000,b,m,
1526228386.9187,8650.00000,0.10000000,b,m,
1526268714.6374,8437.40000,0.06926941,s,l,
1526272769.5927,8370.20000,0.01010000,s,l,
1526268715.9921,8437.50000,0.23140000,s,l,
1526268716.3986,8435.00000,0.50000000,s,l,
1526272778.0397,8373.60000,0.00400000,s,l,
1526225026.5741,8592.10000,0.25000000,s,m,
1526207246.4039,8560.00000,0.00388146,b,m,
1526309552.7558,8754.50000,0.01980764,b,m,
1526268718.2748,8427.60000,0.50000000,s,m,
1526271581.2356,8400.20000,2.49998444,s,l,
1526272799.739,8372.00000,0.00500000,b,l,
1526203184.0261,8404.10000,0.03484940,s,l,
1526248904.8425,8669.20000,0.00000456,s,m,
1526272806.8026,8369.50000,0.00400000,s,l,
1526272808.3057,8372.60000,0.03582100,b,m,
1526257799.5998,8644.90000,0.02492000,b,m,
1526267705.0036,8530.00000,0.22950000,s,l,
1526244184.9825,8710.00000,0.15777117,b,m,
1526298198.2271,8413.40000,0.01427471,b,l,
1526246879.7762,8702.00000,0.05650000,b,l,
1526268725.8559,8423.00000,0.25300000,s,l,
1526312416.757,8733.80000,0.00000044,b,l,
1526268726.8236,8418.10000,0.23190000,s,l,
1526207302.1902,8560.00000,0.01304677,b,l,
1526264181.538,8652.50000,0.23657575,s,l,
1526268727.6153,8410.70000,0.25000000,s,m,
1526257805.4919,8644.90000,0.16318000,b,m,
1526244172.8476,8699.90000,0.11500000,b,l,
1526268728.2626,8410.70000,0.25000000,s,m,
1526268729.066,8410.70000,0.71370437,s,m,
1526313917.267,8777.80000,0.00345333,s,m,
1526272859.7157,8365.70000,0.50000000,s,m,
1526272862.745,8365.70000,0.00300000,s,l,
1526301499.1406,8399.70000,0.00714311,s,l,
1526263289.2543,8686.00000,0.10000000,s,l,
1526193054.6038,8441.50000,0.30000000,b,m,
1526253271.8358,8720.30000,0.56289378,b,l,
1526268547.9311,8472.00000,1.00000000,b,m,
1526289888.4984,8401.60000,0.07208630,s,m,
1526306934.9202,8685.00000,0.06870000,s,l,
1526272891.2414,8372.20000,0.00300000,s,l,
1526222720.2213,8589.00000,0.07943149,b,l,
1526207365.7735,8560.00000,0.24500000,b,l,
1526272903.544,8373.90000,0.73650883,s,l,
1526268011.9236,8527.10000,0.09000000,b,m,
1526290584.187,8421.00000,0.02099378,b,l,
1526294646.0962,8433.40000,0.09538368,b,m,
1526207384.4946,8561.90000,0.71261512,b,l,
1526272926.791,8375.00000,0.03582100,b,m,
1526267704.7069,8545.00000,0.18665948,s,l,
1526272928.8911,8375.00000,0.01743680,b,l,
1526246896.4726,8707.50000,0.22906116,b,l,
1526272932.523,8375.00000,0.02000000,b,l,
1526207402.2136,8561.90000,0.03000000,b,l,
1526272939.6407,8375.00000,0.02910000,b,l,
1526187585.0643,8358.40000,0.02500000,s,l,
1526271582.9463,8400.20000,1.59701650,s,l,
1526268744.7628,8409.40000,0.19970000,s,m,
1526207410.5536,8561.90000,0.40000000,b,m,
1526283518.6861,8370.10000,0.06000000,b,l,
1526272949.6988,8374.90000,0.00200000,s,l,
1526268745.2606,8410.90000,0.15380000,b,l,
1526272952.2633,8375.00000,0.89764220,b,l,
1526269049.1621,8420.30000,0.00452146,s,l,
1526222722.2567,8589.00000,0.13100000,b,l,
1526271592.2547,8375.00000,0.07730747,s,m,
1526228551.0606,8688.00000,0.01524019,b,m,
1526275389.8621,8356.40000,0.12500000,b,m,
1526224229.6682,8577.00000,0.00100000,s,m,
1526272970.4989,8375.90000,0.10718057,b,m,
1526204369.4252,8569.10000,1.50085837,s,m,
1526268749.5309,8410.90000,0.22910000,b,l,
1526272976.8269,8375.80000,0.00200000,s,l,
1526272979.1619,8375.90000,0.01439076,b,m,
1526301870.142,8409.90000,0.00000001,b,l,
1526202653.7479,8410.40000,1.77825106,b,l,
1526289824.5238,8407.50000,1.20858568,s,m,
1526265472.4943,8620.00000,0.06707999,s,l,
1526272993.7687,8385.00000,0.00297329,b,m,
1526290598.7424,8412.00000,0.00000027,s,m,
1526272998.3863,8380.80000,0.20000000,b,m,
1526244546.3058,8709.40000,0.00280572,s,l,
1526264510.6962,8630.90000,0.80000000,s,m,
1526203218.0893,8403.90000,0.09830000,b,l,
1526235987.6897,8626.00000,0.17821547,b,m,
1526198719.6073,8449.40000,0.10000000,s,l,
1526207478.951,8561.90000,0.00500000,b,l,
1526268756.3645,8405.10000,0.05850000,s,l,
1526222724.8763,8590.00000,0.16646256,b,l,
1526279262.796,8396.90000,0.00300000,b,l,
1526268757.6877,8410.80000,0.49000000,b,l,
1526192523.2246,8394.60000,0.15062225,b,l,
1526235818.903,8615.10000,0.00322116,s,l,
1526192301.9534,8382.00000,0.04718000,b,l,
1526187963.542,8352.40000,0.00000020,s,m,
1526273047.6274,8386.50000,0.03578200,b,m,
1526222725.8849,8590.00000,0.22476010,b,l,
1526302999.2984,8430.00000,0.09347766,b,l,
1526207522.4559,8561.30000,0.15600000,b,l,
1526207523.6247,8561.30000,0.00026651,b,m,
1526207524.6198,8561.30000,0.10550000,b,l,
1526207526.4849,8561.90000,1.00000000,b,l,
1526273064.9072,8380.10000,0.01625005,b,m,
1526273065.0007,8383.10000,0.16066365,b,m,
1526199961.9745,8400.70000,0.01014052,s,m,
1526222726.7852,8590.00000,0.12507969,b,l,
1526313482.5596,8752.80000,0.00300000,s,m,
1526207564.2913,8563.80000,0.19529509,b,l,
1526267655.7086,8580.50000,0.08952235,s,l,
1526312837.1231,8817.40000,0.68951876,b,m,
1526222727.2279,8590.00000,0.00487946,b,l,
1526244183.7986,8700.00000,0.25000000,b,m,
1526273110.6877,8368.40000,0.06000000,s,m,
1526290617.6853,8406.70000,2.37800000,s,l,
1526312464.7506,8738.90000,0.19460000,b,l,
1526207587.5135,8563.80000,0.01221200,b,l,
1526214162.9528,8548.70000,0.01459776,s,m,
1526306183.1103,8669.00000,0.10377080,s,m,
1526273141.831,8358.00000,0.10000000,s,m,
1526273142.6583,8358.00000,0.05450000,s,l,
1526213024.123,8552.10000,0.00956183,s,l,
1526310019.9826,8745.10000,0.00686099,s,m,
1526257857.0562,8643.50000,0.24570000,s,l,
1526207624.0658,8562.00000,0.01660000,s,l,
1526268781.856,8402.00000,0.01207500,b,l,
1526273168.6673,8353.30000,0.03590700,b,m,
1526290628.9061,8403.00000,0.80000000,s,l,
1526228550.8876,8680.00000,1.00000000,b,m,
1526273183.7467,8350.00000,0.00417910,s,l,
1526311123.4705,8726.80000,0.00821574,b,l,
1526306528.5094,8730.00000,0.00113225,b,m,
1526268785.7416,8401.70000,0.00516822,s,m,
1526273193.933,8352.60000,0.10979042,s,m,
1526268786.1365,8401.70000,0.11880000,s,l,
1526309604.7571,8746.10000,0.00686020,s,m,
1526207663.4747,8562.00000,0.00340000,s,l,
1526244259.7478,8713.90000,0.27500000,s,l,
1526207671.2336,8561.90000,0.28320000,s,l,
1526207672.4241,8561.90000,0.00830000,s,l,
1526268788.7681,8405.90000,1.52700248,b,m,
1526257866.7254,8643.50000,0.03240000,s,l,
1526274613.1858,8305.00000,0.00340000,s,m,
1526257867.7766,8645.00000,0.01800000,b,m,
1526257868.9419,8645.00000,0.00200000,b,m,
1526273227.3115,8354.60000,0.00220000,b,l,
1526271597.0685,8366.70000,0.12210595,s,m,
1526306962.9584,8692.50000,0.05000000,s,m,
1526227674.8507,8603.20000,13.88110000,s,l,
1526207704.8858,8557.30000,0.91118462,s,l,
1526207705.4568,8557.30000,4.08881538,s,l,
1526207708.6444,8556.90000,0.04021375,s,l,
1526273246.5712,8350.70000,3.61000000,s,m,
1526273247.3444,8354.60000,0.01309888,b,m,
1526207712.8148,8549.00000,0.32390000,s,l,
1526225104.1121,8587.40000,0.13079735,b,l,
1526268795.3386,8401.90000,0.21900000,b,l,
1526207719.4721,8552.10000,0.25190000,b,l,
1526273257.9078,8352.90000,0.05258181,b,m,
1526273258.7069,8347.50000,0.46681000,s,m,
1526279719.8169,8405.10000,0.00233309,s,l,
1526268797.3516,8405.90000,9.62688616,b,l,
1526247143.0311,8708.90000,0.23180000,b,l,
1526290644.1854,8401.20000,1.02099378,b,l,
1526273274.277,8340.10000,0.34860000,s,m,
1526273277.3615,8351.90000,0.50000000,b,m,
1526234034.7416,8574.80000,0.07369575,b,m,
1526273280.6406,8343.40000,0.09000000,b,l,
1526273281.5165,8343.40000,0.91000000,b,l,
1526207746.3835,8552.10000,0.00598103,b,l,
1526244032.5843,8696.60000,0.00206350,b,l,
1526225110.1679,8584.60000,0.04705025,s,m,
1526193144.6798,8471.00000,1.48448935,b,m,
1526273289.8394,8346.70000,0.50000000,b,m,
1526308615.9114,8789.00000,1.00000000,b,m,
1526207756.0912,8544.40000,0.02414310,s,l,
1526247410.699,8699.00000,0.02000000,s,m,
1526268804.0648,8402.80000,0.02200000,s,m,
1526273306.329,8350.50000,0.10000000,b,l,
1526271076.5116,8432.70000,0.04480000,b,m,
1526244546.3162,8709.40000,0.00083780,s,l,
1526236039.2017,8629.60000,0.00203624,b,m,
1526273324.7244,8344.40000,0.16092778,s,l,
1526207790.0311,8544.10000,0.00200000,b,m,
1526222867.7036,8610.00000,0.77564493,b,m,
1526305932.0822,8582.50000,0.00250000,b,m,
1526207797.6552,8543.90000,0.02100000,b,l,
1526228551.2104,8689.50000,0.10000000,b,m,
1526273335.1547,8352.00000,0.03493195,s,m,
1526255443.3697,8691.00000,1.00000000,s,l,
1526273338.2391,8354.50000,0.01000000,b,m,
1526207804.1885,8543.80000,0.03000000,b,m,
1526203274.1639,8404.80000,0.00000015,s,m,
1526268811.5882,8404.20000,0.16360000,b,l,
1526306235.9821,8720.10000,0.09354972,s,l,
1526207821.0919,8537.90000,0.00900813,s,l,
1526292524.5558,8387.10000,1.00000000,s,m,
1526268813.2581,8405.80000,0.00217132,b,l,
1526246968.5525,8710.00000,0.00883614,b,l,
1526207828.34,8538.00000,0.01150986,s,l,
1526268814.1975,8410.60000,0.07392164,b,l,
1526306053.985,8606.80000,0.29000000,s,l,
1526207831.4836,8538.00000,0.00240000,s,l,
1526207832.4598,8538.00000,0.02890000,s,l,
1526290660.5303,8399.00000,1.66096743,s,m,
1526301583.6804,8400.10000,0.00714277,s,l,
1526207837.7623,8540.80000,0.02620000,s,l,
1526273376.3416,8354.90000,0.25000000,b,m,
1526207841.2532,8538.00000,0.01372311,s,l,
1526207845.4579,8526.00000,0.00200000,b,m,
1526207846.0035,8526.00000,0.79756207,b,l,
1526313813.0069,8785.10000,0.06564537,b,m,
1526305963.7261,8621.40000,0.95412293,b,m,
1526207850.1296,8540.80000,0.02359940,b,l,
1526312209.1529,8743.00000,0.00113737,s,m,
1526294751.7227,8433.00000,0.98626199,b,m,
1526273397.9751,8354.80000,0.36936617,s,l,
1526268875.3221,8420.60000,0.71011527,b,m,
1526257897.2572,8644.90000,0.11358696,s,m,
1526273405.7571,8354.90000,0.40000000,b,m,
1526268821.1034,8410.00000,0.03330000,s,l,
1526312512.3724,8745.80000,0.06306326,b,m,
1526207874.7761,8540.70000,0.00410335,s,l,
1526273411.8299,8354.90000,0.09649411,b,m,
1526207876.4399,8540.10000,1.65890000,s,l,
1526244172.9323,8699.90000,0.16753287,b,l,
1526207880.4422,8540.20000,0.09125351,s,l,
1526303481.1681,8367.20000,0.05300000,b,l,
1526273420.7838,8354.90000,0.30566454,b,m,
1526246978.0884,8714.00000,0.66016841,s,l,
1526273422.6823,8354.90000,0.46339935,b,m,
1526273423.9737,8354.90000,0.01088563,b,l,
1526273427.6284,8354.90000,0.08942597,b,m,
1526207894.243,8538.00000,0.02184290,s,l,
1526265582.9853,8606.80000,0.00029956,s,l,
1526273432.7898,8354.90000,0.00200000,b,l,
1526229285.5791,8646.10000,0.14173908,s,l,
1526246983.4663,8700.70000,0.00016798,s,l,
1526318758.7637,8730.00000,0.23420913,s,l,
1526266348.4733,8619.30000,0.22670000,s,l,
1526268830.3459,8405.70000,0.00001213,s,l,
1526232853.6489,8621.90000,0.00512542,s,l,
1526306982.0486,8697.60000,2.55289996,s,m,
1526309604.8005,8741.80000,0.01117940,s,m,
1526267042.1154,8634.00000,0.00495382,s,l,
1526306065.1986,8592.50000,0.35240000,b,l,
1526312212.9712,8743.00000,0.01876263,s,m,
1526207944.6085,8540.60000,0.33675264,b,l,
1526312832.7262,8800.00000,0.00574000,b,l,
1526305991.9357,8639.50000,0.67784556,b,m,
1526273505.157,8354.30000,0.01500000,s,m,
1526277297.8945,8378.60000,0.50000000,b,l,
1526203303.5816,8404.70000,0.00982937,s,l,
1526246994.5478,8701.00000,0.22530000,s,l,
1526273518.2673,8354.90000,0.50000000,b,m,
1526273524.0401,8354.90000,0.00200000,b,l,
1526273525.9449,8354.90000,0.03590700,b,m,
1526228551.041,8688.00000,0.78485623,b,m,
1526222741.9126,8589.90000,0.00016400,s,m,
1526314396.8388,8763.60000,0.00507136,b,l,
1526273534.803,8354.90000,0.00820000,b,l,
1526244172.9189,8699.90000,0.12891803,b,l,
1526273544.6505,8354.90000,2.20227505,b,l,
1526271586.7988,8400.20000,0.08300000,s,l,
1526267658.94,8577.20000,0.04000000,s,m,
1526243990.9543,8654.30000,5.58767180,b,l,
1526306502.4598,8720.00000,0.05000000,s,l,
1526203500.7132,8425.80000,0.06000000,b,l,
1526233872.3086,8591.30000,0.10000000,s,l,
1526267704.7321,8540.00000,0.10000000,s,l,
1526257925.5872,8645.00000,0.00018349,b,m,
1526268848.9574,8420.90000,0.08670000,b,l,
1526307375.2984,8750.60000,0.00506696,b,l,
1526214236.454,8543.90000,0.01200625,s,m,
1526209174.662,8537.10000,1.00000000,s,m,
1526208046.3611,8553.90000,0.00200000,s,l,
1526248930.8686,8670.40000,0.01731032,s,l,
1526208050.4798,8553.90000,0.05150000,s,l,
1526256747.1295,8608.20000,0.41613077,s,m,
1526208058.0931,8553.90000,0.00700000,s,l,
1526273602.6345,8366.40000,0.00271402,b,l,
1526208073.5778,8554.00000,1.00000000,b,l,
1526208078.7216,8553.90000,0.00200000,s,l,
1526296941.0855,8422.30000,0.00000007,s,m,
1526244567.2632,8710.30000,0.08287245,s,m,
1526318764.3418,8725.00000,0.03175799,s,m,
1526298292.4982,8404.90000,0.00854760,b,l,
1526268860.1415,8420.80000,0.43910811,b,l,
1526208109.912,8553.90000,0.00700000,s,l,
1526273646.8473,8362.40000,0.03587200,b,m,
1526208111.9361,8540.60000,0.00332499,s,l,
1526273274.2851,8332.80000,0.01526213,s,m,
1526268547.9076,8461.50000,1.00000000,b,m,
1526223740.1797,8613.40000,0.00892638,b,l,
1526217197.1768,8544.80000,2.00000000,s,l,
1526273657.1378,8363.00000,0.69401475,b,l,
1526273660.9515,8363.00000,0.02475446,b,l,
1526273661.5228,8363.00000,0.01704659,b,l,
1526273663.0827,8363.00000,0.09370000,b,l,
1526273666.8057,8363.00000,0.00010624,b,l,
1526208132.4104,8540.60000,0.01144785,s,l,
1526273672.8832,8363.00000,0.00288116,b,l,
1526222746.6236,8593.00000,0.47205545,b,m,
1526208143.0323,8540.60000,0.01234215,s,l,
1526203702.5163,8575.50000,0.04299111,b,m,
1526275515.2566,8360.40000,0.00200000,b,l,
1526285024.4492,8380.30000,0.00003237,b,l,
1526273694.346,8366.00000,0.06537083,b,l,
1526308540.5097,8747.00000,0.00000006,b,m,
1526305901.9307,8499.30000,0.08102388,b,l,
1526271587.062,8400.20000,0.24080000,s,l,
1526308505.3957,8726.40000,0.05000000,b,l,
1526305866.2221,8476.90000,0.76840000,b,l,
1526272367.2833,8354.80000,0.06157520,b,m,
1526274822.4077,8319.30000,0.00000024,s,l,
1526306503.5627,8730.00000,0.73938544,b,m,
1526208174.8071,8540.40000,0.01822515,s,l,
1526205289.28,8591.40000,0.00758134,b,l,
1526271587.1611,8400.20000,0.11500000,s,l,
1526248397.7132,8700.50000,0.01300000,b,m,
1526312564.3438,8742.80000,0.00200000,b,l,
1526319195.9714,8700.00000,0.00300000,s,m,
1526208187.8066,8538.60000,0.00702691,s,l,
1526299865.558,8378.20000,0.26998684,s,l,
1526268875.3423,8428.50000,0.50000000,b,m,
1526312846.5834,8850.00000,0.25589577,b,m,
1526208202.9041,8534.00000,0.00400000,s,l,
1526208204.9554,8533.90000,0.00210000,s,l,
1526208220.8446,8533.90000,0.00608482,s,l,
1526313923.5865,8777.70000,0.09670000,b,m,
1526273765.7908,8366.00000,0.02985806,b,m,
1526305991.3786,8618.00000,0.08776433,s,l,
1526208238.7163,8533.00000,0.03251567,s,l,
1526305932.334,8585.60000,0.02539250,b,m,
1526255439.2198,8691.00000,0.47678017,s,l,
1526234034.5616,8569.50000,0.17628127,b,m,
1526273795.454,8365.90000,0.36936617,b,l,
1526301655.6893,8400.50000,0.01056010,s,l,
1526247042.7112,8713.00000,0.80000000,b,l,
1526273806.8658,8366.00000,0.50000000,b,m,
1526294765.4084,8433.00000,0.01500000,b,m,
1526228517.8353,8662.40000,0.03000000,b,m,
1526308907.4768,8728.70000,0.19951019,s,m,
1526273822.1288,8373.80000,0.09522889,b,m,
1526256772.537,8608.00000,0.00200000,s,l,
1526273833.3447,8365.90000,0.24122646,s,l,
1526233943.5656,8565.80000,0.35500000,s,l,
1526244609.3204,8712.60000,1.79000000,b,m,
1526227116.5075,8611.50000,0.50868197,s,l,
1526273847.661,8365.80000,0.02722550,s,l,
1526208313.5089,8533.00000,0.00200000,s,m,
1526273853.4211,8365.90000,1.49730269,b,l,
1526273862.7857,8371.80000,0.00683457,s,l,
1526273863.4335,8367.80000,0.00788000,s,l,
1526208329.5723,8533.00000,0.06548433,s,l,
1526273867.9957,8372.00000,0.03190000,b,l,
1526306934.7993,8692.40000,0.01150000,b,m,
1526194383.2683,8463.00000,0.49195750,b,l,
1526273873.3785,8372.00000,0.00454969,b,l,
1526273874.2075,8372.00000,0.00500000,b,m,
1526208345.7208,8529.30000,0.00300000,s,l,
1526273885.793,8372.00000,0.03247695,b,m,
1526273888.5681,8372.00000,0.01223444,b,l,
1526306323.5097,8685.90000,0.22180000,s,m,
1526306984.3818,8700.00000,0.26271520,b,l,
1526229300.9129,8646.10000,0.04366594,s,l,
1526273896.494,8372.00000,0.67613892,b,l,
1526208366.6459,8529.10000,0.56298959,b,l,
1526223100.1103,8595.00000,0.01800000,b,l,
1526247942.2904,8694.40000,0.10000000,b,m,
1526197166.7819,8449.10000,0.00399124,b,m,
1526273917.8061,8376.00000,0.01221214,b,l,
1526247061.3666,8706.10000,0.04000000,s,l,
1526314409.1377,8768.40000,1.00000000,b,m,
1526305680.5532,8387.50000,0.00855687,b,l,
1526306303.5029,8693.90000,0.10467689,s,m,
1526211843.2353,8574.80000,0.01337224,s,l,
1526247063.934,8706.10000,0.04170000,s,l,
1526273934.0483,8376.00000,0.24670000,b,l,
1526273935.5829,8376.00000,0.23310000,b,l,
1526312832.7152,8800.00000,0.00540000,b,l,
1526273937.3955,8376.00000,0.02520000,b,l,
1526306002.3778,8625.00000,0.07959387,s,l,
1526273942.8075,8375.90000,0.09512324,s,m,
1526208407.0746,8529.20000,0.08278000,b,m,
1526273952.8531,8372.10000,0.00500000,s,m,
1526247067.6695,8706.10000,0.30165415,s,l,
1526231230.7187,8670.00000,0.06348653,b,m,
1526208438.7009,8529.00000,0.01000000,s,l,
1526246355.0667,8684.00000,0.22480000,s,m,
1526268916.3066,8420.50000,0.00146212,s,m,
1526273979.3003,8373.10000,0.04400000,s,m,
1526208445.5531,8529.10000,0.03176100,b,m,
1526301685.7961,8406.00000,0.00227499,b,l,
1526277313.1225,8384.00000,0.06120000,b,m,
1526273995.1024,8376.00000,0.02880000,b,l,
1526274001.2209,8379.00000,1.00000000,b,l,
1526274005.9006,8379.20000,0.03580300,b,m,
1526305991.932,8639.50000,0.01157150,b,m,
1526274010.2911,8379.20000,4.96419700,b,l,
1526274016.9966,8379.30000,0.23448413,s,l,
1526274017.0038,8379.30000,0.00000113,s,l,
1526303501.2707,8370.00000,0.10119491,s,l,
