time,price,volume,buy_or_sell,market_or_limit,misc
1526267904.8624,8514.30000,0.02668766,s,l,
1526267904.8659,8514.30000,0.09666079,s,l,
1526308616.1951,8770.60000,0.15000000,s,m,
1526256982.7295,8630.40000,0.17052804,s,l,
1526267905.7023,8522.50000,0.00665632,b,l,
1526305378.2449,8372.80000,0.09811135,s,l,
1526202702.7519,8416.50000,0.04950000,s,l,
1526224215.3035,8587.00000,0.00100000,s,l,
1526398988.6249,8548.20000,0.06630000,b,l,
1526267917.6846,8522.20000,0.00665210,b,l,
1526333455.2935,8813.60000,0.05963000,s,l,
1526267921.9487,8521.40000,0.00665155,b,l,
1526398994.7933,8540.60000,0.01076552,s,l,
1526398996.3568,8540.60000,0.00337110,s,l,
1526398997.5991,8540.60000,0.01410000,s,l,
1526224217.2976,8591.20000,0.01070202,b,m,
1526195415.8069,8417.50000,0.02020000,s,m,
1526300676.8658,8405.10000,0.00057447,s,l,
1526344548.1246,8686.20000,0.65260000,s,m,
1526267934.9178,8525.60000,0.29440000,b,m,
1526196508.8902,8443.80000,0.00010000,b,m,
1526224219.925,8590.00000,0.00500000,b,l,
1526399012.0734,8541.00000,0.12010000,b,l,
1526390589.0274,8727.50000,0.04408697,s,l,
1526414594.8282,8535.10000,0.00100044,s,l,
1526304634.0399,8315.00000,0.00490000,s,m,
1526399020.9924,8541.20000,0.11740000,b,l,
1526220373.7329,8564.50000,0.44000000,s,m,
1526238823.4244,8620.90000,0.30288978,s,m,
1526399029.6539,8540.60000,0.10039980,s,l,
1526218191.9897,8510.50000,0.09293699,s,l,
1526366217.863,8753.70000,0.27160000,s,m,
1526259654.4401,8677.20000,0.03000000,b,m,
1526360038.3792,8713.90000,0.04000000,b,l,
1526202426.9059,8402.70000,0.18961869,b,l,
1526267963.6443,8518.40000,0.00500000,b,l,
1526202428.5512,8402.40000,0.10373160,s,l,
1526255443.3935,8691.00000,0.00011918,s,l,
1526267968.1652,8518.40000,0.10000000,b,l,
1526298935.9903,8423.80000,0.00685361,s,m,
1526202434.9851,8402.60000,0.02093653,b,m,
1526202435.1103,8403.10000,0.43244558,b,m,
1526399044.9026,8543.30000,0.00518591,b,l,
1526382138.396,8792.00000,0.03654755,b,l,
1526202440.3995,8402.30000,1.00000000,s,l,
1526398988.6157,8540.70000,0.18000000,b,l,
1526202443.2047,8398.60000,0.01980178,s,l,
1526312029.5139,8749.50000,0.01314333,s,m,
1526395326.2456,8500.70000,0.87297553,s,l,
1526309954.0531,8744.90000,0.01097702,s,m,
1526333523.3187,8820.10000,0.04500000,b,l,
1526223894.7502,8630.20000,0.00913275,s,l,
1526223794.3991,8615.10000,0.50000000,s,l,
1526202455.4026,8398.60000,0.08019822,s,l,
1526267992.0204,8518.30000,0.01000000,s,l,
1526267993.9736,8518.30000,0.00230000,s,l,
1526267994.3202,8521.80000,0.02102604,b,m,
1526267919.7731,8516.30000,0.04790000,s,l,
1526267997.2665,8516.00000,0.10000000,s,l,
1526267998.5836,8514.30000,0.01900000,s,l,
1526224229.7185,8574.70000,0.02313936,s,m,
1526268000.3217,8515.30000,0.04800000,b,l,
1526202465.6229,8390.80000,0.01000000,b,m,
1526333538.0986,8814.00000,0.00566000,s,m,
1526268003.6923,8511.30000,0.02184407,s,m,
1526268004.7497,8514.40000,0.01900000,b,l,
1526268005.9342,8515.20000,0.03223500,b,l,
1526268006.689,8515.10000,0.00099956,s,l,
1526366225.3945,8753.60000,1.00000000,s,m,
1526309224.7004,8767.80000,0.04830000,b,m,
1526371645.6686,8650.10000,1.00000000,s,m,
1526268011.9388,8527.20000,0.03123117,b,m,
1526231420.8792,8669.70000,0.00824910,b,m,
1526293920.1789,8405.50000,0.05000000,b,l,
1526202481.4916,8389.80000,0.04478500,s,m,
1526268018.8073,8512.70000,0.02000000,s,m,
1526268019.1352,8515.10000,0.02262225,b,l,
1526268169.6863,8500.00000,0.23529411,s,l,
1526289769.6167,8419.00000,1.00000000,s,m,
1526268027.2317,8514.30000,0.00877905,b,l,
1526318821.4701,8719.40000,1.00000000,s,m,
1526268030.3281,8513.00000,0.01900000,s,l,
1526278848.6961,8384.40000,0.02190130,b,m,
1526268034.4053,8513.10000,0.01100000,s,l,
1526255685.4417,8658.00000,0.28690000,s,m,
1526268036.9493,8514.20000,0.01360000,b,l,
1526268037.245,8514.20000,0.08240000,b,l,
1526311617.0476,8734.60000,0.00900290,b,l,
1526222691.3479,8589.80000,0.00474352,b,l,
1526268041.3459,8514.10000,0.01359703,b,l,
1526407570.2919,8470.30000,2.35000000,s,m,
1526323424.6187,8723.00000,0.00000001,b,m,
1526399117.5944,8542.00000,0.00411540,s,l,
1526399118.7793,8542.00000,0.04970000,s,l,
1526268047.3669,8513.40000,0.03500000,s,l,
1526390174.1479,8699.50000,0.03576527,s,m,
1526244514.6389,8711.60000,0.00100000,b,m,
1526232869.7619,8587.80000,0.74747039,s,m,
1526224238.9741,8571.40000,0.00100000,s,l,
1526395501.9975,8526.00000,0.04000000,s,l,
1526202521.4908,8389.80000,0.97900622,s,l,
1526268058.3673,8513.50000,1.95345934,s,l,
1526334859.118,8788.70000,0.67990000,s,m,
1526333598.099,8820.90000,0.00000037,s,l,
1526202527.858,8389.90000,0.00965753,b,m,
1526200048.0554,8416.80000,0.05181376,s,m,
1526268067.109,8512.00000,0.00000044,b,l,
1526224241.1776,8573.30000,0.01680000,b,l,
1526268073.6047,8515.50000,0.01000000,b,m,
1526268075.9356,8513.40000,0.02750000,s,l,
1526268078.8263,8513.30000,0.11710000,b,l,
1526268080.0319,8513.30000,0.00880000,b,l,
1526202546.7521,8396.70000,1.00000000,b,l,
1526333619.4856,8813.90000,0.00963509,b,l,
1526202549.3184,8397.00000,0.40000000,b,l,
1526333622.5718,8813.20000,0.10000000,b,l,
1526268089.2382,8512.20000,0.00290000,b,l,
1526333628.7964,8814.00000,0.09986724,b,l,
1526268095.7695,8511.00000,0.04900000,s,l,
1526268099.5621,8512.10000,0.00750000,b,l,
1526268100.4395,8511.00000,0.00400000,s,l,
1526306228.7931,8725.00000,0.00025503,b,m,
1526305931.8045,8535.00000,0.19291320,b,m,
1526268104.78,8512.10000,0.06030000,b,l,
1526394959.3907,8534.70000,0.00000095,b,l,
1526268110.7113,8511.00000,0.03500000,s,l,
1526268112.2045,8511.00000,0.00396196,s,l,
1526217540.5096,8517.40000,0.41000000,s,m,
1526268116.3259,8511.00000,0.61001230,s,l,
1526311630.0421,8742.10000,0.04330000,b,l,
1526268118.1173,8511.00000,0.01900000,s,l,
1526268119.7992,8512.10000,0.16540000,b,l,
1526268120.2017,8512.00000,0.06330000,b,l,
1526268122.8156,8511.00000,0.50000000,s,l,
1526202588.6885,8390.90000,0.01551668,b,l,
1526202589.7976,8391.00000,0.01421569,s,l,
1526268127.6966,8511.80000,0.01900000,b,l,
1526268128.3103,8510.60000,0.03100000,s,l,
1526268129.5407,8511.90000,0.05850000,b,l,
1526268130.3503,8511.80000,0.01230000,b,l,
1526224251.8198,8576.20000,0.30000000,b,m,
1526268132.9194,8501.10000,0.21000000,s,m,
1526253113.6249,8704.60000,0.05000000,s,m,
1526333671.6993,8813.40000,0.04232598,b,l,
1526268136.7864,8501.00000,0.01000000,s,m,
1526257020.6604,8630.50000,0.52229926,b,l,
1526250799.9241,8706.20000,0.27600000,s,l,
1526333676.1368,8814.00000,0.14526000,b,l,
1526268141.4925,8510.00000,0.01340000,b,l,
1526399214.8133,8532.00000,0.01000000,s,l,
1526224253.9356,8576.20000,0.00300000,b,l,
1526268144.4475,8501.10000,0.00511600,s,l,
1526202610.53,8396.20000,0.00238353,b,m,
1526319123.9762,8729.00000,0.00305370,b,l,
1526268148.1169,8501.20000,0.25348445,b,l,
1526268149.2343,8501.20000,0.04080000,b,l,
1526399222.4094,8532.20000,0.01610670,b,l,
1526268151.4424,8501.20000,0.02758445,b,l,
1526268152.0135,8501.20000,0.01090000,b,l,
1526306466.4157,8700.00000,0.02568985,b,l,
1526368553.1789,8718.70000,0.23250000,s,m,
1526399228.4747,8533.00000,0.10000000,s,m,
1526268157.189,8501.20000,0.22290000,b,l,
1526268158.2745,8501.20000,0.01633940,b,l,
1526202623.5714,8391.40000,0.02505770,b,l,
1526399233.9419,8533.00000,0.13389330,s,l,
1526268164.2526,8501.00000,0.00100000,s,l,
1526244385.6921,8727.00000,0.09094644,b,m,
1526394961.6317,8535.00000,0.09500000,b,l,
1526274591.0069,8330.00000,0.42719768,s,l,
1526399240.7006,8533.00000,0.11394062,s,l,
1526268169.9281,8475.90000,0.02830000,s,m,
1526268170.0087,8472.90000,0.49526485,s,m,
1526311639.9993,8749.00000,0.02555381,b,l,
1526268172.3975,8497.50000,0.01633940,b,l,
1526268173.5225,8488.30000,0.02110000,s,l,
1526268174.461,8487.80000,0.02100000,b,l,
1526298372.8885,8399.70000,0.00714311,s,m,
1526410047.0316,8510.00000,0.63600000,b,m,
1526202641.5757,8390.00000,0.00310000,b,l,
1526366592.2553,8744.30000,0.29799182,s,m,
1526320869.2929,8746.30000,0.01340000,s,l,
1526283518.7149,8370.10000,0.00350000,b,l,
1526268181.5408,8477.00000,0.22890000,b,l,
1526268182.2575,8476.90000,0.06460000,b,l,
1526268183.32,8476.90000,0.02250000,b,l,
1526268185.1121,8476.90000,0.05534950,b,l,
1526268186.5749,8476.20000,0.00410000,b,l,
1526265440.0715,8620.00000,0.28754060,s,l,
1526202652.5397,8390.00000,0.60000000,b,l,
1526202653.7759,8420.00000,2.00000000,b,l,
1526202654.3466,8430.00000,0.05190000,s,l,
1526202655.4852,8430.00000,0.01354330,s,l,
1526202656.0002,8430.00000,1.28581382,s,l,
1526202657.8445,8430.00000,4.94724661,s,l,
1526268194.4247,8471.40000,0.03720000,s,m,
1526409947.4871,8489.00000,0.05000000,s,m,
1526390701.1726,8714.40000,0.10000000,s,m,
1526268198.0656,8471.40000,0.08240000,b,l,
1526268199.2456,8471.30000,0.15745158,s,m,
1526202664.6596,8397.50000,0.36000000,s,l,
1526268202.0519,8464.10000,0.03261934,s,m,
1526268203.4983,8466.30000,0.08250000,b,l,
1526323202.1132,8715.10000,2.10053362,s,m,
1526395502.0144,8524.10000,0.19196190,s,l,
1526333743.8499,8814.00000,0.06935363,b,l,
1526268208.2771,8464.20000,0.12170000,s,l,
1526248751.9609,8673.30000,0.04030000,b,l,
1526268210.5461,8464.20000,0.21460000,b,l,
1526268211.8767,8464.20000,0.05100000,b,l,
1526202676.595,8407.00000,1.40000000,b,l,
1526268213.9318,8464.00000,0.65945158,s,l,
1526274132.7328,8372.00000,0.09850000,s,l,
1526268215.4892,8464.20000,0.00030000,b,l,
1526309196.6408,8751.80000,0.09007377,s,m,
1526202683.8264,8411.70000,0.04980000,s,l,
1526388416.8896,8775.00000,0.01825114,b,l,
1526268222.5995,8464.20000,0.07656177,b,m,
1526300725.4261,8418.80000,0.01443429,b,l,
1526268224.4272,8463.90000,0.00322079,b,l,
1526268226.6286,8463.90000,0.06619087,b,l,
1526388107.904,8762.50000,0.09854153,s,l,
1526368776.6438,8715.20000,0.09990000,s,m,
1526268231.0419,8463.60000,0.10000000,b,l,
1526333769.7702,8813.80000,0.00000004,s,l,
1526268234.2511,8464.00000,0.23070000,s,l,
1526268235.0544,8464.20000,0.23670000,b,m,
1526268236.9649,8464.00000,0.08161600,s,m,
1526351733.4216,8639.00000,0.01132502,s,m,
1526202702.7601,8416.40000,0.00158941,s,l,
1526202703.7329,8420.30000,0.45000000,b,m,
1526333779.3461,8813.60000,0.00773081,s,m,
1526268244.2242,8463.90000,1.00000000,s,l,
1526268245.977,8462.20000,2.00000000,b,l,
1526268246.9389,8463.90000,2.36300000,b,l,
1526365498.9672,8743.40000,0.00817361,b,l,
1526268249.9689,8465.20000,0.18000000,b,l,
1526301556.9699,8400.40000,0.96400000,b,m,
1526268252.8787,8464.90000,0.17900000,b,m,
1526202426.8971,8402.70000,0.92038131,b,l,
1526303309.1822,8394.80000,0.01482187,b,l,
1526202719.5649,8420.30000,0.05000000,b,m,
1526340287.6557,8677.80000,0.04165416,b,m,
1526268260.0486,8467.60000,0.24706857,b,m,
1526268262.2382,8467.60000,1.00000000,b,m,
1526268263.8568,8473.60000,0.45000000,b,m,
1526202428.5476,8402.40000,0.02475935,s,l,
1526338764.4881,8627.00000,0.25000000,s,l,
1526335716.5582,8674.70000,0.59994225,s,m,
1526268272.9934,8475.00000,0.00010000,b,l,
1526268274.5986,8475.00000,0.18500000,b,l,
1526268275.1866,8475.00000,0.09830000,b,l,
1526268277.0733,8475.00000,0.02563852,b,l,
1526346955.5335,8660.10000,0.05954322,s,l,
1526268279.5257,8475.00000,0.50204076,b,m,
1526268281.0428,8476.20000,0.02500000,b,m,
1526198941.4047,8462.00000,0.43007000,b,m,
1526268283.5588,8476.20000,0.10000000,b,m,
1526303310.2574,8388.00000,0.03248447,s,l,
1526224277.2495,8573.00000,0.00330000,s,l,
1526268288.4115,8477.70000,0.01000000,b,m,
1526399040.9302,8541.00000,0.00208636,b,l,
1526268290.6427,8474.90000,0.26775000,s,l,
1526310395.1253,8767.00000,0.01539848,s,l,
1526268294.0871,8486.00000,0.02400000,b,l,
1526268295.8509,8478.70000,1.06179919,s,m,
1526319124.1616,8729.00000,0.01154796,b,l,
1526388119.6722,8762.60000,0.00000973,b,m,
1526349138.0603,8670.10000,0.00099956,s,l,
1526202434.9594,8402.40000,0.11461162,b,m,
1526374402.0598,8718.30000,0.02012162,s,m,
1526333839.6152,8814.00000,0.03115486,b,l,
1526333841.7511,8814.00000,0.00250000,b,m,
1526202435.1178,8403.60000,0.01675214,b,m,
1526311662.2265,8750.90000,0.28700600,s,l,
1526268310.4001,8482.80000,1.00000000,s,l,
1526410897.9605,8460.90000,0.02534339,s,m,
1526306141.8499,8615.50000,0.10000000,b,m,
1526399385.6019,8532.90000,0.01870310,s,m,
1526311663.5616,8745.50000,0.00200000,s,m,
1526399388.4383,8535.00000,0.25000000,b,m,
1526224282.7168,8573.00000,0.99670000,s,m,
1526277124.0296,8367.70000,1.00000000,s,l,
1526202783.1924,8419.80000,0.01200000,b,m,
1526308617.1324,8774.10000,0.01000000,s,l,
1526311664.6639,8745.50000,0.10580000,s,l,
1526327527.3193,8721.10000,0.02220000,s,m,
1526271438.1764,8419.90000,0.01662033,b,l,
1526311665.0529,8745.50000,0.00413700,s,l,
1526261999.6529,8672.50000,0.22290000,s,m,
1526247983.3601,8700.90000,0.19230622,b,m,
1526300743.3794,8417.90000,0.00741998,b,l,
1526399408.8853,8533.00000,0.93763328,s,m,
1526233254.1205,8580.00000,0.00300000,b,m,
1526279307.7304,8405.00000,0.00431968,b,l,
1526246181.834,8723.90000,0.02500000,s,m,
1526333879.1027,8814.00000,0.14271010,b,l,
1526268344.0627,8474.90000,0.04302806,s,l,
1526257055.7193,8630.30000,0.10000000,s,l,
1526268348.032,8474.90000,0.00000044,b,m,
1526268396.9618,8461.00000,0.16295209,b,l,
1526268351.6269,8465.80000,0.02000000,s,m,
1526268353.3013,8465.80000,0.04000000,s,l,
1526408160.5454,8468.60000,0.04457105,s,l,
1526333892.7658,8813.80000,0.00765000,s,l,
1526266214.2315,8606.00000,0.00570000,s,l,
1526248756.7934,8673.00000,0.00505113,b,l,
1526268361.4381,8465.20000,0.26875000,b,l,
1526381611.5943,8813.00000,0.49999938,b,m,
1526268365.1866,8461.90000,0.00307501,s,l,
1526268368.7068,8460.00000,0.01248816,s,l,
1526312832.6429,8790.00000,0.02100000,b,l,
1526268373.0228,8459.00000,0.24803136,s,l,
1526268374.8103,8451.10000,0.78700000,s,m,
1526311673.2876,8746.30000,0.03440000,s,l,
1526409978.5968,8494.30000,0.17410000,s,l,
1526268383.7227,8457.00000,0.03500000,b,l,
1526268384.4897,8457.00000,0.75300000,b,l,
1526337740.8723,8636.10000,0.45400000,s,m,
1526330444.0469,8885.00000,0.02995058,s,m,
1526333924.5795,8814.00000,0.43331884,b,l,
1526248757.3037,8672.00000,2.18013519,s,l,
1526311676.6734,8745.40000,0.05290000,s,l,
1526268396.959,8460.80000,0.06000000,b,l,
1526268397.1473,8459.60000,2.00000000,s,l,
1526268400.3765,8460.90000,0.19470000,b,m,
1526268401.9055,8460.00000,0.13280000,b,l,
1526235219.9476,8593.60000,0.03409574,s,l,
1526204012.1426,8591.80000,0.03158239,b,l,
1526311515.0483,8720.20000,0.00000044,s,l,
1526268407.9937,8459.90000,0.01363074,b,l,
1526268408.0025,8461.00000,0.08636926,b,l,
1526268011.9416,8527.30000,0.02676883,b,m,
1526311679.9979,8745.40000,0.49583890,s,l,
1526257066.5563,8622.30000,0.21940000,b,l,
1526305929.4668,8512.00000,0.10000000,b,m,
1526335095.4843,8700.00000,0.71820069,s,m,
1526394042.1605,8710.30000,0.19104504,s,l,
1526215447.3128,8564.20000,0.20000000,s,l,
1526257067.5833,8622.20000,0.03206992,s,l,
1526274607.2228,8309.70000,1.09000000,s,l,
1526364530.3954,8753.00000,0.00085111,b,m,
1526333964.8279,8815.70000,0.03000000,s,l,
1526373333.4449,8690.10000,1.00000000,b,l,
1526399504.3776,8535.30000,0.00702963,s,l,
1526312044.0954,8750.60000,0.09183991,s,l,
1526268434.6125,8461.00000,0.24430000,b,l,
1526268435.9925,8461.00000,0.01400000,b,l,
1526268437.9168,8460.90000,0.14450000,s,m,
1526399510.445,8535.00000,0.01650000,s,l,
1526202903.2397,8419.40000,0.01612007,s,l,
1526323053.4831,8731.00000,0.00000447,s,l,
1526268442.3052,8461.00000,0.10000000,b,l,
1526267994.315,8519.60000,0.00397396,b,m,
1526257897.2475,8644.90000,0.49766636,s,m,
1526202913.8546,8422.10000,0.08090700,s,l,
1526202914.1522,8422.10000,0.08091300,s,l,
1526268451.1238,8461.00000,0.09110000,b,l,
1526374376.9587,8729.20000,0.01678735,s,l,
1526306468.8165,8700.00000,0.28961434,b,l,
1526268454.5125,8461.00000,0.12590000,b,l,
1526268456.6055,8461.00000,0.00860000,b,l,
1526333993.1545,8822.20000,0.03343748,b,l,
1526268458.0415,8461.00000,0.02084801,b,l,
1526399531.8767,8522.10000,0.18784698,s,l,
1526267997.2634,8518.30000,0.11623199,s,l,
1526407570.2772,8475.00000,0.50000000,s,m,
1526268465.3004,8461.00000,0.23080000,b,l,
1526268467.0328,8461.00000,0.11260000,b,l,
1526268469.2924,8461.00000,0.23080000,b,l,
1526268470.0848,8461.00000,0.00900000,b,l,
1526202935.9444,8422.00000,0.04736879,s,l,
1526399544.6877,8522.10000,0.13400000,s,l,
1526268473.2871,8461.00000,0.03216008,b,l,
1526202938.319,8422.00000,0.03369210,s,l,
1526203648.174,8501.90000,0.00420000,b,m,
1526202940.3951,8422.00000,0.00404991,s,l,
1526311690.08,8745.30000,0.24258696,b,l,
1526202942.1423,8422.00000,0.00237985,s,l,
1526399552.3102,8522.10000,1.13486860,s,l,
1526399554.1205,8522.10000,0.10434683,s,l,
1526202947.698,8422.00000,0.04634090,s,l,
1526399556.7781,8522.10000,0.03950870,s,l,
1526268485.5239,8461.00000,0.04130000,b,l,
1526268486.8427,8461.00000,0.11223813,b,l,
1526268001.4198,8519.60000,0.00879022,b,l,
1526399561.6969,8522.10000,0.02468106,s,l,
1526268490.1856,8465.80000,0.00280000,b,l,
1526399563.6181,8513.00000,0.02400000,s,l,
1526202956.4903,8422.00000,0.02306450,s,l,
1526366306.1173,8760.10000,0.27778057,s,m,
1526202958.4733,8422.00000,0.15910430,s,l,
1526399567.76,8512.60000,0.11658244,b,m,
1526202960.6996,8422.00000,0.04939129,s,l,
1526399569.8911,8510.00000,0.02534339,s,l,
1526268499.0302,8469.70000,0.98000000,s,l,
1526334036.9052,8826.70000,0.00330000,s,l,
1526244183.8142,8700.00000,0.50000000,b,m,
1526268502.1652,8470.40000,0.30000000,b,m,
1526268503.8896,8470.40000,0.02385752,b,l,
1526268004.7549,8515.20000,0.00364005,b,l,
1526334043.7001,8826.70000,0.00500000,s,l,
1526364189.8763,8720.10000,1.00000000,s,m,
1526202973.8349,8422.00000,0.18937468,s,l,
1526202974.2018,8422.00000,0.02834510,s,l,
1526399584.9033,8504.90000,0.40000000,s,l,
1526202977.5685,8422.00000,0.00311167,s,l,
1526399586.0015,8500.00000,0.20000000,s,m,
1526289851.4946,8408.30000,0.00381960,b,l,
1526268516.4871,8469.80000,0.00200000,s,m,
1526268006.7091,8511.40000,0.00100000,s,l,
1526268518.0744,8470.10000,0.00411710,b,l,
1526334055.7848,8829.80000,0.01753629,s,l,
1526268279.5524,8485.10000,0.11202593,b,m,
1526399594.5006,8500.00000,0.00209419,s,l,
1526271989.9839,8343.20000,0.19410000,b,l,
1526334060.1896,8829.80000,0.16661538,s,l,
1526268525.9049,8470.10000,0.00490738,s,l,
1526334062.7801,8829.80000,0.07134883,s,l,
1526383720.9477,8775.20000,0.00739023,b,l,
1526274635.2926,8301.20000,0.09111520,s,m,
1526399601.0841,8500.10000,0.01890000,s,l,
1526268169.7262,8500.00000,3.09693809,s,m,
1526399604.4713,8501.90000,0.09533333,b,l,
1526399605.0468,8506.90000,0.00484192,b,l,
1526202998.5607,8424.50000,0.11869000,b,l,
1526399608.465,8506.80000,0.00200000,s,l,
1526334074.4493,8830.10000,0.02134070,s,l,
1526268539.0732,8460.90000,0.12910000,b,l,
1526189841.5802,8382.00000,0.09580000,s,l,
1526240033.7618,8613.10000,2.31800000,s,m,
1526268011.8874,8515.20000,0.03457908,b,m,
1526334084.9621,8829.80000,0.02311100,s,m,
1526368990.4297,8721.30000,0.00000016,s,m,
1526334086.4557,8829.80000,0.01460191,s,m,
1526355393.2661,8710.00000,0.09010000,b,m,
1526203018.2581,8424.50000,0.88131000,b,l,
1526244398.291,8731.20000,0.08282594,b,l,
1526203020.0897,8419.20000,0.27420000,s,l,
1526380989.4371,8825.00000,0.50000000,b,m,
1526268563.3917,8470.40000,0.00297581,b,l,
1526203030.7331,8409.80000,0.03520800,s,l,
1526203032.5064,8409.80000,0.02479200,s,m,
1526357876.955,8703.00000,0.17230000,b,l,
1526399645.8048,8500.00000,0.03320000,s,l,
1526257093.5796,8616.10000,0.30420000,s,m,
1526366320.1766,8758.90000,0.00183918,b,m,
1526306528.7414,8742.40000,0.02200000,b,m,
1526399653.6065,8500.50000,0.50000000,s,m,
1526217854.7542,8521.00000,0.00100000,s,m,
1526380688.321,8824.20000,0.41451700,b,m,
1526334120.7462,8829.90000,0.00800000,s,l,
1526311708.9151,8758.00000,0.26738075,b,l,
1526399659.0689,8500.60000,1.50000000,b,l,
1526268589.4209,8470.70000,0.12830000,s,l,
1526399662.9137,8502.30000,0.06760000,b,m,
1526203055.1874,8407.90000,0.10000000,s,l,
1526203056.4883,8407.50000,0.16660000,s,l,
1526224328.2769,8598.20000,0.08906302,b,m,
1526294199.1117,8418.00000,0.00099956,s,l,
1526399669.4632,8500.50000,0.08602493,s,l,
1526188072.0949,8370.80000,0.00311307,b,m,
1526307685.4418,8705.00000,0.02383601,s,l,
1526385117.5581,8771.20000,0.00684057,s,l,
1526344479.3415,8708.00000,0.00200000,s,l,
1526364537.637,8764.20000,1.69447521,b,l,
1526334144.0832,8837.80000,0.97900622,b,m,
1526268610.9002,8470.80000,0.00245954,b,l,
1526399683.6487,8504.90000,0.03860000,b,l,
1526394829.9579,8549.00000,2.00000000,s,m,
1526312846.404,8842.20000,1.94900000,b,m,
1526334151.7295,8829.80000,0.18900000,s,l,
1526399688.9602,8504.00000,0.05000000,s,m,
1526399689.6348,8492.90000,0.00200000,s,m,
1526268618.1206,8469.30000,0.01629685,s,l,
1526399694.0576,8493.40000,0.00615098,s,m,
1526256460.716,8655.40000,0.03000000,s,l,
1526397272.2632,8512.60000,0.00323831,s,l,
1526216031.2171,8549.50000,0.10394198,b,l,
1526395333.7163,8476.20000,0.86380922,s,m,
1526399702.1764,8493.60000,0.05749885,s,m,
1526268632.808,8472.50000,1.00000000,b,m,
1526268633.1257,8472.40000,0.15000000,b,m,
1526203098.588,8411.10000,0.24330000,s,l,
1526399711.3208,8503.60000,0.18000000,b,m,
1526229125.0426,8638.40000,0.00033349,b,m,
1526334179.3015,8829.80000,0.37481741,s,l,
1526289873.6299,8415.90000,0.81318040,s,m,
1526348406.9691,8659.50000,0.11075843,s,m,
1526268650.9109,8467.00000,0.10000000,s,l,
1526410253.1433,8511.00000,0.08780000,b,m,
1526268655.1972,8462.10000,0.16480000,s,l,
1526334193.2885,8826.40000,0.00000921,s,m,
1526268658.7107,8459.20000,0.06000000,s,l,
1526257107.7595,8623.40000,0.01158415,s,m,
1526395333.5637,8476.20000,0.00000044,s,m,
1526268663.1295,8457.40000,0.05000000,b,l,
1526193144.6669,8471.00000,0.02000000,b,m,
1526334204.5142,8828.00000,0.09512578,b,l,
1526410026.4269,8508.30000,0.01700415,s,l,
1526268670.849,8455.90000,0.23090000,s,l,
1526389935.3264,8725.50000,0.00684986,b,l,
1526268672.906,8455.20000,0.07170000,b,l,
1526268673.1988,8455.20000,0.16224640,b,l,
1526268674.3731,8455.20000,0.16221809,b,l,
1526268675.1401,8455.60000,0.19646449,b,l,
1526268676.2794,8455.60000,0.05483551,b,l,
1526334213.5249,8826.30000,0.03000000,s,l,
1526268680.208,8455.20000,0.23090000,b,l,
1526411574.1802,8490.00000,1.00000000,s,l,
1526414119.1238,8547.40000,0.01000000,b,m,
1526306245.068,8720.20000,1.00000000,b,l,
1526246434.1262,8696.60000,0.15885890,b,m,
1526203904.1457,8582.80000,0.10000000,b,l,
1526268689.3351,8451.00000,0.02500000,s,m,
1526331892.4555,8836.00000,0.01388080,s,m,
1526311726.2269,8754.10000,0.10000000,s,m,
1526268694.0933,8451.00000,1.26065263,s,l,
1526268696.7781,8450.00000,0.00000003,s,m,
1526268697.4408,8450.00000,0.89583431,s,l,
1526222867.7036,8610.00000,0.77564493,b,m,
1526268699.9778,8450.00000,0.01400000,s,l,
1526388432.7118,8769.60000,0.01126044,s,l,
1526399773.6283,8502.10000,0.00200000,b,l,
1526268702.9442,8450.00000,0.10000000,s,l,
1526334239.2191,8826.30000,0.02000000,s,m,
1526380844.4258,8841.00000,0.00000003,s,m,
1526268707.8444,8442.80000,0.01648799,s,l,
1526268708.7,8440.00000,0.01400000,s,l,
1526380650.3508,8749.70000,0.19000000,b,l,
1526268710.2252,8443.00000,0.09836594,s,l,
1526268711.7373,8440.00000,0.13900000,s,l,
1526268712.1748,8440.00000,0.00050000,s,l,
1526268714.6374,8437.40000,0.06926941,s,l,
1526268715.9954,8437.40000,0.07414400,s,l,
1526268716.3771,8437.40000,0.16200000,s,l,
1526399789.2071,8500.00000,0.18201284,s,l,
1526268718.7067,8427.60000,0.52300000,s,l,
1526268720.127,8425.70000,0.23170000,b,l,
1526203185.8303,8404.10000,0.03374100,s,l,
1526203186.8931,8404.20000,0.00239099,s,l,
1526268723.9837,8425.10000,0.01180000,b,l,
1526268725.8527,8425.00000,0.02000000,s,l,
1526268726.8292,8415.30000,1.79000000,s,l,
1526268727.6221,8410.70000,0.00293143,s,m,
1526268728.2111,8424.00000,0.01183473,b,l,
1526203193.899,8404.20000,0.00239446,s,l,
1526203195.3839,8407.90000,0.20000000,b,m,
1526237008.6082,8612.50000,0.61925706,b,m,
1526335040.165,8730.00000,0.06502632,s,l,
1526399809.0573,8500.50000,0.00200000,s,l,
1526314326.0864,8747.60000,0.09899605,s,l,
1526248397.7228,8704.60000,0.02643139,b,m,
1526203204.7202,8403.50000,0.01600000,s,l,
1526200759.3181,8418.50000,0.00000921,s,m,
1526268743.6319,8410.90000,0.23210000,b,l,
1526268744.7561,8410.00000,0.05000000,s,m,
1526268745.3202,8410.90000,0.10540000,b,l,
1526203210.3002,8403.50000,0.08940000,s,l,
1526334284.2559,8826.30000,0.03030000,s,l,
1526203213.4947,8403.50000,0.05321954,s,l,
1526334286.1377,8826.40000,0.04078000,b,l,
1526203215.4489,8403.50000,0.13709935,s,l,
1526268752.1343,8410.80000,0.05680000,b,l,
1526257064.6457,8622.20000,0.26312345,s,l,
1526203218.0801,8403.50000,0.00090065,b,l,
1526203219.7192,8404.60000,0.00614076,s,l,
1526334292.649,8826.30000,0.41506434,s,l,
1526203221.2721,8404.60000,0.04490000,s,l,
1526399830.5582,8500.00000,0.03440200,s,l,
1526246201.0258,8723.90000,0.02319385,s,m,
1526366197.3931,8753.40000,0.55100000,s,m,
1526268761.5225,8410.80000,0.00250000,b,l,
1526394130.0979,8710.00000,0.01444094,b,l,
1526202942.1534,8422.00000,0.00238183,s,l,
1526227057.571,8620.00000,0.06000000,b,m,
1526310117.8831,8746.60000,0.14590000,b,l,
1526334303.0535,8827.40000,0.00200000,b,m,
1526322074.5355,8730.50000,0.07418714,b,l,
1526278971.2853,8388.40000,0.00493925,b,l,
1526360065.5707,8703.00000,0.43770781,s,l,
1526268777.944,8401.90000,0.01200000,b,l,
1526268781.8617,8402.10000,1.68792500,b,l,
1526399854.7514,8500.70000,0.00235259,b,l,
1526399855.2489,8500.70000,0.03004741,b,m,
1526338788.5858,8612.00000,0.01500000,s,m,
1526268785.7448,8401.70000,0.44342170,s,m,
1526268786.8622,8401.70000,0.00700000,s,l,
1526268788.7681,8405.90000,1.52700248,b,m,
1526334327.8238,8826.30000,0.01618609,s,l,
1526320108.2408,8738.30000,0.12279073,b,m,
1526268793.9199,8401.60000,0.07020000,s,l,
1526394879.7798,8571.00000,0.00672952,s,l,
1526268795.3386,8401.90000,0.21900000,b,l,
1526270245.3574,8409.30000,0.10000000,s,l,
1526268797.3487,8405.00000,0.24011384,b,l,
1526226948.4022,8616.00000,0.42721880,b,l,
1526399873.9822,8501.00000,0.17500000,b,l,
1526268804.0239,8401.80000,0.00579420,b,l,
1526268806.9893,8402.90000,0.00780000,s,l,
1526268807.29,8402.90000,0.16150000,s,l,
1526257132.1189,8627.60000,0.46715219,b,m,
1526203274.0759,8404.80000,0.05990415,s,m,
1526268811.6201,8404.20000,0.07651384,b,l,
1526231313.3707,8676.00000,0.00000001,b,l,
1526268813.2622,8405.90000,0.23978122,b,l,
1526268814.1975,8410.60000,0.07392164,b,l,
1526268815.3988,8405.80000,0.24300000,b,l,
1526268816.7113,8405.80000,0.74700000,b,l,
1526399889.2613,8501.00000,0.05000000,b,m,
1526268820.2185,8409.90000,0.10620000,s,l,
1526268821.1034,8410.00000,0.03330000,s,l,
1526334359.4974,8826.30000,0.00240382,s,l,
1526410052.4289,8507.80000,0.02210000,s,l,
1526268830.3279,8415.30000,0.50000000,s,l,
1526380739.2437,8798.00000,0.00480000,s,l,
1526268834.8757,8415.20000,0.14400000,s,m,
1526334374.561,8826.30000,0.10052118,s,l,
1526203303.6101,8404.70000,0.00500000,s,l,
1526268840.7076,8421.20000,0.01000000,b,m,
1526390619.1709,8724.90000,0.00667614,b,l,
1526410055.4821,8508.20000,0.08681376,s,l,
1526264048.5315,8676.10000,0.00817659,s,l,
1526268846.394,8420.20000,0.11000000,s,l,
1526268848.9574,8420.90000,0.08670000,b,l,
1526330145.7719,8796.30000,0.08631786,b,m,
1526334387.9543,8826.30000,0.76052443,s,l,
1526268852.2087,8421.20000,0.27118410,s,l,
1526333598.1241,8814.30000,0.29270000,s,l,
1526410057.177,8522.20000,0.46305951,b,m,
1526333599.1662,8814.00000,0.02730000,b,l,
1526268860.137,8420.70000,0.01876050,b,l,
1526309876.4046,8740.40000,0.00304581,s,m,
1526399935.12,8501.00000,1.00000000,b,l,
1526399937.0826,8502.10000,0.49800000,b,l,
1526338768.6757,8630.00000,0.00161418,s,m,
1526311755.7266,8761.60000,0.37680726,b,m,
1526399940.8101,8505.00000,0.09940455,b,l,
1526268869.8994,8420.30000,1.00000000,s,l,
1526334406.979,8805.80000,0.01899204,s,m,
1526268871.393,8420.30000,0.05330000,s,l,
1526399944.4789,8518.60000,0.01572495,s,l,
1526330514.4928,8858.00000,0.00980000,s,l,
1526268875.3306,8428.40000,0.21777573,b,m,
1526268877.0316,8420.40000,0.00899999,s,l,
1526311757.549,8758.70000,0.02120000,s,l,
1526388438.4354,8774.30000,1.00000000,b,m,
1526334418.635,8806.10000,0.00200000,s,m,
1526268067.1166,8513.50000,0.00777999,b,l,
1526334421.7257,8805.80000,0.02898700,s,m,
1526399958.3422,8520.10000,0.97900622,s,l,
1526257145.7371,8619.70000,0.08042148,s,l,
1526268888.2779,8421.00000,0.05000000,b,m,
1526327335.7036,8722.00000,0.00500000,s,m,
1526394828.0937,8561.10000,0.17091351,s,m,
1526334429.5455,8805.80000,0.00511473,s,l,
1526268894.887,8420.30000,0.00500000,s,l,
1526268073.6148,8519.80000,0.70718490,b,m,
1526399969.1013,8520.00000,0.03010000,b,l,
1526268900.1681,8420.90000,0.12570000,b,l,
1526217197.1479,8549.30000,0.11400000,s,l,
1526311761.7828,8758.70000,0.40050544,s,l,
1526388220.7227,8765.40000,0.00145847,b,l,
1526289917.0753,8405.10000,0.02981600,s,l,
1526203376.2051,8408.40000,0.10000000,b,l,
1526399985.6078,8519.90000,0.01040000,s,l,
1526271591.9292,8400.20000,0.93270102,s,l,
1526311763.1306,8756.70000,1.11000544,s,l,
1526268916.3066,8420.50000,0.00146212,s,m,
1526388222.073,8765.30000,0.00174517,s,l,
1526399990.2929,8520.00000,0.02250000,b,l,
1526268073.599,8515.00000,0.19050000,b,m,
1526399993.3325,8520.00000,0.01210000,b,l,
1526334459.5312,8805.80000,0.00130724,s,l,
1526399998.3591,8519.90000,0.05150846,s,l,
1526399999.9134,8519.90000,0.02620000,s,l,
1526268929.4884,8429.10000,0.35000000,b,m,
1526400002.3843,8520.00000,0.00730000,b,l,
1526268075.9382,8513.40000,0.01390000,s,l,
1526400004.5502,8520.00000,0.17598300,b,m,
1526331701.9028,8823.80000,0.09800000,b,m,
1526268934.6175,8426.00000,0.80000000,b,l,
1526400008.4067,8519.90000,0.50000000,s,m,
1526300844.9307,8401.80000,0.08556571,b,l,
1526334474.0428,8805.80000,0.00237800,s,l,
1526379711.9643,8713.40000,0.03971413,s,l,
1526268943.718,8429.80000,0.00413278,b,m,
1526248860.4868,8676.90000,0.00547994,b,m,
1526268945.6589,8429.00000,0.00729110,s,l,
1526268947.0667,8426.00000,0.02030203,s,l,
1526267036.6914,8635.70000,0.96568629,s,m,
1526268949.6734,8421.00000,0.00097973,b,l,
1526400022.468,8520.00000,0.01852118,b,m,
1526311769.2222,8750.00000,0.02200000,s,l,
1526223546.6225,8633.00000,0.70812736,b,l,
1526400025.2002,8520.00000,0.01502905,b,l,
1526400027.409,8520.00000,0.34796557,b,m,
1526393505.6464,8736.50000,0.00000975,b,l,
1526391424.532,8735.00000,0.11881175,b,l,
1526316426.7403,8768.60000,0.09880000,s,m,
1526203425.0217,8408.50000,0.02198696,s,l,
1526322973.4249,8728.00000,0.01450000,s,l,
1526268966.6742,8433.20000,0.05104000,b,m,
1526300849.3228,8401.30000,0.00400000,b,m,
1526228550.9119,8681.50000,0.50000000,b,m,
1526266425.8096,8626.30000,0.30655035,b,l,
1526364704.6018,8767.80000,1.00000000,b,l,
1526268972.3079,8433.20000,0.00332990,b,m,
1526241877.1662,8620.50000,0.06499000,s,m,
1526334510.4201,8805.00000,0.00100000,s,l,
1526410077.7382,8508.20000,0.08430000,s,l,
1526403717.587,8550.70000,0.00000001,b,m,
1526268977.2508,8431.10000,0.00400000,b,m,
1526382292.5504,8800.50000,0.24787521,s,l,
1526333619.4967,8814.00000,0.73806743,b,l,
1526279006.8285,8380.00000,0.00861888,b,l,
1526334518.9433,8803.30000,0.14509252,b,l,
1526334521.9373,8782.40000,0.16139837,s,m,
1526334522.0024,8778.00000,0.24359010,s,m,
1526410079.454,8508.10000,0.05361130,s,l,
1526268988.5047,8430.80000,0.09850000,b,m,
1526224394.1749,8597.20000,1.00000000,s,l,
1526240048.3171,8613.10000,0.00023300,s,m,
1526400064.5636,8519.90000,0.27818902,s,l,
1526268993.3587,8430.60000,0.09850000,b,m,
1526363210.2345,8729.90000,1.00000000,b,l,
1526355467.2643,8705.90000,0.18910000,b,l,
1526268996.2734,8424.30000,0.25500000,b,m,
1526268997.3561,8424.30000,0.69870000,b,l,
1526405900.7213,8506.40000,0.00214787,b,l,
1526400074.7957,8519.90000,0.01910000,s,l,
1526320021.4863,8732.10000,0.00719288,b,l,
1526246242.318,8723.40000,0.00976661,s,m,
1526322701.6772,8734.80000,0.13656230,b,l,
1526334544.4833,8780.00000,0.01120000,b,l,
1526334545.0916,8780.00000,0.05460000,b,l,
1526395365.3719,8482.30000,0.25734000,s,l,
1526334549.1286,8776.50000,0.00300000,s,m,
1526187696.0924,8344.20000,0.00000005,s,m,
1526269016.3993,8421.10000,0.00400000,s,m,
1526344548.0906,8695.90000,0.40000000,s,m,
1526294223.643,8404.00000,0.02840000,s,l,
1526400094.6639,8520.00000,0.37972820,b,l,
1526311781.273,8746.10000,0.00449957,s,l,
1526243990.7936,8649.00000,0.62751035,b,l,
1526334562.9654,8778.90000,0.02894568,b,l,
1526269027.7156,8421.10000,0.02000000,s,m,
1526334565.8059,8760.30000,0.02500000,s,m,
1526203494.7997,8409.10000,0.02000000,b,l,
1526203495.1929,8409.10000,0.00332591,b,l,
1526203497.1053,8419.10000,0.00320000,b,l,
1526203498.895,8423.30000,0.22349157,b,l,
1526203499.7679,8423.40000,0.15640000,s,l,
1526203500.7036,8423.50000,1.00000000,b,l,
1526269037.6534,8421.10000,0.15000000,s,l,
1526269041.9888,8421.10000,5.04391000,s,l,
1526353853.6124,8656.00000,0.30000000,b,l,
1526203508.992,8435.60000,0.01800000,s,l,
1526269046.5057,8420.30000,0.18637000,s,l,
1526400119.6318,8529.40000,0.00800000,b,m,
1526400120.9377,8532.60000,0.00099956,b,m,
1526269049.1621,8420.30000,0.00452146,s,l,
1526203514.7833,8435.70000,0.07875539,b,l,
1526300863.9091,8401.30000,0.03150000,b,l,
1526269052.1458,8419.60000,0.10000000,s,l,
1526306472.8918,8699.90000,0.05059867,b,l,
1526221874.5773,8582.00000,0.00100000,s,m,
1526398574.2273,8530.80000,0.12290000,b,l,
1526269056.3625,8410.00000,0.05540000,s,l,
1526203521.6897,8440.70000,0.05000000,b,l,
1526334595.0336,8765.10000,0.01028078,s,l,
1526203525.3971,8440.80000,0.03280000,s,l,
1526298616.146,8406.20000,0.00855102,b,m,
1526334600.4957,8764.20000,0.05700000,s,m,
1526410092.0479,8499.10000,0.31765716,s,l,
1526313304.4731,8785.60000,0.03439303,b,l,
1526327893.9416,8734.00000,10.00000000,s,l,
1526312846.3298,8835.00000,1.00000000,b,m,
1526279021.2013,8380.30000,0.00285265,b,m,
1526334608.9307,8764.70000,0.00099956,s,l,
1526224408.8554,8600.00000,0.19081009,b,l,
1526203541.1701,8446.40000,0.12161000,b,m,
1526248780.9823,8652.10000,0.00400000,s,m,
1526399172.0578,8542.00000,3.00000000,s,l,
1526269082.4299,8412.30000,0.10000000,s,m,
1526414556.5162,8549.60000,1.53079323,s,l,
1526269084.0378,8414.00000,0.00500000,b,m,
1526203551.2187,8446.40000,0.11917780,b,m,
1526410096.1697,8498.10000,0.75242673,s,l,
1526334627.0503,8760.00000,0.20000000,s,m,
1526203559.903,8446.30000,0.12161000,b,m,
1526269096.7584,8413.80000,0.00400000,b,l,
1526269097.4825,8413.70000,0.08060000,b,l,
1526334634.3948,8768.20000,0.00834332,s,m,
1526269099.1779,8420.40000,0.00400000,b,l,
1526324606.5377,8761.00000,0.02099378,b,m,
1526256459.4756,8655.40000,0.07783875,s,l,
1526203567.2365,8446.30000,0.05919000,b,l,
1526269104.3332,8420.40000,0.10000000,b,m,
1526268104.7854,8512.10000,0.02760000,b,l,
1526400178.8218,8528.70000,0.00703507,s,l,
1526232782.6407,8629.80000,0.02350000,b,l,
1526400181.1354,8528.80000,0.02226493,s,l,
1526248781.0037,8648.20000,0.02504175,s,m,
1526334648.7467,8761.00000,1.00000000,s,l,
1526387767.0554,8756.30000,0.01223195,b,l,
1526328731.3281,8753.90000,1.61080000,s,l,
1526199350.2351,8454.90000,0.09800000,s,l,
1526334654.5444,8763.80000,0.03680000,s,l,
1526397175.7286,8523.70000,0.10000000,b,m,
1526334656.8982,8771.70000,0.01794432,b,l,
1526256455.5415,8655.40000,0.09700000,s,l,
1526319672.1432,8732.40000,0.43700314,s,m,
1526334659.8269,8772.20000,0.02362990,s,l,
1526334660.6946,8772.50000,0.03427340,b,m,
1526283534.7491,8370.00000,0.17680615,s,l,
1526312846.3266,8834.10000,0.20000000,b,m,
1526322721.8802,8730.00000,0.02250000,s,l,
1526277151.1494,8374.70000,0.00000044,b,l,
1526279031.7583,8388.30000,0.50000000,b,l,
1526203596.5448,8445.00000,0.00500000,b,l,
1526269133.6397,8421.00000,0.00355776,b,l,
1526345753.4555,8711.50000,0.80599814,b,l,
1526203602.6472,8445.00000,0.29983903,b,l,
1526388259.8917,8765.10000,0.00145847,b,l,
1526408087.5507,8490.00000,0.10930000,s,l,
1526322280.6042,8731.00000,0.02888000,s,l,
1526334682.6025,8785.60000,0.24900000,b,m,
1526400219.9678,8538.10000,0.12740000,b,l,
1526405905.3754,8526.00000,0.75736686,b,m,
1526388447.8027,8769.60000,0.05390000,s,l,
1526289957.7022,8413.70000,1.97984751,b,l,
1526270605.7188,8419.40000,0.21817830,b,l,
1526269153.8618,8421.20000,0.01000000,s,m,
1526269154.8639,8421.20000,0.00500000,s,m,
1526203619.819,8450.00000,0.05771000,b,l,
1526289958.8898,8405.10000,0.79218662,s,m,
1526269158.8863,8421.20000,0.22810000,s,l,
1526203624.2862,8452.50000,0.25000000,b,l,
1526309339.1198,8749.90000,0.05631557,b,l,
1526203628.4198,8460.00000,0.00015110,b,m,
1526400237.699,8531.70000,0.05490000,s,l,
1526203630.6764,8469.90000,0.00637900,b,m,
1526334706.0444,8787.30000,0.00032850,b,m,
1526331709.8335,8833.10000,1.00000000,b,m,
1526305858.7179,8475.70000,4.00000000,b,m,
1526269175.84,8419.70000,0.00099956,s,l,
1526364443.9234,8738.00000,0.00001277,b,m,
1526268116.3352,8511.00000,0.38998770,s,l,
1526311807.1919,8756.60000,0.10000000,s,l,
1526269181.4783,8417.00000,0.01378536,b,m,
1526244217.1513,8714.00000,0.05000000,b,l,
1526334719.4807,8789.70000,0.02659821,b,m,
1526203648.152,8501.90000,2.00000000,b,m,
1526203649.842,8478.80000,0.03750000,s,l,
1526203650.173,8479.40000,0.03750000,s,l,
1526235350.9119,8585.20000,0.54209673,s,l,
1526390726.6065,8713.80000,0.10000000,s,m,
1526203655.5476,8494.80000,0.04990000,b,m,
1526250171.5772,8712.10000,0.01700013,s,l,
1526334729.335,8778.10000,0.00726379,s,m,
1526269195.2415,8402.00000,0.12100000,s,m,
1526269196.8348,8404.70000,0.10620000,b,l,
1526414207.4862,8542.50000,0.03261254,b,l,
1526267629.3735,8600.00000,0.00310000,s,l,
1526297744.8786,8432.70000,0.00471174,b,l,
1526203665.6311,8496.90000,0.02854192,s,l,
1526269202.213,8402.60000,0.18000000,s,l,
1526203668.9402,8505.00000,0.00587889,b,l,
1526205139.0809,8577.10000,0.00781286,s,m,
1526400279.4411,8532.50000,0.00580465,s,m,
1526344580.1959,8697.10000,0.04218770,s,m,
1526257199.5201,8633.30000,0.08000000,b,l,
1526203676.4848,8539.50000,0.55934651,b,m,
1526203677.4859,8510.40000,0.04990000,b,l,
1526269214.9718,8402.20000,0.02113361,s,l,
1526289888.5261,8400.00000,0.00351992,s,m,
1526203680.459,8517.70000,0.00240000,s,l,
1526203681.3313,8517.90000,0.04170000,s,l,
1526269218.2108,8406.50000,0.00500000,b,m,
1526203683.7191,8529.70000,0.01300100,b,l,
1526203684.9373,8545.80000,0.02000000,b,m,
1526203685.194,8550.00000,0.84381244,b,l,
1526269222.1174,8403.00000,0.00900000,b,l,
1526269223.3429,8406.60000,0.00456847,b,l,
1526203688.1684,8541.10000,0.07480000,s,l,
1526400297.1189,8545.30000,0.07000000,b,m,
1526269226.5994,8408.90000,0.03120000,b,l,
1526377351.1516,8727.90000,0.02399332,s,l,
1526203692.3852,8550.10000,0.06250000,s,l,
1526203693.2336,8550.10000,0.00213962,s,l,
1526248785.5198,8643.90000,0.00694131,s,m,
1526203696.6894,8555.00000,0.10000000,b,m,
1526203698.5021,8554.50000,0.01204819,s,l,
1526254001.2205,8703.20000,1.95176303,s,m,
1526203700.291,8558.50000,0.04972517,b,m,
1526269237.2641,8402.60000,0.00000023,s,m,
1526203702.4454,8566.00000,0.50000000,b,m,
1526203703.8247,8565.60000,0.07500000,s,l,
1526269240.8706,8402.00000,0.00361137,s,l,
1526334406.9696,8809.00000,0.00099956,s,m,
1526203706.5805,8576.50000,0.12500000,b,m,
1526268127.6997,8511.90000,0.20980000,b,l,
1526203709.0763,8569.00000,0.00205097,b,l,
1526203711.7036,8569.00000,0.22349157,b,l,
1526203713.4565,8573.40000,0.01830000,s,l,
1526203714.1068,8573.40000,0.00290000,s,l,
1526203715.0185,8573.70000,0.02820000,s,l,
1526203717.2586,8573.50000,0.07500000,s,l,
1526269254.5789,8405.50000,1.00000000,b,l,
1526268129.4917,8510.90000,0.02063993,b,l,
1526269256.986,8401.90000,0.01000000,b,m,
1526400329.6921,8537.80000,0.15000000,b,m,
1526269258.4781,8401.00000,0.00260000,s,l,
1526269259.3463,8401.00000,0.00260000,s,l,
1526271121.3501,8430.00000,1.00000000,b,m,
1526203725.6829,8572.90000,0.38510000,s,l,
1526203726.0643,8572.80000,0.11126384,s,l,
1526269264.954,8401.00000,0.12410000,s,l,
1526269265.4074,8401.00000,0.07830000,s,l,
1526203732.118,8571.90000,0.01518927,s,l,
1526269269.2669,8401.00000,0.00375857,s,l,
1526338259.947,8666.40000,1.00000000,s,m,
1526396594.6436,8488.10000,0.01173606,s,l,
1526269272.2151,8401.00000,0.33244000,s,l,
1526269273.1322,8401.10000,0.00100000,b,l,
1526203738.1687,8573.50000,0.07201200,b,l,
1526269275.2383,8401.10000,0.00937924,s,l,
1526203740.1387,8573.00000,0.80000000,s,l,
1526203741.7003,8571.80000,0.06179874,s,l,
1526336077.0367,8719.30000,0.01723173,s,l,
1526269279.1422,8402.60000,0.20000000,b,l,
1526203744.7171,8571.90000,0.11600000,s,l,
1526203745.9006,8571.90000,0.05735036,s,l,
1526203746.4185,8571.80000,0.11600000,s,l,
1526203747.4325,8571.70000,0.06000000,s,l,
1526203748.2889,8571.60000,0.06573643,s,l,
1526223852.5923,8616.50000,0.01152901,b,l,
1526203750.0745,8568.00000,3.10000000,s,l,
1526203751.2528,8568.10000,0.11600000,s,l,
1526364541.9342,8770.00000,0.09163000,b,m,
1526308616.01,8800.00000,0.05000000,b,m,
1526334827.799,8788.00000,0.01350000,s,l,
1526334828.8275,8788.00000,0.18990000,s,l,
1526377362.6569,8728.20000,0.08106132,s,l,
1526380670.4841,8787.60000,0.00099956,s,l,
1526247942.3797,8709.00000,0.22324800,b,m,
1526203763.6507,8569.00000,0.03263554,s,l,
1526203769.5301,8585.00000,0.23299788,s,l,
1526334843.447,8797.30000,0.00200000,b,m,
1526203773.246,8585.00000,0.01600000,s,l,
1526203774.2719,8585.10000,0.10000000,b,m,
1526279061.8292,8388.20000,0.08610663,b,m,
1526203777.4512,8585.00000,0.14443320,s,l,
1526203778.5087,8585.00000,0.11857908,s,l,
1526203779.2082,8585.00000,0.11093596,s,l,
1526311467.8008,8729.90000,0.00224852,b,m,
1526203782.5867,8585.00000,0.02811212,s,l,
1526203784.18,8585.10000,0.06000000,b,m,
1526334857.7148,8799.80000,0.01000000,b,m,
1526334859.1111,8788.80000,0.32010000,s,m,
1526334860.7439,8788.60000,0.69003970,s,m,
1526203789.4423,8585.10000,0.06000000,b,m,
1526269326.0881,8401.70000,0.00563852,b,l,
1526203792.5187,8585.10000,1.40000000,b,m,
1526253332.0431,8740.30000,0.64410000,b,m,
1526289987.003,8424.70000,1.05444108,b,m,
1526318258.5212,8748.70000,1.00000000,s,l,
1526306183.792,8710.00000,0.10000000,b,m,
1526410897.9531,8461.00000,1.00000000,s,m,
1526203801.6368,8593.20000,0.02527723,b,m,
1526269338.8793,8401.20000,0.01270371,b,l,
1526334875.304,8798.40000,0.04610550,b,m,
1526335716.5503,8680.00000,0.05774404,s,m,
1526311834.6348,8756.50000,0.00343710,s,l,
1526269342.442,8406.70000,0.00988312,b,l,
1526203809.0427,8589.70000,0.00260792,s,m,
1526203811.6923,8590.00000,0.00256837,b,m,
1526331631.2736,8809.60000,0.37319579,b,l,
1526222606.3241,8590.00000,0.19174036,b,l,
1526269352.4888,8413.30000,1.00000000,s,l,
1526306474.9339,8701.00000,0.16830000,s,l,
1526355527.6154,8707.40000,0.13293898,s,l,
1526285088.5245,8380.20000,0.00500000,s,m,
1526202610.5086,8388.70000,0.42500000,s,m,
1526269358.9096,8413.40000,1.00000000,s,l,
1526223417.0961,8620.00000,0.21005123,b,l,
1526269361.6712,8413.50000,0.02000000,b,l,
1526235379.6342,8586.10000,0.27399039,s,l,
1526334900.8932,8800.80000,0.01000000,b,m,
1526203829.9174,8587.80000,0.12377210,s,l,
1526400438.2408,8530.60000,0.00024830,s,m,
1526224457.3668,8600.00000,0.02100000,b,m,
1526268148.9628,8501.20000,0.05700000,b,l,
1526203836.3486,8588.70000,0.01450000,b,l,
1526224458.9304,8600.00000,0.00540000,b,l,
1526242243.6256,8635.00000,0.00850000,b,l,
1526269375.0603,8417.00000,4.06400000,b,m,
1526410144.6198,8505.50000,0.11011803,s,l,
1526334914.2132,8798.00000,0.01000000,b,m,
1526203843.5983,8583.00000,0.10000000,b,m,
1526312837.2809,8819.50000,0.50000000,b,m,
1526315657.9806,8780.10000,0.00000979,b,l,
1526269384.8934,8414.00000,0.23180000,s,l,
1526256472.0217,8632.50000,0.01220000,s,m,
1526327118.0359,8730.00000,0.02120000,b,l,
1526268151.4385,8501.20000,0.19051555,b,l,
1526311842.7666,8750.60000,0.06350000,s,l,
1526203856.3614,8582.90000,0.10490000,s,l,
1526334929.2093,8785.40000,0.01505477,s,l,
1526312832.6868,8797.00000,0.12500000,b,l,
1526246307.5452,8716.10000,0.09430000,b,l,
1526222835.6153,8600.00000,0.23334952,b,l,
1526366547.8576,8752.70000,0.00815949,b,l,
1526375274.4875,8713.60000,0.07072011,s,m,
1526269405.8798,8409.90000,0.01000000,s,m,
1526400480.9926,8535.00000,0.40000000,b,l,
1526269409.3556,8415.90000,0.09857830,b,m,
1526202702.747,8416.50000,0.00550000,s,l,
1526342794.1902,8705.00000,0.53307952,b,l,
1526203876.4632,8583.50000,0.05000000,s,m,
1526203877.5411,8583.50000,0.00099840,s,m,
1526400486.1766,8530.40000,0.40000000,s,m,
1526394879.3385,8571.00000,0.04159373,s,l,
1526269419.9445,8414.50000,0.23768495,b,l,
1526193364.05,8475.00000,0.05176317,s,l,
1526195358.3194,8442.80000,3.60000000,s,l,
1526312077.4837,8742.70000,0.10414959,s,m,
1526344616.7973,8690.10000,0.00360000,s,m,
1526269426.2915,8411.60000,0.00000044,s,l,
1526269429.7779,8420.00000,0.07303059,b,m,
1526268432.0211,8460.90000,2.00000000,b,l,
1526311849.7077,8743.80000,0.00780000,s,l,
1526414120.9541,8547.00000,0.03020000,s,l,
1526268067.1131,8512.00000,0.00099956,b,l,
1526202623.5842,8396.20000,0.00094220,b,l,
1526234034.6516,8573.30000,0.12504298,b,m,
1526325171.4348,8751.80000,0.00000008,s,m,
1526203902.2659,8578.00000,0.05491578,s,l,
1526203903.1842,8578.00000,0.75987822,s,l,
1526203904.1997,8578.00000,0.76893542,s,l,
1526334977.8334,8794.70000,0.20000000,b,m,
1526203906.799,8578.10000,0.19389032,s,l,
1526203907.2337,8578.00000,0.11473521,s,l,
1526334980.3927,8788.70000,0.00100044,s,l,
1526335068.3082,8710.20000,1.00000000,s,m,
1526314260.1201,8750.00000,0.05314294,s,l,
1526399233.9453,8533.00000,0.10009122,s,l,
1526203912.9834,8578.00000,0.49427000,s,l,
1526311852.6133,8749.00000,0.03190000,s,l,
1526203914.0313,8578.00000,0.00230000,s,l,
1526334988.4424,8790.30000,0.18980000,s,l,
1526261886.6246,8681.70000,1.00000000,b,l,
1526313824.9994,8780.00000,0.00000001,b,m,
1526311853.1804,8749.00000,0.52330000,s,l,
1526203921.673,8580.20000,0.00433374,s,l,
1526334994.8907,8782.80000,0.15000000,s,l,
1526269459.2383,8420.00000,0.92696941,b,l,
1526400532.477,8530.50000,0.02513700,s,l,
1526334997.3549,8778.40000,0.00539961,s,l,
1526222019.2762,8564.30000,3.00000000,s,m,
1526203928.8217,8582.30000,0.00385464,s,l,
1526335001.1838,8771.00000,0.00250000,s,l,
1526377391.8154,8728.70000,0.01016262,s,l,
1526335004.7908,8767.40000,0.00340000,b,l,
1526244499.0949,8712.80000,0.11912279,s,m,
1526335007.8373,8751.20000,0.20000000,s,m,
1526244483.9863,8731.10000,0.25000000,b,m,
1526311856.2999,8740.30000,0.02000000,s,l,
1526222606.2877,8590.00000,0.46680000,b,l,
1526335011.0533,8751.30000,0.06549095,s,m,
1526400549.1959,8539.70000,2.34400000,b,m,
1526269478.7011,8417.10000,0.00160000,s,l,
1526203943.4255,8582.60000,0.00685670,b,l,
1526306174.6207,8667.10000,0.10000000,b,m,
1526256460.6142,8655.40000,0.11998760,s,l,
1526335018.7439,8751.10000,0.00818626,s,l,
1526269483.3502,8423.00000,0.00000001,b,l,
1526335020.3071,8751.10000,0.37670800,s,l,
1526335021.2778,8751.10000,1.30666544,s,l,
1526335022.2286,8750.00000,1.00000000,s,l,
1526396097.3457,8534.20000,0.00910365,s,m,
1526335024.9274,8738.70000,0.66000000,s,m,
1526335025.1202,8730.10000,0.10500000,s,m,
1526203954.2144,8582.50000,0.00834935,s,l,
1526269491.506,8423.10000,1.89146454,s,l,
1526256209.1123,8656.60000,0.01842869,b,m,
1526335030.931,8737.00000,0.04000000,s,l,
1526268169.6596,8500.00000,0.50000000,s,l,
1526335033.3423,8737.10000,0.17000000,s,l,
1526335034.1665,8737.10000,0.03080000,s,l,
1526400572.4396,8539.50000,0.05000000,b,m,
1526269501.5163,8421.50000,2.37600000,b,l,
1526335038.7521,8730.00000,0.01485000,s,m,
1526335040.2616,8729.90000,0.01319503,s,l,
1526335041.8947,8733.50000,0.05000000,b,l,
1526269507.6269,8423.10000,0.22848791,b,l,
1526305968.0443,8586.10000,0.00260000,s,l,
1526203976.343,8586.80000,0.10304758,s,l,
1526341867.3567,8686.10000,0.00200000,b,l,
1526246327.3489,8706.40000,0.15000000,s,l,
1526335052.0381,8730.00000,0.02300000,b,l,
1526254467.5594,8685.10000,0.01000000,s,l,
1526335054.1712,8710.00000,0.04984434,s,m,
1526269519.0831,8427.70000,0.00340000,s,l,
1526335058.8814,8720.00000,0.13379186,b,l,
1526271887.1927,8346.90000,0.09850000,s,m,
1526268174.5087,8476.10000,0.20920000,s,m,
1526269528.6865,8427.90000,0.01798749,b,l,
1526305911.1065,8499.70000,0.31436053,b,m,
1526203994.7689,8590.00000,0.00943163,b,m,
1526335067.7813,8716.60000,0.00099956,s,l,
1526335068.3046,8710.20000,0.15960000,s,m,
1526269533.0325,8433.40000,0.00450000,b,l,
1526222608.6435,8590.00000,0.05730000,b,l,
1526335075.8753,8718.40000,0.97900622,b,l,
1526223130.5426,8594.80000,0.00400000,b,l,
1526335077.3149,8698.10000,0.10057311,s,m,
1526335078.3123,8710.00000,0.50000000,s,m,
1526335079.7498,8718.10000,0.01993359,b,l,
1526312081.9952,8751.90000,0.02106078,b,l,
1526204010.8238,8591.80000,0.00338001,b,l,
1526204011.0844,8591.80000,0.27000000,b,l,
1526204012.8705,8591.80000,0.00810000,b,l,
1526204013.1439,8591.90000,0.15966240,b,l,
1526335086.0295,8718.30000,0.01893948,b,l,
1526199961.9596,8406.00000,0.69000000,s,m,
1526332069.4141,8836.10000,0.09475364,s,l,
1526204017.0628,8591.90000,0.17000000,b,l,
1526306787.3124,8690.70000,0.02798866,b,l,
1526335091.4945,8706.90000,0.01687280,b,l,
1526335093.8927,8707.00000,0.10169750,b,l,
1526335094.4303,8707.00000,0.15354915,b,l,
1526335095.4788,8705.30000,0.27560000,s,m,
1526204024.7815,8600.00000,0.00990000,b,l,
1526335097.0658,8706.90000,0.00100044,s,m,
1526204026.7762,8600.00000,0.20000000,b,l,
1526335100.3253,8707.00000,0.20000000,b,m,
1526335101.7432,8707.00000,0.02160000,b,l,
1526335102.5503,8705.30000,0.01587213,b,l,
1526333717.352,8814.00000,0.25894264,b,l,
1526335105.6603,8699.80000,0.07984032,s,m,
1526204034.1046,8598.30000,0.06000000,s,l,
1526355563.3916,8706.00000,0.01000000,s,l,
1526335108.3795,8699.90000,0.02610000,s,m,
1526268182.0979,8476.90000,0.08270000,b,l,
1526335110.7227,8699.70000,0.10000000,s,m,
1526204039.1735,8598.30000,0.10630000,s,l,
1526335112.0901,8700.00000,0.00500000,b,m,
1526335113.1556,8700.00000,0.00536360,b,l,
1526204042.1835,8600.00000,0.01250000,s,l,
1526335115.344,8700.00000,0.01200000,b,l,
1526335116.4791,8700.00000,0.00002286,b,l,
1526246338.3757,8700.00000,0.00516000,s,l,
1526335118.1225,8707.00000,0.00897213,b,m,
1526269583.6775,8431.40000,0.01000000,s,l,
1526335120.4134,8707.00000,0.00339498,b,l,
1526269586.1073,8431.40000,0.04000000,s,l,
1526269587.8335,8431.40000,0.05000000,s,l,
1526335124.3966,8705.10000,0.00897231,s,l,
1526335126.3827,8705.10000,0.20000000,s,m,
1526204057.837,8602.00000,0.04442463,b,l,
1526381915.4894,8777.00000,0.00000118,b,l,
1526204059.6445,8601.90000,0.08360000,s,l,
1526204060.9141,8601.90000,1.95890000,s,l,
1526335133.5663,8706.00000,0.05455711,b,l,
1526335134.5468,8707.00000,0.28250322,b,l,
1526204063.0539,8600.00000,0.00811797,b,l,
1526335137.8827,8707.00000,0.05167000,b,l,
1526335138.7899,8707.00000,0.00801560,b,l,
1526211699.5243,8575.20000,0.04000000,b,l,
1526412467.9079,8473.60000,0.00580527,b,m,
1526204070.6012,8591.30000,0.00465587,s,m,
1526204071.311,8588.00000,0.00007182,s,m,
1526348358.8591,8658.00000,0.00100000,s,l,
1526269814.2689,8420.20000,0.44000000,s,l,
1526256285.3936,8668.40000,0.02000000,s,m,
1526335149.2424,8707.00000,0.10000000,b,m,
1526202653.7523,8410.90000,2.37700000,b,l,
1526269617.0565,8425.00000,1.00000000,s,l,
1526400690.2771,8530.40000,0.01288048,s,l,
1526335155.4511,8707.00000,0.00316000,b,l,
1526202654.3716,8430.00000,1.13740000,s,l,
1526335159.1378,8707.00000,2.57000000,b,l,
1526204090.4964,8596.40000,0.33349999,b,m,
1526335163.214,8707.00000,0.51559852,b,l,
1526327125.2243,8730.00000,0.00030000,b,l,
1526335166.0245,8713.50000,0.01327203,b,l,
1526350379.9832,8677.70000,0.08350000,s,m,
1526335168.2781,8719.90000,0.10000000,b,l,
1526204098.3841,8591.30000,0.00720682,s,l,
1526335171.3997,8718.50000,0.05290000,b,l,
1526204100.6225,8596.30000,0.12040000,b,l,
1526335174.317,8720.00000,0.22900000,b,l,
1526204103.7432,8582.30000,0.02000000,s,m,
1526335176.5333,8719.90000,0.18930000,b,l,
1526292946.9876,8350.00000,0.10000000,s,m,
1526204106.6205,8582.10000,0.02330072,s,l,
1526400715.9287,8524.00000,0.09842644,s,m,
1526335432.9869,8670.00000,0.00100000,s,m,
1526268194.43,8471.30000,0.09481272,s,m,
1526335182.4385,8727.30000,0.00840000,b,m,
1526204111.7717,8582.00000,0.16950000,b,l,
1526267632.7434,8592.40000,0.00570000,s,m,
1526205993.1024,8552.50000,2.45830874,s,m,
1526311886.5097,8738.90000,1.35498148,s,l,
1526396821.4159,8511.10000,0.03000000,s,m,
1526335192.4994,8747.90000,0.24080185,b,m,
1526269657.1767,8425.10000,0.01000000,b,l,
1526305538.1196,8374.30000,0.00279664,b,l,
1526311887.7353,8738.90000,0.15300000,s,l,
1526204124.756,8582.00000,0.04310000,b,l,
1526335198.4965,8730.00000,0.00180000,b,l,
1526320814.9218,8740.00000,0.05000000,b,l,
1526275389.8466,8356.40000,0.46040000,b,m,
1526244167.6667,8699.90000,2.96000000,b,l,
1526244435.1139,8739.70000,0.00286370,b,l,
1526400742.2905,8529.90000,0.27171239,b,l,
1526335207.4819,8732.40000,0.00200000,b,m,
1526335210.2847,8732.00000,0.00515000,b,m,
1526268199.2864,8464.00000,0.34054842,s,m,
1526312150.6806,8740.80000,0.00000001,b,l,
1526217534.8856,8517.20000,0.00040000,s,l,
1526394827.9787,8585.10000,0.08230000,s,m,
1526202664.6554,8397.70000,0.10000000,s,l,
1526246355.0837,8683.80000,1.92304784,s,m,
1526335222.7288,8734.80000,0.00249316,b,m,
1526335223.9612,8725.10000,0.19120000,s,l,
1526296810.5609,8438.00000,0.01101724,b,m,
1526388351.9728,8769.20000,0.00812887,b,l,
1526274591.0233,8330.00000,0.11492156,s,l,
1526400765.6999,8529.10000,0.10000000,s,m,
1526335231.755,8737.10000,0.00828098,b,m,
1526403741.3546,8551.00000,0.11272224,b,l,
1526335233.3487,8739.10000,0.00200000,b,m,
1526206093.5244,8549.80000,0.07000000,s,l,
1526400773.1001,8532.80000,0.00624700,b,l,
1526395512.9172,8529.10000,0.00300000,s,m,
1526400780.6552,8529.20000,0.00703466,s,m,
1526235437.8116,8595.00000,2.00000000,b,l,
1526204176.7675,8581.90000,0.01057479,b,m,
1526213592.5415,8545.00000,1.17320000,s,m,
1526253760.0756,8707.50000,0.04800000,b,l,
1526305881.3639,8492.50000,11.49270000,b,l,
1526233254.8358,8573.30000,0.04546495,s,m,
1526333743.8317,8813.90000,0.00416252,b,l,
1526396385.8519,8519.10000,0.00292028,b,l,
1526269728.9129,8444.90000,0.00925619,b,m,
1526311899.3557,8742.10000,0.00000732,b,l,
1526335268.1196,8735.00000,0.00621430,b,l,
1526204197.4821,8582.00000,0.05000000,b,m,
1526285527.1998,8375.00000,0.02205232,b,m,
1526384102.0361,8765.70000,0.03082698,s,l,
1526269741.1339,8440.00000,0.61170386,s,l,
1526193397.4885,8495.50000,0.02361000,b,l,
1526335281.1156,8733.90000,0.03212100,b,l,
1526204210.2163,8582.00000,0.22950000,b,l,
1526268211.5527,8464.20000,0.07430000,b,l,
1526223512.9263,8631.60000,0.15581880,b,m,
1526347004.2147,8660.00000,0.32817035,b,l,
1526329362.6082,8750.90000,0.19100000,s,l,
1526269753.1469,8436.10000,0.00800000,b,l,
1526286400.2609,8379.20000,0.49391745,s,m,
1526269757.4882,8436.10000,0.10000000,b,m,
1526204222.1546,8582.00000,0.10000000,b,l,
1526269759.2171,8436.00000,0.01000000,s,l,
1526204224.4648,8582.00000,0.08720000,b,l,
1526200793.9332,8431.00000,0.07468361,b,l,
1526407581.1418,8464.30000,1.13200000,s,l,
1526308659.1872,8800.00000,0.03000000,b,l,
1526342808.8763,8727.10000,0.34403724,b,l,
1526204233.6496,8581.90000,0.10000000,s,m,
1526268215.4967,8464.20000,0.05492231,b,l,
1526269775.9232,8428.90000,0.03100000,s,m,
1526306528.5094,8730.00000,0.00113225,b,m,
1526382419.8253,8786.00000,0.09096094,b,l,
1526405926.0245,8540.70000,1.79000000,b,l,
1526394783.9933,8676.50000,0.03890842,b,m,
1526210386.0248,8557.10000,0.00468690,s,m,
1526245374.5739,8704.20000,0.00573106,s,m,
1526253168.7373,8711.00000,0.80000000,b,l,
1526303360.23,8379.00000,0.00800000,s,m,
1526335323.8799,8725.50000,0.10000000,s,m,
1526204252.6776,8582.00000,0.00670000,b,l,
1526335432.9893,8670.00000,0.78429231,s,m,
1526409672.5813,8490.00000,0.01600000,s,l,
1526400865.953,8529.20000,0.00703466,s,l,
1526268219.7044,8464.20000,0.00300000,b,l,
1526400869.7838,8519.90000,0.37417380,s,l,
1526269798.7396,8426.00000,0.05000000,s,l,
1526335335.3816,8708.20000,0.01320000,s,l,
1526400873.6081,8519.90000,0.03158509,s,l,
1526400874.6655,8519.90000,0.10602883,s,l,
1526335340.2638,8708.10000,0.19273620,b,l,
1526400878.1099,8519.90000,0.02028800,s,l,
1526269807.4398,8420.30000,0.09000000,s,l,
1526275013.1604,8324.90000,0.00245830,s,m,
1526309460.4814,8748.30000,0.19002521,s,m,
1526269810.2726,8420.30000,0.06000000,s,l,
1526335347.4073,8708.10000,0.00650000,b,l,
1526268222.9376,8464.20000,0.05239236,b,l,
1526269814.7815,8420.20000,0.01000000,s,m,
1526335351.4204,8707.00000,0.05000000,s,m,
1526269816.5797,8406.60000,0.06000000,s,m,
1526400889.5667,8519.90000,0.16022400,s,l,
1526335354.6258,8707.00000,0.06500000,s,m,
1526195619.2963,8418.50000,0.00253162,b,l,
1526335356.544,8710.00000,0.00251875,b,l,
1526303422.1843,8362.70000,0.45923676,s,m,
1526400895.2211,8516.40000,0.14700000,s,l,
1526268224.4315,8463.90000,0.01437921,b,l,
1526204290.9408,8580.70000,0.25000000,b,m,
1526400899.8524,8516.50000,0.04200000,b,l,
1526204292.8737,8580.60000,0.01103413,b,l,
1526269830.7037,8416.20000,0.01950000,s,l,
1526308849.4608,8768.30000,0.00310000,s,l,
1526204296.4794,8578.00000,0.00700246,s,m,
1526204299.4611,8580.50000,0.09630000,b,l,
1526204301.9474,8579.70000,0.04360000,b,l,
1526405928.6637,8547.50000,0.27818902,b,l,
1526204306.8183,8579.60000,0.03830000,b,l,
1526335380.6029,8708.20000,0.01450000,s,m,
1526335381.995,8709.60000,0.24040822,b,l,
1526335382.0042,8709.90000,0.03588676,b,l,
1526335383.0551,8710.20000,0.50000000,s,l,
1526400920.2186,8516.30000,0.01433389,s,l,
1526235460.7937,8602.40000,0.04312610,b,m,
1526305898.4007,8492.60000,0.00400000,s,m,
1526400924.2731,8516.50000,0.24440000,s,l,
1526335389.1069,8708.20000,0.00363595,s,l,
1526204318.7951,8578.50000,0.05000000,s,m,
1526400928.5781,8516.50000,0.50000000,s,l,
1526400929.2784,8516.40000,0.01561020,s,l,
1526338859.5701,8609.20000,0.01877398,s,m,
1526269859.83,8413.70000,0.04983934,s,l,
1526199910.5791,8409.20000,0.43024377,s,m,
1526209406.3442,8552.00000,0.00200000,s,l,
1526269862.9192,8413.80000,0.03412949,b,l,
1526400936.0961,8520.90000,0.01561020,b,l,
1526279168.5263,8385.00000,0.03500000,s,l,
1526335402.8424,8691.90000,0.00300000,s,l,
1526268231.4228,8464.10000,0.08710000,b,l,
1526335404.8322,8690.00000,0.05120000,b,l,
1526335405.0241,8690.00000,0.05120000,b,l,
1526254540.0779,8677.00000,4.99655687,b,l,
1526400944.3242,8529.90000,0.10000000,b,l,
1526400945.2894,8529.80000,0.22250000,s,l,
1526400947.1518,8529.90000,0.10950000,s,l,
1526400948.6392,8539.70000,0.10000000,b,m,
1526333769.7554,8813.80000,0.01796824,s,l,
1526307627.8617,8708.20000,0.01166500,s,l,
1526269881.708,8417.40000,0.01000000,s,m,
1526268234.0988,8464.20000,0.11600000,b,l,
1526335422.6136,8689.80000,0.07194652,b,l,
1526269888.286,8416.70000,0.22848791,s,l,
1526335425.9872,8689.70000,0.00896622,b,l,
1526268235.0658,8465.80000,0.35270000,b,m,
1526311926.7457,8758.40000,0.10000000,b,m,
1526326875.6823,8730.00000,1.48239615,b,l,
1526305695.4892,8414.00000,0.30890900,b,m,
1526335432.9152,8687.00000,0.00100000,s,m,
1526335433.136,8690.00000,0.90100273,b,m,
1526204362.8241,8573.40000,0.00068674,s,l,
1526269900.27,8416.70000,0.02818804,s,m,
1526338280.8257,8677.20000,0.21070000,b,l,
1526295130.3785,8396.70000,0.11800000,s,m,
1526204369.3873,8570.30000,0.00200000,s,m,
1526307016.6125,8728.00000,0.98404344,s,m,
1526202702.7545,8416.50000,0.01696670,s,l,
1526335447.4867,8668.20000,0.00400000,s,l,
1526269912.08,8420.00000,0.50000000,b,l,
1526400985.077,8537.80000,1.44550000,b,l,
1526335450.8769,8660.70000,0.06320000,s,m,
1526202703.7271,8420.30000,0.45000000,b,m,
1526335453.2718,8659.40000,0.02480000,s,m,
1526335454.336,8660.00000,0.26069300,b,l,
1526269920.3729,8420.00000,0.10140000,s,l,
1526266930.1632,8629.00000,0.45426420,b,m,
1526335458.34,8655.00000,0.14264609,s,m,
1526335459.8491,8650.00000,0.10000000,s,m,
1526335460.821,8660.00000,0.08050000,b,l,
1526224550.7593,8600.10000,0.00200000,b,l,
1526335462.9729,8640.00000,0.01189788,s,m,
1526335463.0447,8659.90000,0.06440000,b,l,
1526335465.5337,8646.00000,0.30000000,s,m,
1526335466.1025,8646.00000,0.01733379,s,m,
1526335468.4381,8646.00000,0.01729639,s,m,
1526204398.5249,8572.10000,0.00000002,s,m,
1526269935.2062,8427.10000,0.18035021,b,m,
1526335472.7197,8645.90000,0.01000000,b,l,
1526264643.9472,8641.00000,0.20880000,b,l,
1526366547.8656,8752.80000,0.21600000,b,l,
1526335476.4103,8640.00000,0.06911212,s,m,
1526330477.3966,8874.80000,0.02780000,b,l,
1526290089.5567,8422.30000,0.00232639,b,m,
1526335480.4177,8645.90000,0.02300000,s,l,
1526269945.4916,8420.20000,0.01420000,s,l,
1526401018.4634,8537.80000,0.32437171,b,l,
1526274996.7128,8312.50000,0.03123744,b,l,
1526257322.9942,8632.50000,0.10320000,s,l,
1526335487.9435,8645.90000,0.20000000,s,m,
1526399385.7374,8534.00000,0.15820000,b,l,
1526335489.7789,8645.90000,0.03380000,s,m,
1526380989.4535,8830.00000,0.01000000,b,m,
1526269955.268,8420.60000,0.08610000,s,l,
1526268246.9426,8465.30000,1.18000000,b,l,
1526335495.7149,8645.90000,0.85446000,s,m,
1526246402.5082,8679.60000,0.01106266,b,m,
1526204430.5772,8576.60000,0.01787410,s,l,
1526335503.1739,8645.90000,0.00008000,s,m,
1526395021.6941,8512.00000,0.10000000,s,m,
1526401041.4239,8537.70000,0.00702765,s,l,
1526335507.3984,8646.00000,0.02500000,s,m,
1526229532.0255,8679.30000,0.00612875,b,l,
1526269973.2054,8422.00000,0.11330000,b,l,
1526335511.8382,8650.30000,0.34681465,s,l,
1526335512.5741,8650.60000,0.10000000,b,l,
1526335514.1841,8662.90000,0.04129431,b,l,
1526335515.2537,8662.90000,0.19830000,b,l,
1526381111.5977,8810.00000,0.02622920,s,l,
1526335517.9172,8662.90000,0.40504334,s,m,
1526335522.8779,8670.00000,0.00500000,b,m,
1526204451.5982,8566.10000,0.05684178,s,m,
1526410246.1332,8503.10000,0.01538037,s,m,
1526249280.4067,8701.30000,0.00910000,s,l,
1526268252.8861,8468.40000,0.07100000,b,m,
1526371017.311,8751.10000,0.50000000,b,m,
1526335531.9769,8665.90000,0.04937930,s,m,
1526335532.8507,8670.00000,0.20000000,b,m,
1526228332.3369,8640.20000,0.11480000,s,l,
1526277163.2132,8373.10000,0.00654901,s,l,
1526335535.4804,8670.00000,0.00000001,b,l,
1526246408.0967,8681.00000,0.01480000,b,l,
1526401074.5132,8537.40000,0.27175830,b,m,
1526335542.1539,8688.10000,0.01000000,b,m,
1526267701.0694,8558.00000,0.00086089,s,m,
1526335545.466,8677.00000,0.00605050,b,l,
1526268279.6477,8491.50000,0.77439150,b,m,
1526357924.5691,8702.30000,0.00200000,s,m,
1526407598.0676,8460.20000,0.04205434,s,l,
1526270013.6531,8420.40000,0.81066688,s,l,
1526405400.8562,8526.10000,0.00830000,b,l,
1526246382.2019,8671.10000,0.01932367,s,m,
1526306042.4186,8629.30000,0.00833831,b,l,
1526270020.047,8418.00000,0.40000000,s,m,
1526270022.8155,8420.20000,0.00720000,s,l,
1526401095.0682,8534.00000,0.01730000,b,l,
1526409669.6219,8490.00000,0.36721248,s,l,
1526231074.8741,8650.00000,0.01000000,s,l,
1526407875.6527,8520.00000,0.00307500,s,l,
1526410253.1332,8511.00000,0.21035635,b,m,
1526270033.3136,8423.00000,0.00256837,b,m,
1526335572.511,8674.80000,0.01051020,s,l,
1526335574.757,8674.50000,0.02570000,s,l,
1526268260.4499,8467.60000,0.00293143,b,m,
1526204508.8151,8570.80000,0.01000000,b,m,
1526314280.9743,8750.00000,0.00615603,s,l,
1526335584.2166,8674.60000,0.10000000,s,l,
1526330107.3004,8810.70000,0.01500000,b,m,
1526204515.8512,8568.40000,0.90806841,s,l,
1526268262.2579,8471.60000,0.06000000,b,m,
1526200858.5845,8433.70000,0.00808915,b,l,
1526335595.2016,8674.50000,1.10000000,s,l,
1526323424.6026,8723.00000,0.00400000,b,m,
1526246418.3201,8675.30000,0.01734109,s,l,
1526335598.3952,8674.50000,0.05930000,s,l,
1526191805.0622,8370.00000,0.00430000,b,l,
1526316790.4605,8746.90000,0.15058076,s,m,
1526266271.921,8606.00000,0.03546200,s,l,
1526407836.8191,8494.30000,1.36562426,b,l,
1526401144.6632,8530.60000,0.40000000,s,m,
1526231355.6346,8672.90000,0.00290000,b,l,
1526226535.6418,8621.00000,0.30594271,b,m,
1526314281.5147,8750.00000,0.11449824,s,l,
1526335614.508,8674.80000,0.09140350,b,l,
1526270079.7946,8417.10000,0.00256837,b,m,
1526397207.1085,8523.40000,0.02170000,b,l,
1526335617.1584,8674.60000,0.32847220,s,l,
1526335620.8795,8674.80000,0.01155100,s,l,
1526335621.0565,8674.70000,0.00100000,s,l,
1526316627.7691,8731.60000,0.34920903,s,m,
1526336429.8906,8680.10000,0.00346460,s,m,
1526335626.2504,8680.00000,0.01190000,b,l,
1526335628.6745,8680.00000,0.03693641,b,l,
1526204558.9776,8557.10000,2.33100000,s,m,
1526401167.3632,8532.30000,0.02000000,b,l,
1526204560.9836,8570.00000,0.00436828,b,l,
1526335634.3123,8680.10000,0.09065899,s,m,
1526270099.179,8417.00000,0.13560000,s,l,
1526331632.2077,8810.90000,0.20430075,s,l,
1526204565.6885,8570.00000,0.02968053,s,l,
1526270102.5882,8417.10000,0.01500000,b,l,
1526380844.3476,8850.00000,0.00116001,b,m,
1526381932.8624,8788.00000,0.20758515,b,l,
1526228517.7335,8659.70000,0.28440622,b,m,
1526234034.7545,8574.90000,0.31613040,b,m,
1526335648.6273,8702.40000,0.02810131,b,m,
1526268272.9904,8474.90000,0.18490000,b,l,
1526224582.8529,8600.10000,0.01200000,b,l,
1526365142.944,8770.30000,0.00249660,s,m,
1526270119.4358,8417.10000,0.03500000,b,l,
1526246428.8936,8683.20000,0.00000044,b,l,
1526401196.3356,8530.00000,0.01995000,s,l,
1526270125.4904,8417.00000,0.23220000,s,l,
1526335662.9623,8700.00000,0.07103273,b,m,
1526375386.1495,8723.00000,0.02215071,b,l,
1526335665.5388,8691.70000,0.00100044,s,l,
1526335666.288,8691.70000,0.32940000,s,l,
1526270131.9414,8417.00000,0.04900000,s,l,
1526270132.7256,8417.00000,2.56320000,s,l,
1526204597.0811,8568.90000,0.00220857,b,m,
1526270135.5611,8417.10000,0.00743163,b,l,
1526204600.4971,8568.60000,0.03930000,b,l,
1526265453.5693,8620.00000,0.00432234,s,l,
1526270139.9284,8414.00000,2.81842513,s,l,
1526270141.8581,8410.00000,0.05000000,s,l,
1526335679.4626,8699.00000,0.25000000,b,m,
1526270145.3557,8405.10000,0.00394427,s,m,
1526270146.9327,8405.10000,0.21420000,s,l,
1526403297.992,8530.00000,0.64166490,b,l,
1526401221.7377,8531.80000,0.00890000,b,l,
1526305931.8121,8539.20000,0.28070000,b,m,
1526335687.5126,8692.90000,0.00100044,s,l,
1526270152.9627,8405.00000,0.01000000,s,l,
1526335689.4894,8691.70000,0.23041000,s,l,
1526268279.4358,8475.00000,0.10395660,b,m,
1526213040.7757,8563.50000,0.22745683,b,m,
1526246434.1232,8696.60000,0.03120307,b,m,
1526270158.1194,8405.00000,0.01000000,s,m,
1526266274.6717,8606.00000,0.08578660,s,l,
1526248759.9263,8667.00000,0.00000036,s,m,
1526246435.037,8681.30000,0.17300000,s,l,
1526256799.6949,8589.00000,0.00100000,s,m,
1526395333.7453,8476.20000,1.43000000,s,m,
1526270167.7623,8405.00000,0.23250000,s,l,
1526335704.7484,8691.80000,0.00622802,s,l,
1526270169.5399,8405.00000,2.59412193,s,l,
1526335706.3284,8687.00000,8.99896000,s,l,
1526254542.6567,8677.40000,1.00000000,b,l,
1526270173.7372,8405.10000,0.02400000,b,l,
1526335711.8695,8685.00000,0.01873078,s,l,
1526335712.0915,8680.00000,0.20618624,s,l,
1526335713.3739,8680.00000,0.07768298,s,l,
1526335714.5875,8680.00000,0.19187470,s,l,
1526335715.806,8680.00000,0.01210408,s,l,
1526335716.5679,8674.70000,0.00448084,s,m,
1526306001.0382,8625.10000,0.05437583,s,l,
1526335727.8285,8675.10000,0.01155100,s,l,
1526335728.8516,8670.00000,0.29164411,s,l,
1526270193.8096,8401.90000,0.02340000,s,l,
1526270194.9621,8402.00000,0.02500000,b,l,
1526270196.115,8402.00000,0.00179234,b,l,
1526314285.6678,8750.00000,0.00160956,s,l,
1526335735.6877,8670.20000,0.00000009,s,m,
1526270201.9746,8402.10000,0.00300000,b,l,
1526270202.2629,8405.30000,4.12897178,b,l,
1526204667.5689,8569.10000,0.08271700,b,m,
1526270204.4695,8402.50000,0.02760000,s,m,
1526234034.7349,8574.80000,0.64989237,b,m,
1526270208.3168,8402.60000,0.01000000,s,m,
1526366592.2647,8741.90000,0.00269990,s,m,
1526335746.3517,8676.40000,0.05301997,s,l,
1526335747.8428,8679.00000,0.00099956,b,l,
1526388438.4408,8779.60000,2.27900000,b,m,
1526335750.6696,8680.40000,0.00190163,b,l,
1526270215.9056,8402.80000,0.00204918,b,l,
1526338777.8277,8624.00000,0.00100000,s,l,
1526335753.2325,8681.10000,0.54385342,s,l,
1526335755.5836,8681.10000,0.19220000,s,l,
1526401292.8485,8538.00000,0.01552885,s,m,
1526268290.085,8492.90000,1.79000000,b,m,
1526326120.3717,8753.40000,2.00000000,b,m,
1526246445.9218,8690.90000,0.00654141,b,m,
1526249305.6436,8699.20000,0.10000000,s,l,
1526270229.3026,8412.00000,0.03852341,s,m,
1526335766.1747,8681.40000,0.00450469,b,m,
1526366596.9945,8745.60000,0.00897137,b,l,
1526320833.7358,8747.80000,0.14220394,b,m,
1526266763.061,8628.90000,0.97515055,s,l,
1526294646.0843,8433.30000,0.97662926,b,m,
1526235525.7002,8605.00000,0.26684118,s,l,
1526335776.7775,8681.20000,0.04150000,s,l,
1526213680.8653,8543.70000,0.00200000,s,m,
1526410306.9726,8498.70000,0.01175461,s,l,
1526270245.3449,8409.60000,1.00000000,s,l,
1526335785.394,8681.20000,0.00200000,s,l,
1526401322.5034,8542.40000,7.00000000,b,m,
1526268295.8481,8478.80000,1.13550000,s,m,
1526246450.0265,8699.80000,1.83604617,b,m,
1526335790.8429,8681.20000,0.03997053,s,l,
1526410936.3509,8481.80000,0.13489692,b,m,
1526335797.3544,8680.90000,0.20000000,b,l,
1526407796.9491,8475.60000,1.00000000,b,m,
1526204727.3083,8568.80000,0.00287949,s,l,
1526279220.2343,8380.10000,0.08930000,s,l,
1526407554.815,8500.00000,0.00100000,s,m,
1526270267.1864,8407.90000,0.12470000,b,l,
1526245266.8972,8697.50000,0.77662378,s,m,
1526387514.3458,8754.80000,0.00755893,b,l,
1526301067.3242,8394.20000,0.23710866,b,l,
1526407581.1381,8464.40000,0.00500000,s,l,
1526311765.7269,8746.00000,0.00002432,s,m,
1526308675.7422,8780.20000,0.02716644,s,l,
1526401351.7134,8543.60000,0.10000000,b,m,
1526339594.2699,8639.80000,0.00559498,s,m,
1526222633.3434,8589.00000,0.15700730,b,l,
1526262298.3023,8687.70000,0.00021850,b,m,
1526246457.1227,8704.20000,0.39553155,b,m,
1526268303.7781,8482.20000,1.00000000,b,l,
1526401375.3008,8541.00000,0.41705523,b,l,
1526335841.9406,8680.40000,0.01068933,b,m,
1526198428.9815,8454.90000,0.22349157,b,m,
1526231317.5904,8661.80000,2.30700000,s,m,
1526401383.6041,8541.00000,0.11926147,b,l,
1526266565.726,8622.30000,0.68770000,s,l,
1526335849.8933,8673.00000,0.04878284,s,l,
1526204783.4506,8568.00000,0.01156649,b,l,
1526366274.762,8757.30000,1.00000000,s,m,
1526262650.6143,8687.00000,0.12000000,b,m,
1526244457.2635,8739.80000,0.49000000,b,m,
1526401401.6179,8540.80000,0.80000000,b,m,
1526270331.5476,8407.10000,0.17080000,s,l,
1526246687.5309,8702.80000,0.00000044,s,m,
1526204797.9991,8567.00000,0.00224359,b,l,
1526268073.581,8513.40000,0.44230000,b,m,
1526364366.215,8737.40000,1.10957963,b,m,
1526234030.9952,8561.00000,0.00361652,s,l,
1526244435.117,8739.70000,0.01400000,b,l,
1526335928.646,8700.50000,0.09103997,b,l,
1526233952.9856,8564.00000,0.00100000,s,l,
1526270348.0328,8408.00000,0.05000000,s,l,
1526410306.7508,8498.70000,0.07669060,s,l,
1526204814.9638,8567.00000,0.23441815,b,l,
1526257389.5746,8636.70000,0.24070000,b,m,
1526401428.78,8535.10000,1.00000000,s,m,
1526335716.5744,8674.70000,0.00819258,s,m,
1526395034.0499,8523.10000,0.82721544,b,l,
1526399385.6089,8532.90000,0.00290000,s,m,
1526270360.76,8408.00000,0.17000000,s,m,
1526204825.033,8578.20000,0.02570000,b,l,
1526188203.1335,8380.50000,0.01135491,s,l,
1526308663.7301,8802.80000,0.04598717,b,l,
1526204830.699,8578.10000,0.97900622,b,l,
1526384123.2253,8760.10000,1.71660000,s,m,
1526335904.2647,8680.70000,0.10000000,s,m,
1526316473.1507,8768.20000,0.01030000,s,l,
1526246470.1832,8709.00000,0.03420000,b,m,
1526204838.4346,8581.00000,0.10000000,b,l,
1526342795.4216,8726.00000,1.79000000,b,m,
1526399388.4481,8539.80000,0.75000000,b,m,
1526319515.4449,8730.30000,1.00000000,b,l,
1526187720.5832,8350.00000,0.00600000,b,l,
1526294646.0879,8433.40000,0.10631632,b,m,
1526335918.3242,8688.90000,0.02127537,s,m,
1526224004.8308,8623.50000,0.00149728,b,l,
1526335923.8639,8690.00000,0.80000000,b,l,
1526395035.7061,8519.80000,0.01609945,b,l,
1526335926.971,8692.40000,0.00001394,b,l,
1526204855.2513,8581.00000,0.15000000,b,m,
1526335928.6408,8700.50000,0.38116030,b,l,
1526335929.4129,8700.50000,0.10000000,b,m,
1526335930.0765,8704.20000,0.05700000,b,l,
1526202783.1786,8419.80000,0.01200000,b,m,
1526335932.4133,8690.00000,0.03000000,s,m,
1526335933.8374,8707.40000,0.00400000,b,l,
1526270398.1754,8408.00000,2.28000000,s,l,
1526204863.8352,8586.10000,0.05826000,b,m,
1526195984.2294,8455.10000,0.50000000,b,m,
1526335937.6798,8707.40000,0.01000000,b,m,
1526335939.4331,8720.00000,0.10000000,b,m,
1526335940.5225,8709.60000,0.00047806,s,l,
1526307093.3523,8751.00000,0.20000000,b,m,
1526335945.9111,8721.20000,0.00174018,b,l,
1526204874.4126,8588.70000,0.00500000,b,m,
1526335947.8089,8725.60000,0.22848843,b,l,
1526335948.7036,8737.40000,0.01000000,b,m,
1526335951.1292,8732.40000,0.00300000,b,l,
1526204880.7379,8588.60000,0.00696466,s,l,
1526335953.4305,8738.70000,0.01000000,b,m,
1526204882.9405,8590.40000,0.03900000,b,m,
1526335957.6844,8750.00000,0.01000000,b,m,
1526271887.3481,8346.90000,0.08761682,s,m,
1526204888.7434,8590.40000,0.08500000,b,m,
1526335962.6261,8749.90000,0.01000000,b,m,
1526335964.5685,8734.40000,0.06350000,s,l,
1526335965.7149,8740.40000,0.50000000,b,m,
1526270430.3878,8410.20000,0.00651796,b,l,
1526270431.8833,8411.50000,1.00000000,b,l,
1526204897.5719,8594.00000,0.04150000,b,l,
1526335971.1881,8734.30000,0.01000000,b,m,
1526270437.0532,8417.10000,0.15000000,b,l,
1526335974.8699,8733.90000,0.04500000,s,l,
1526335975.6793,8733.90000,0.04500000,s,l,
1526213954.9688,8558.20000,0.69205003,s,m,
1526270441.0737,8422.50000,0.07833605,s,l,
1526335979.5089,8733.90000,1.58389262,s,l,
1526204908.3743,8598.60000,0.07650000,b,l,
1526312111.3818,8731.50000,0.13686342,s,l,
1526270447.3182,8422.50000,0.07827746,s,l,
1526335984.7392,8727.20000,0.01857236,s,l,
1526248870.1962,8679.70000,0.04865866,b,m,
1526204916.8597,8598.50000,0.00355880,s,l,
1526335989.6408,8720.40000,0.97641695,s,l,
1526401526.1212,8539.00000,0.07776853,s,l,
1526335993.2078,8713.40000,0.01000000,s,m,
1526269049.1502,8420.30000,1.69170000,s,l,
1526401531.5538,8544.30000,0.15000000,b,m,
1526270462.1835,8426.40000,0.10000000,b,m,
1526336000.1082,8720.30000,0.06000000,b,l,
1526408649.1038,8483.80000,2.35300000,s,l,
1526336002.8907,8720.30000,0.05340000,b,l,
1526336003.1353,8720.30000,0.00541777,b,l,
1526306045.6266,8618.10000,0.62642356,s,l,
1526401542.7623,8548.00000,0.21830000,b,l,
1526312059.4036,8751.30000,0.00819115,b,l,
1526336011.4571,8724.80000,0.03000000,b,l,
1526204942.8167,8598.40000,0.05772305,b,l,
1526204944.1306,8595.30000,0.00214232,s,l,
1526336017.8256,8721.60000,0.00498592,s,l,
1526309930.6217,8750.00000,0.07340000,b,l,
1526336022.4645,8721.70000,0.01384886,s,l,
1526306918.5646,8682.10000,0.01099999,b,l,
1526233254.1169,8580.00000,0.12288585,b,m,
1526204958.3481,8598.80000,0.00220000,s,l,
1526269133.7544,8420.90000,0.90355776,s,l,
1526336032.771,8721.60000,0.00732012,s,l,
1526223390.1824,8620.00000,0.08294000,b,l,
1526204968.3671,8604.10000,0.05000000,b,m,
1526363062.0931,8738.90000,0.02950000,s,l,
1526412346.5519,8453.90000,1.00000000,s,m,
1526244463.2204,8739.70000,0.01724462,s,l,
1526203648.028,8479.90000,0.25000000,b,m,
1526336047.3807,8720.70000,0.10000000,b,m,
1526270512.6461,8422.80000,0.00000001,b,m,
1526200818.2102,8433.70000,0.01000000,b,m,
1526304660.6651,8319.00000,0.21351103,s,l,
1526308664.2118,8791.70000,0.80405871,s,l,
1526279262.7017,8394.90000,0.02080000,s,l,
1526336054.8004,8719.30000,0.04770000,s,l,
1526336056.3353,8719.30000,0.20000000,s,m,
1526401593.0725,8550.00000,0.05340000,b,l,
1526394799.5241,8620.00000,0.49945643,s,m,
1526268169.68,8500.00000,0.03000000,s,l,
1526401598.9925,8550.00000,0.01791110,b,l,
1526204991.765,8599.10000,0.00211520,s,l,
1526279264.9842,8400.00000,0.00800000,b,l,
1526347030.0294,8660.00000,0.50000000,b,l,
1526401603.291,8550.00000,0.00100000,s,m,
1526304634.0528,8315.00000,0.03730000,s,m,
1526401607.7009,8553.90000,0.21320000,b,l,
1526401609.3065,8570.00000,0.11600000,b,m,
1526401611.5796,8561.60000,0.27300000,b,l,
1526336077.1044,8718.50000,0.00229000,s,l,
1526270542.6148,8428.70000,0.05000000,b,l,
1526268344.0575,8474.90000,0.00697194,s,l,
1526244183.8395,8700.00000,0.01336104,b,l,
1526336087.2117,8716.80000,0.07440000,b,l,
1526336088.838,8712.10000,0.10000000,s,l,
1526311503.8983,8725.70000,0.35959712,s,l,
1526401626.2776,8571.90000,1.00000000,s,m,
1526331755.5235,8839.90000,0.30000000,b,m,
1526397223.1264,8528.50000,0.00638000,b,l,
1526401636.6942,8571.90000,0.00099956,s,l,
1526213734.8859,8543.80000,0.10330000,b,l,
1526401638.1567,8568.60000,0.01545647,s,l,
1526353578.8088,8650.00000,0.01200000,s,l,
1526270568.0197,8426.00000,0.05000000,b,m,
1526268348.0351,8474.90000,0.00099956,b,m,
1526205034.6646,8599.00000,0.00100000,s,l,
1526401643.2335,8571.80000,0.01000000,b,l,
1526333542.9329,8814.00000,0.17176000,s,m,
1526401651.0396,8571.70000,0.00545647,b,l,
1526307751.036,8701.00000,0.01470000,s,l,
1526312155.3063,8740.90000,0.08538336,b,l,
1526336119.1142,8701.70000,0.00342974,b,l,
1526401656.2423,8571.50000,0.00140838,b,l,
1526336122.0212,8701.70000,0.00057026,s,m,
1526401660.6123,8568.90000,0.00500000,s,l,
1526196508.8764,8443.80000,0.00100000,b,m,
1526257429.3063,8636.10000,0.00199026,s,m,
1526364530.3564,8749.00000,0.20000000,b,m,
1526396489.0971,8510.70000,0.42998522,s,l,
1526336131.3353,8707.30000,0.90000000,b,l,
1526205061.793,8599.00000,0.05824820,s,l,
1526336137.1009,8710.50000,0.19570000,b,m,
1526401675.5682,8565.00000,0.20000000,s,m,
1526270605.7156,8419.40000,0.28182170,b,l,
1526394828.1294,8555.00000,0.03800000,s,m,
1526311164.1174,8720.10000,0.29000000,s,l,
1526401685.9751,8569.90000,0.05000000,b,m,
1526401687.8256,8569.90000,0.02250878,b,l,
1526205080.9103,8590.10000,0.41000000,s,m,
1526270617.7762,8412.00000,0.01453023,s,m,
1526336154.0225,8716.50000,0.00650361,b,l,
1526228550.8147,8680.00000,0.02000000,b,m,
1526401692.6298,8569.90000,0.00306736,b,l,
1526254851.9907,8699.00000,0.09349521,b,l,
1526220462.0729,8576.40000,0.00267540,b,l,
1526270624.2438,8410.90000,0.02000000,s,m,
1526256471.9677,8634.90000,0.20000000,s,m,
1526355739.252,8701.20000,0.00438179,b,l,
1526336122.0369,8701.70000,0.01901974,s,m,
1526401702.3638,8565.00000,0.01900000,s,l,
1526410353.3518,8496.20000,0.01767545,s,l,
1526271590.7013,8400.20000,0.03700000,s,l,
1526242285.3484,8635.00000,0.02578500,b,l,
1526312050.2967,8749.60000,0.01388219,s,l,
1526401711.9685,8565.00000,0.04290000,s,l,
1526336176.5587,8705.70000,0.09697000,s,m,
1526248832.3415,8655.90000,0.00686484,b,l,
1526336190.6078,8702.50000,0.14130000,b,l,
1526396416.6376,8512.70000,0.22151267,s,l,
1526336195.6256,8695.20000,0.55114423,s,l,
1526248435.0972,8691.70000,0.00703384,s,m,
1526270665.2967,8411.10000,0.09976074,s,l,
1526336202.9078,8690.00000,0.16420000,b,l,
1526306023.5444,8625.20000,0.15241906,s,l,
1526336206.6058,8686.10000,0.00340000,s,l,
1526401743.4432,8569.90000,0.00200000,b,m,
1526224228.0903,8584.00000,0.00100000,s,l,
1526205139.0943,8571.00000,0.06000000,s,m,
1526336212.3686,8678.90000,4.84695971,s,m,
1526401749.0343,8571.80000,0.23440000,b,l,
1526401751.7008,8572.00000,0.01166266,b,l,
1526270694.0674,8418.80000,0.02198695,b,m,
1526205145.074,8580.90000,0.10000000,b,l,
1526401755.3899,8572.00000,0.52500000,b,m,
1526270685.8017,8418.70000,0.00500000,s,m,
1526270687.2495,8418.70000,0.97000000,s,l,
1526410047.0735,8532.40000,0.86324684,b,m,
1526268368.7115,8459.00000,0.04751184,s,l,
1526312059.4096,8751.30000,0.00000982,b,l,
1526270692.9788,8418.70000,1.00000000,s,l,
1526270694.065,8418.80000,0.17801305,b,m,
1526270695.5087,8415.10000,0.21000000,s,m,
1526312060.966,8749.60000,0.06414262,s,l,
1526401770.7836,8571.90000,0.01580000,s,l,
1526388519.3488,8770.20000,0.00533260,b,l,
1526401773.1377,8572.00000,0.04000000,b,l,
1526263711.4511,8666.30000,0.20270000,b,m,
1526336241.9432,8689.90000,0.00823353,b,l,
1526401778.8195,8572.00000,0.16682000,b,l,
1526371646.3975,8670.90000,0.88242622,b,l,
1526401785.966,8572.00000,0.09762420,b,l,
1526401786.3034,8572.00000,0.39685162,b,l,
1526298372.9515,8391.50000,0.00023183,s,m,
1526401788.5979,8572.00000,0.00974382,b,l,
1526270717.5916,8417.90000,0.00300000,b,m,
1526336254.2212,8696.70000,0.01014524,b,l,
1526234034.845,8581.20000,0.35560000,b,m,
1526336257.8414,8699.30000,0.06312474,b,l,
1526401794.9072,8572.00000,0.08341000,b,l,
1526200825.5612,8433.70000,0.05000000,b,l,
1526265191.6138,8633.80000,0.37770000,b,m,
1526268374.829,8451.00000,0.02350000,s,m,
1526270727.4848,8417.90000,0.10000000,b,l,
1526270728.8518,8417.80000,1.00000000,s,l,
1526401802.0866,8572.00000,0.33922847,b,l,
1526203702.4589,8569.00000,0.02768152,b,m,
1526248397.7132,8700.50000,0.01300000,b,m,
1526270734.3096,8415.10000,0.80000000,s,m,
1526401808.8509,8572.00000,0.00965939,b,l,
1526401809.5878,8581.90000,0.00050000,b,m,
1526222685.8747,8586.50000,0.06814350,b,l,
1526203792.5269,8585.10000,0.84750000,b,m,
1526336276.3429,8703.90000,0.46993787,s,m,
1526364531.4854,8755.00000,0.30000000,b,m,
1526270744.7705,8411.20000,0.05000000,s,l,
1526273847.661,8365.80000,0.02722550,s,l,
1526336287.8486,8704.00000,0.00200000,b,m,
1526194937.0398,8458.00000,0.06000000,b,m,
1526267704.3594,8551.10000,0.15001711,s,m,
1526304579.1223,8330.60000,0.12732760,s,m,
1526305963.6126,8616.80000,0.03670296,b,m,
1526394797.3999,8655.60000,0.02000000,b,l,
1526205228.1158,8580.00000,0.08460000,b,l,
1526401838.657,8577.20000,0.02500000,s,m,
1526272220.022,8365.90000,0.06134171,b,m,
1526306047.7522,8618.10000,0.00200000,s,m,
1526297318.5769,8445.50000,0.00851058,b,l,
1526397230.032,8527.50000,0.01815843,s,l,
1526401844.911,8577.20000,0.50000000,s,l,
1526380688.4043,8838.00000,0.06788851,b,m,
1526270774.7672,8411.10000,0.04500000,s,m,
1526203676.4086,8525.00000,0.10000000,b,m,
1526406353.3242,8545.00000,0.00200000,b,l,
1526401850.3164,8572.00000,0.00034061,s,l,
1526268383.7045,8457.00000,0.01200000,b,l,
1526336316.5681,8707.40000,0.14554000,b,m,
1526336317.361,8697.20000,0.10000000,s,m,
1526401854.0609,8572.10000,0.01794061,b,l,
1526205247.7408,8579.00000,0.01000000,s,l,
1526336321.0139,8700.00000,0.10000000,s,m,
1526336323.4454,8700.20000,0.50000000,s,l,
1526401860.3303,8571.80000,0.00233323,s,l,
1526401862.6022,8571.10000,0.04306677,s,l,
1526270791.2634,8413.00000,0.02790000,s,l,
1526336328.6602,8700.20000,0.10000000,s,m,
1526270793.9715,8415.90000,0.22848791,b,l,
1526312077.4783,8745.00000,0.00400000,s,m,
1526205264.1022,8587.80000,0.00014232,s,l,
1526380680.4272,8795.00000,0.37019832,b,m,
1526270802.1369,8416.00000,0.00051209,b,l,
1526270803.8545,8415.80000,0.20440000,b,l,
1526256292.895,8675.80000,0.07961700,b,m,
1526388537.7785,8765.60000,0.01471270,b,l,
1526220719.535,8562.10000,0.49100000,s,m,
1526385481.0403,8756.40000,0.00099956,s,m,
1526271597.1873,8358.30000,0.42204422,s,m,
1526270813.5555,8420.00000,0.01230000,s,l,
1526401886.3292,8571.10000,0.10000000,s,m,
1526401888.4977,8571.10000,0.22123323,s,l,
1526268697.4277,8450.00000,0.40000000,s,l,
1526270823.9965,8426.20000,0.00627227,b,m,
1526401896.6581,8568.90000,0.00583000,b,l,
1526205289.4927,8584.40000,0.02182935,s,m,
1526401899.4902,8568.90000,0.37371212,b,l,
1526401901.3777,8567.60000,0.12210000,s,l,
1526336368.5534,8708.90000,0.21000000,b,m,
1526401907.8287,8567.70000,0.01500000,s,m,
1526401908.6839,8567.90000,0.04950000,b,l,
1526243994.3761,8661.00000,0.01300000,b,l,
1526336374.5238,8709.40000,0.22120000,b,m,
1526336377.7799,8700.30000,0.52200000,s,l,
1526336378.5653,8698.30000,0.01854215,s,l,
1526205311.8925,8584.20000,0.04000000,s,m,
1526336384.7538,8692.90000,0.01400000,b,l,
1526267640.5143,8590.60000,0.11249097,s,l,
1526330582.7577,8858.00000,0.03363435,b,l,
1526222608.6132,8590.00000,0.78091458,b,l,
1526231381.5775,8656.90000,1.79000000,s,m,
1526268396.9441,8458.50000,0.07113151,b,l,
1526349702.1968,8705.90000,0.20000000,s,m,
1526401934.0445,8567.70000,0.03421610,b,l,
1526401809.5659,8581.90000,0.00500000,b,m,
1526271887.1485,8350.00000,0.00860000,s,m,
1526305920.2702,8499.70000,0.35256132,b,l,
1526401942.3855,8567.70000,0.00100000,b,m,
1526406431.6175,8548.50000,0.01800000,b,m,
1526271906.0184,8344.20000,0.13000000,s,m,
1526214659.3921,8579.40000,0.00200000,b,m,
1526270879.7662,8420.00000,0.01200000,s,m,
1526336417.6835,8691.00000,0.70000000,b,m,
1526389846.1728,8719.80000,0.00000002,b,l,
1526401957.3071,8564.20000,0.26190000,s,m,
1526242329.2778,8653.80000,0.95993658,b,m,
1526270888.3256,8420.10000,0.03562900,b,m,
1526305579.1599,8379.50000,0.00716033,s,m,
1526257479.5282,8637.10000,0.09127232,s,l,
1526401964.8604,8562.00000,1.00000000,s,m,
1526336429.8932,8680.10000,1.00000000,s,m,
1526337740.8786,8636.10000,0.00161037,s,m,
1526257480.3899,8637.10000,0.00993791,s,l,
1526401974.0876,8554.20000,0.98920000,s,m,
1526270903.3035,8420.50000,0.12260000,b,l,
1526331408.8039,8842.00000,0.00564000,b,m,
1526386948.6621,8779.00000,2.63490986,b,l,
1526256455.3613,8655.50000,0.03000000,b,m,
1526204369.4055,8569.60000,0.01112111,s,m,
1526307093.2012,8749.70000,0.01132551,b,m,
1526336457.2432,8694.20000,0.13440000,s,l,
1526395365.3682,8482.30000,0.06097000,s,l,
1526308614.6415,8774.10000,0.00250000,b,m,
1526401999.3063,8556.20000,0.01780000,b,l,
1526304634.0252,8316.80000,1.89121500,s,m,
1526312832.7046,8800.00000,0.50000000,b,l,
1526344867.7876,8707.70000,0.24999541,s,m,
1526402005.9201,8553.50000,0.00100000,s,m,
1526402007.5365,8557.30000,0.02540000,b,l,
1526312100.6507,8740.40000,0.06484416,s,l,
1526234034.784,8575.30000,0.03677976,b,m,
1526224719.8118,8607.00000,0.16753287,b,l,
1526257571.4896,8625.80000,0.10000000,s,l,
1526402016.8703,8554.10000,0.00600000,s,m,
1526313813.0236,8785.30000,0.08966632,b,m,
1526264118.9012,8658.10000,0.00019139,s,m,
1526205412.4766,8580.10000,0.00480000,b,l,
1526205413.8544,8580.00000,0.01165000,s,l,
1526205414.2107,8572.20000,0.00692318,s,l,
1526203907.2292,8578.10000,0.06173514,s,l,
1526270953.7527,8424.00000,0.16000000,b,l,
1526270665.3123,8411.10000,0.00023885,s,l,
1526270957.6251,8425.00000,0.17352357,s,l,
1526270958.3464,8425.10000,0.00007220,s,l,
1526270959.2007,8425.10000,0.00470000,s,l,
1526270960.0771,8425.10000,0.18197700,s,l,
1526270961.3218,8425.10000,0.18335995,s,l,
1526270962.5204,8425.10000,0.02690000,s,l,
1526270963.1127,8425.10000,0.09380000,s,l,
1526205428.3365,8580.00000,0.00200000,b,l,
1526205429.2523,8579.90000,0.07758136,b,l,
1526205430.8053,8572.10000,0.03968140,s,l,
1526402039.2088,8553.40000,0.01000000,s,m,
1526205432.5412,8570.20000,0.07651860,s,l,
1526202702.7415,8416.50000,0.01122493,s,l,
1526402044.4021,8556.80000,0.01450000,b,m,
1526205437.24,8570.20000,0.01160000,s,m,
1526270974.838,8425.30000,0.11150000,s,l,
1526270975.5809,8425.40000,0.00099956,s,l,
1526205441.9789,8570.30000,0.00233364,b,m,
1526336514.2236,8697.10000,0.24932135,s,m,
1526196469.3577,8439.30000,0.01985070,b,l,
1526270980.6985,8425.90000,0.00520000,b,l,
1526330926.1437,8835.40000,0.49999938,b,l,
1526205446.7469,8570.20000,0.00233364,s,m,
1526402056.7814,8557.30000,0.00100000,b,m,
1526312108.0572,8738.50000,0.01000000,s,l,
1526336526.6013,8701.90000,0.00100044,s,l,
1526405905.3612,8521.90000,2.33600000,b,m,
1526312111.3874,8731.10000,0.15993658,s,l,
1526402076.2304,8553.40000,0.29470000,s,l,
1526205470.6356,8573.10000,0.11667837,b,l,
1526264120.0243,8658.10000,0.04891200,s,m,
1526271009.2381,8425.90000,0.03560500,b,m,
1526405967.8729,8564.00000,0.01938319,b,m,
1526288125.6695,8449.70000,4.64821069,b,l,
1526279396.037,8407.00000,0.40389239,s,l,
1526402087.4444,8554.30000,0.00100000,s,m,
1526396315.9203,8518.70000,0.22000000,s,m,
1526271017.1193,8425.90000,0.04000000,b,m,
1526301191.757,8398.80000,0.05312345,b,m,
1526344882.5051,8707.90000,0.00027441,s,m,
1526271024.727,8425.90000,0.00638069,b,l,
1526271030.5245,8432.00000,0.07860000,b,l,
1526271034.0828,8437.00000,0.04760000,s,m,
1526389599.964,8759.20000,0.18573561,b,m,
1526271036.5463,8437.00000,2.10880813,s,l,
1526222687.1215,8586.50000,0.61668474,b,l,
1526205503.6751,8571.80000,0.00007759,s,m,
1526334418.6382,8806.10000,0.00560124,s,m,
1526391039.3483,8726.00000,0.48388860,b,l,
1526336579.6459,8673.70000,0.09030000,s,m,
1526203018.2637,8426.60000,0.43200000,b,l,
1526256779.9659,8591.30000,4.50000000,s,m,
1526402123.0758,8554.50000,0.04359751,s,m,
1526335383.0268,8710.20000,0.02000000,s,l,
1526342683.8649,8673.80000,0.00853014,b,l,
1526402131.4579,8561.80000,0.00350000,b,m,
1526232381.4242,8655.50000,0.00000001,b,m,
1526257575.3892,8621.20000,0.09002643,s,l,
1526189925.5339,8380.10000,0.06800000,s,m,
1526271065.094,8432.80000,0.00379641,b,l,
1526336605.047,8665.20000,1.13550000,s,m,
1526268432.0248,8461.00000,1.16300000,b,l,
1526298292.5023,8404.90000,0.00000001,b,l,
1526402147.9481,8554.30000,0.06160000,s,l,
1526271076.5018,8432.70000,0.01807107,b,m,
1526336613.3022,8662.10000,0.00800000,s,m,
1526311669.7623,8746.00000,0.02276400,s,l,
1526336137.1188,8714.60000,0.00238268,b,m,
1526202898.1823,8419.50000,1.00000000,s,l,
1526394840.8848,8581.70000,0.73829681,b,m,
1526336624.6321,8667.60000,0.01130000,s,l,
1526207384.4674,8560.00000,0.59738488,b,l,
1526271091.9101,8428.40000,1.00000000,b,l,
1526336629.447,8668.10000,0.20104407,b,l,
1526336630.4024,8672.60000,0.34591702,b,l,
1526390594.8405,8717.80000,2.29400000,s,m,
1526336633.4585,8673.00000,0.01062108,b,l,
1526306303.5004,8693.90000,0.00233011,s,m,
1526205563.2881,8588.50000,0.06000000,b,m,
1526309321.5312,8740.10000,0.04240000,b,l,
1526336637.0186,8678.40000,0.01656190,b,l,
1526288128.7339,8459.90000,0.07670000,b,m,
1526268437.9228,8456.50000,0.82100000,s,m,
1526309033.4406,8760.10000,0.00000044,b,m,
1526244483.9473,8719.70000,0.00000002,b,m,
1526399510.6572,8535.00000,0.06303320,s,l,
1526336650.0463,8686.50000,0.01301591,b,l,
1526202903.3334,8420.40000,0.01963200,b,l,
1526394828.0119,8580.00000,0.50000000,s,m,
1526335077.3505,8696.30000,0.48058699,s,m,
1526271121.3533,8433.00000,0.85812947,b,m,
1526399768.5222,8501.60000,0.15220000,s,l,
1526383390.0368,8753.50000,0.02490489,s,l,
1526313469.6711,8765.60000,0.23650000,b,l,
1526323054.0804,8731.00000,0.10000000,s,m,
1526323167.8943,8730.00000,1.06481813,s,m,
1526336663.7828,8683.50000,0.01124926,b,l,
1526271128.0207,8433.00000,0.03557500,b,m,
1526296858.309,8435.40000,0.00200000,s,l,
1526191983.7248,8378.90000,0.15760000,s,l,
1526235674.9233,8615.40000,0.00460000,b,m,
1526271134.5686,8432.90000,0.50000000,b,m,
1526267642.275,8586.00000,0.00100000,s,m,
1526244484,8732.30000,2.63927797,b,m,
1526286972.7961,8442.00000,0.25000000,b,m,
1526271141.2913,8432.80000,0.49651040,b,l,
1526380688.3538,8825.10000,0.00080000,b,m,
1526331440.4421,8833.10000,0.08761672,s,m,
1526336684.9184,8683.60000,0.01306215,s,l,
1526267642.3489,8581.70000,0.00527800,s,m,
1526315139.955,8768.50000,0.00818076,b,l,
1526298987.6323,8431.30000,0.18444716,b,m,
1526220719.5423,8559.80000,0.22700622,s,m,
1526413682.8809,8478.00000,0.04813680,s,l,
1526226100.8655,8588.70000,0.11417101,s,m,
1526256469.7073,8650.00000,0.03000000,b,m,
1526402230.6428,8557.90000,1.00000000,s,l,
1526271159.8731,8433.00000,0.15316012,b,m,
1526323060.0707,8733.70000,0.03430000,b,l,
1526233254.1573,8580.00000,0.21730000,b,m,
1526336702.182,8678.50000,1.00000000,b,m,
1526353598.4443,8639.00000,0.00100000,s,l,
1526205632.6392,8584.20000,0.14042851,s,m,
1526271169.9873,8433.00000,0.10000000,s,m,
1526271170.9074,8433.50000,0.00900000,b,m,
1526205635.2089,8596.30000,0.00232878,b,m,
1526402244.5385,8557.30000,0.02194500,s,l,
1526268449.778,8461.00000,0.06595811,b,l,
1526380669.2853,8782.80000,1.00000000,b,l,
1526271179.6721,8433.00000,0.00588166,s,l,
1526402252.9565,8557.90000,0.00240000,b,m,
1526238823.4311,8620.90000,0.00214719,s,m,
1526205646.5663,8592.10000,0.20000000,b,m,
1526396514.5008,8500.80000,0.12156165,s,l,
1526255443.3888,8691.00000,0.09216055,s,l,
1526222019.2504,8570.80000,0.21960000,s,m,
1526271186.4368,8433.00000,0.00513834,s,l,
1526373239.7737,8685.90000,0.34000000,s,m,
1526336725.0567,8678.80000,0.08000000,s,m,
1526402262.9312,8557.90000,0.05100000,b,m,
1526257529.6273,8637.10000,0.13779451,s,l,
1526222688.8002,8586.50000,0.20500000,b,l,
1526402271.9098,8557.10000,2.33600000,s,l,
1526312837.1882,8819.40000,0.14079000,b,m,
1526402273.1962,8551.80000,0.01881500,s,l,
1526271202.9934,8433.40000,1.00000000,s,l,
1526402275.7981,8550.00000,0.00342162,s,l,
1526205668.4208,8586.00000,0.00232878,s,m,
1526401609.2481,8557.50000,0.17728209,b,m,
1526336744.6436,8679.00000,0.02000000,s,m,
1526402282.6925,8547.40000,0.23800000,s,l,
1526322635.7875,8729.60000,0.00000044,s,m,
1526254542.6727,8686.00000,0.06000000,b,l,
1526336750.0023,8676.10000,0.00200000,s,m,
1526228362.9068,8645.00000,0.01135169,b,l,
1526268456.6125,8461.00000,0.10000000,b,l,
1526271218.7063,8440.00000,0.10000000,b,l,
1526410451.0228,8492.90000,0.13012306,s,l,
1526271220.1393,8445.80000,0.01270000,s,l,
1526271221.1219,8445.80000,0.56238393,s,l,
1526336758.4036,8672.20000,0.00200000,s,m,
1526268457.3509,8461.00000,0.13100000,b,l,
1526402296.1619,8541.20000,0.08237944,s,l,
1526402297.7288,8541.20000,0.05646034,s,l,
1526312137.5145,8735.20000,0.05023709,b,l,
1526250621.2646,8739.90000,0.02266166,b,m,
1526336764.6356,8673.20000,0.00200000,s,m,
1526271230.9308,8435.00000,0.09000000,s,m,
1526234034.5801,8571.40000,0.23805655,b,m,
1526410078.328,8508.10000,0.03006135,s,l,
1526271236.6587,8445.90000,0.29999378,b,l,
1526312150.7633,8740.80000,0.08856050,s,l,
1526336774.1296,8672.20000,0.22320000,s,m,
1526325231.8574,8758.80000,0.20000000,b,m,
1526336779.5259,8673.20000,0.00200000,s,m,
1526271244.7545,8438.30000,0.50000000,b,l,
1526336781.7624,8673.20000,0.87275785,s,m,
1526271248.035,8438.30000,0.03555200,b,m,
1526320453.732,8729.50000,0.00975100,s,l,
1526336787.2397,8673.30000,0.01865900,s,m,
1526205716.4196,8580.80000,0.00699236,s,m,
1526306333.5288,8681.20000,0.26980000,s,m,
1526336791.6858,8673.50000,0.00200000,s,m,
1526336793.8137,8676.00000,0.00425154,b,l,
1526336794.2248,8673.60000,2.30300000,s,m,
1526336795.6946,8675.90000,0.01200000,b,l,
1526336798.2246,8675.40000,0.08343810,b,l,
1526271265.6524,8435.00000,1.00000000,s,m,
1526268716.3823,8437.40000,0.50000000,s,l,
1526336804.4439,8676.50000,0.01190619,b,l,
1526371426.6449,8720.10000,0.07374246,s,l,
1526268465.9938,8461.00000,0.11370000,b,l,
1526193154.9372,8469.60000,0.12105429,s,l,
1526336809.8814,8682.60000,0.00430395,b,l,
1526290933.9803,8388.70000,0.00217799,s,m,
1526205744.4446,8580.70000,0.02000000,s,m,
1526247552.7393,8704.10000,0.00500000,b,m,
1526205746.2325,8580.70000,0.10050000,s,l,
1526268467.4773,8461.00000,0.12610000,b,l,
1526205752.6656,8580.70000,0.04348472,s,l,
1526336826.0986,8696.40000,0.00210502,b,l,
1526337740.8848,8635.10000,1.00000000,s,m,
1526271293.3256,8433.10000,0.00534859,s,l,
1526340530.8387,8659.00000,0.00099956,s,m,
1526325233.0023,8756.90000,0.00444632,s,l,
1526394785.1439,8658.50000,0.04610000,b,l,
1526198662.9712,8455.20000,0.26650000,s,l,
1526205767.9686,8580.90000,0.00233070,b,m,
1526390701.1655,8714.50000,0.16500000,s,m,
1526189934.6668,8388.70000,0.05390000,s,l,
1526334007.523,8829.80000,0.04000000,b,m,
1526271308.9693,8432.90000,0.10616074,s,l,
1526336846.3346,8695.90000,0.00350000,s,l,
1526205775.3593,8573.50000,0.09927483,s,m,
1526273324.7265,8344.40000,0.24377354,s,l,
1526271314.1382,8422.90000,0.24000000,s,l,
1526271315.3584,8418.60000,0.52500000,s,l,
1526402388.3482,8548.80000,0.20370000,b,l,
1526303411.7677,8375.90000,0.21702361,s,l,
1526205783.9644,8573.60000,0.14827483,s,m,
1526336856.8427,8695.90000,0.06945464,s,m,
1526279396.0245,8407.00000,0.57511383,s,l,
1526234034.8024,8575.30000,0.26497401,b,m,
1526401613.7034,8561.50000,0.97900622,b,l,
1526246629.8808,8701.10000,0.00407185,s,l,
1526336864.1687,8692.80000,0.34511188,s,l,
1526271330.5437,8418.60000,0.01290130,b,m,
1526336867.2625,8693.10000,0.00626001,s,l,
1526330107.1897,8800.00000,0.00034836,b,m,
1526205797.6825,8575.10000,0.00833611,b,l,
1526205799.6518,8573.50000,0.00233070,s,m,
1526336872.5886,8688.50000,0.01847096,s,l,
1526268476.9332,8461.00000,1.00000000,b,l,
1526336875.3443,8683.50000,0.02116129,s,m,
1526336877.6008,8683.50000,0.01900000,s,l,
1526366781.914,8749.80000,0.00000038,s,m,
1526228517.8558,8662.40000,1.00000000,b,m,
1526330492.3283,8866.20000,0.02608033,s,l,
1526202942.1502,8422.00000,0.00238353,s,l,
1526283341.5473,8362.50000,0.13000000,b,l,
1526336889.7426,8682.70000,0.01746274,s,l,
1526214833.7707,8587.00000,0.03382400,b,l,
1526301247.8026,8400.00000,1.99600000,b,l,
1526271357.9825,8415.30000,0.00478169,s,l,
1526271359.761,8425.00000,0.09534859,b,l,
1526336896.3242,8682.70000,0.03439700,b,l,
1526335038.7044,8730.00000,0.84400000,s,m,
1526306183.0142,8690.00000,0.10000000,b,m,
1526310572.7377,8744.90000,0.01367191,s,l,
1526271367.6659,8424.90000,0.03562100,b,m,
1526271368.9845,8415.70000,0.01235777,s,l,
1526336905.651,8676.50000,0.00411390,s,l,
1526408052.3503,8491.80000,0.10000000,s,m,
1526335383.0459,8710.20000,0.01300000,s,l,
1526399554.1933,8522.20000,0.25000000,b,l,
1526383739.4125,8773.30000,0.00539023,s,l,
1526233240.0725,8570.00000,0.75614705,s,m,
1526283518.6908,8370.10000,0.09390000,b,l,
1526224793.3039,8607.90000,0.07772880,b,l,
1526271384.2466,8415.90000,0.22260000,s,l,
1526271385.4538,8415.90000,0.01656940,s,l,
1526335433.0465,8667.00000,0.05000000,s,m,
1526364542.0795,8790.00000,0.97141354,b,m,
1526399557.7957,8522.10000,0.16639605,s,l,
1526336928.2337,8681.10000,0.10000000,b,l,
1526226535.6319,8621.00000,0.05000000,b,m,
1526268486.2421,8461.00000,0.03750000,b,l,
1526264133.7762,8661.30000,0.04027517,b,l,
1526399559.8693,8522.10000,0.00139560,s,l,
1526220488.5733,8575.40000,0.09732460,s,l,
1526271406.0761,8420.00000,0.01200000,s,l,
1526402479.4001,8548.60000,1.56570000,b,m,
1526235764.5839,8627.20000,1.56662266,b,m,
1526402482.6188,8548.30000,0.04400000,b,l,
1526354447.4999,8660.70000,0.06299686,s,m,
1526205879.2053,8578.00000,0.11641000,b,l,
1526205880.5074,8578.00000,0.00233228,b,m,
1526271417.8139,8420.00000,0.08210000,s,l,
1526402490.5562,8548.30000,0.01930000,b,m,
1526305620.7423,8376.30000,0.00000727,b,l,
1526330233.2934,8807.90000,0.18950000,s,l,
1526338785.6745,8616.20000,0.19350000,s,l,
1526306982.0256,8698.50000,0.04525887,s,m,
1526395848.2799,8525.00000,3.96740000,b,l,
1526205890.0952,8575.20000,0.00328487,s,l,
1526399563.6223,8512.60000,0.07330187,s,l,
1526314326.0893,8747.50000,0.10980395,s,l,
1526271430.0319,8420.00000,0.09440000,s,l,
1526271431.0587,8420.00000,4.75720000,s,l,
1526399564.316,8512.60000,0.23979813,s,l,
1526303415.9785,8372.70000,0.05940000,s,l,
1526271438.2013,8420.60000,0.00270473,b,l,
1526271440.8532,8415.10000,0.14836000,b,l,
1526271442.4969,8419.90000,0.01160223,b,l,
1526257571.4934,8625.70000,0.43290079,s,l,
1526271444.2993,8415.00000,0.01188000,s,l,
1526381389.8725,8808.10000,0.04804676,b,l,
1526205914.3978,8571.20000,0.00233228,s,m,
1526205918.0866,8571.20000,0.05766772,s,l,
1526271457.5756,8411.10000,0.01200000,s,l,
1526271458.9546,8411.10000,0.00790808,s,l,
1526318394.1759,8749.00000,0.00670000,s,m,
1526205928.158,8575.10000,0.24165577,b,m,
1526306212.5989,8711.00000,0.00100000,b,m,
1526381658.9246,8817.10000,1.62543275,s,l,
1526303416.6091,8372.70000,0.08964130,s,l,
1526271469.7413,8414.90000,0.00520000,b,m,
1526271470.6839,8411.10000,0.01830000,s,l,
1526200324.1116,8392.00000,0.00001019,b,m,
1526396486.2907,8515.00000,0.16490493,s,l,
1526192040.1312,8382.00000,0.01643266,b,m,
1526271475.9223,8411.30000,0.00250000,b,m,
1526200431.8998,8400.90000,0.02950017,b,l,
1526248860.4795,8673.40000,0.00099956,b,m,
1526337020.6113,8673.60000,0.00254964,b,l,
1526192042.6202,8381.90000,0.10000000,s,m,
1526271488.0422,8413.40000,0.00100000,b,m,
1526347062.9283,8660.00000,0.11656800,b,l,
1526222690.7839,8586.50000,0.07692747,b,l,
1526379796.3643,8712.80000,0.00056080,b,l,
1526271495.8824,8411.20000,0.00908451,s,l,
1526271497.0004,8411.20000,0.02610000,s,l,
1526271501.6724,8411.10000,0.23240000,s,l,
1526364530.3008,8749.00000,0.00413195,b,m,
1526271503.214,8411.10000,0.00599817,s,l,
1526268505.1663,8470.40000,2.00000000,b,l,
1526311164.1028,8723.20000,0.01522768,s,l,
1526224815.6459,8607.90000,0.11158920,b,l,
1526271516.2195,8413.60000,0.00099956,s,l,
1526305992.0967,8650.00000,0.25000000,b,m,
1526355888.2504,8691.70000,0.04000000,s,m,
1526342807.9821,8727.10000,0.35472268,b,l,
1526306052.2785,8618.20000,0.00696201,s,l,
1526205990.7511,8559.60000,0.00360000,s,l,
1526244497.4342,8714.20000,0.01517921,b,m,
1526205993.1191,8552.50000,0.14175180,s,m,
1526205995.3695,8567.00000,0.01200000,b,m,
1526202973.8423,8422.00000,1.21062532,s,l,
1526337072.8043,8670.00000,0.05000000,s,l,
1526337074.8348,8664.70000,0.00200000,s,l,
1526206003.4183,8561.00000,0.00890000,s,l,
1526402616.6058,8550.00000,0.01362190,s,m,
1526314330.9318,8749.90000,0.24330744,b,l,
1526206014.6268,8562.40000,0.00233462,b,m,
1526271551.091,8411.00000,1.00000000,b,m,
1526313002.8507,8803.30000,0.00099956,s,m,
1526399584.9096,8504.90000,0.40000000,s,l,
