time,bid,ask
1526202369,8402.30000,8403.50000
1526333443,8813.10000,8823.40000
1526333444,8813.30000,8823.40000
1526333446,8813.30000,8822.90000
1526333448,8813.10000,8822.90000
1526202377,8402.30000,8403.40000
1526333450,8813.00000,8822.90000
1526333451,8813.00000,8823.10000
1526333452,8813.60000,8822.80000
1526202381,8402.30000,8403.30000
1526202382,8402.30000,8403.20000
1526333455,8809.40000,8822.50000
1526202384,8402.40000,8403.10000
1526333457,8812.00000,8822.50000
1526333458,8812.00000,8822.40000
1526202389,8402.40000,8403.30000
1526333462,8812.00000,8822.10000
1526333463,8810.00000,8822.10000
1526202392,8402.40000,8402.90000
1526333465,8809.50000,8822.40000
1526333466,8811.00000,8822.40000
1526202395,8402.40000,8403.40000
1526333468,8811.10000,8822.40000
1526333469,8811.10000,8821.90000
1526202398,8402.40000,8403.30000
1526202403,8402.40000,8403.20000
1526202405,8402.40000,8403.10000
1526202409,8402.40000,8403.00000
1526333483,8811.20000,8821.90000
1526333485,8811.20000,8821.00000
1526202414,8402.40000,8402.90000
1526333487,8812.00000,8821.00000
1526333489,8812.00000,8820.60000
1526202418,8402.40000,8402.80000
1526377139,8729.00000,8732.20000
1526326723,8729.90000,8737.50000
1526202421,8402.40000,8402.70000
1526333496,8812.10000,8820.60000
1526333498,8812.00000,8820.60000
1526202427,8402.40000,8402.60000
1526202428,8402.30000,8402.40000
1526333501,8812.20000,8820.60000
1526333504,8813.00000,8820.60000
1526202434,8402.30000,8403.10000
1526202435,8402.30000,8402.40000
1526333508,8813.10000,8822.40000
1526272748,8366.10000,8371.40000
1526333511,8813.10000,8820.30000
1526202440,8398.60000,8402.40000
1526267916,8516.30000,8522.60000
1526333514,8811.10000,8820.10000
1526202443,8398.60000,8400.40000
1526202446,8398.60000,8399.50000
1526333453,8813.60000,8822.50000
1526333520,8813.00000,8820.10000
1526202449,8398.60000,8399.40000
1526202450,8398.60000,8398.70000
1526333524,8813.10000,8820.10000
1526333527,8813.10000,8819.80000
1526202457,8389.00000,8398.50000
1526333530,8814.00000,8822.30000
1526202459,8389.00000,8391.00000
1526333532,8814.00000,8822.40000
1526202461,8389.00000,8390.90000
1526333534,8813.20000,8822.00000
1526333535,8814.10000,8822.00000
1526202464,8389.00000,8390.90000
1526202465,8389.00000,8390.80000
1526202466,8389.00000,8390.80000
1526333539,8814.00000,8822.10000
1526202468,8389.00000,8390.60000
1526202469,8389.00000,8390.80000
1526202470,8389.00000,8390.00000
1526202471,8389.00000,8389.90000
1526202472,8389.70000,8389.90000
1526202473,8389.80000,8389.90000
1526333546,8814.30000,8822.10000
1526267922,8512.80000,8521.40000
1526333550,8814.30000,8821.40000
1526333551,8815.00000,8821.40000
1526196715,8449.50000,8452.00000
1526267923,8512.90000,8521.40000
1526333556,8814.30000,8821.40000
1526311614,8732.80000,8733.00000
1526333558,8814.30000,8820.90000
1526333559,8816.00000,8820.90000
1526333561,8816.00000,8820.60000
1526333564,8814.30000,8820.90000
1526333567,8814.30000,8820.30000
1526272750,8369.10000,8375.00000
1526333570,8814.30000,8820.90000
1526224235,8576.20000,8580.50000
1526333572,8814.30000,8820.00000
1526202390,8402.40000,8403.00000
1526333575,8814.30000,8822.00000
1526333579,8814.30000,8821.50000
1526333585,8820.90000,8821.50000
1526333586,8820.90000,8821.20000
1526311619,8733.90000,8736.00000
1526224238,8571.40000,8573.30000
1526202521,8388.50000,8389.90000
1526202524,8389.80000,8389.90000
1526333598,8810.50000,8814.00000
1526202527,8389.80000,8403.60000
1526202528,8389.80000,8403.40000
1526333601,8810.50000,8813.50000
1526202531,8389.80000,8401.00000
1526202532,8389.90000,8401.00000
1526202534,8389.90000,8400.90000
1526202538,8390.20000,8400.80000
1526202540,8390.20000,8400.00000
1526202544,8390.20000,8400.70000
1526333617,8811.90000,8813.90000
1526202546,8390.20000,8400.70000
1526202547,8390.20000,8397.00000
1526333620,8812.00000,8813.20000
1526267934,8516.50000,8528.00000
1526333622,8812.00000,8814.00000
1526224244,8573.20000,8580.50000
1526333626,8813.20000,8814.00000
1526333627,8813.00000,8814.00000
1526202560,8390.30000,8397.00000
1526267936,8516.60000,8522.00000
1526202563,8390.40000,8397.00000
1526202564,8390.50000,8397.00000
1526224246,8573.20000,8580.50000
1526202567,8390.30000,8397.00000
1526202569,8390.70000,8397.00000
1526333642,8813.00000,8813.50000
1526202573,8390.70000,8396.70000
1526202574,8390.70000,8393.90000
1526202577,8390.70000,8390.90000
1526202578,8389.90000,8390.90000
1526202584,8390.00000,8390.90000
1526333659,8813.00000,8813.90000
1526202588,8391.00000,8393.80000
1526202589,8391.00000,8397.00000
1526202590,8391.10000,8397.00000
1526202591,8391.10000,8396.90000
1526196592,8447.00000,8450.60000
1526202594,8391.10000,8396.20000
1526333667,8813.10000,8813.40000
1526333671,8813.10000,8814.00000
1526202602,8391.20000,8396.20000
1526333676,8813.00000,8814.00000
1526224253,8573.20000,8576.20000
1526224744,8607.10000,8607.20000
1526202610,8388.70000,8396.20000
1526333683,8813.00000,8813.80000
1526202613,8388.70000,8391.40000
1526202614,8391.20000,8391.40000
1526202616,8391.10000,8391.40000
1526202617,8391.20000,8391.40000
1526202619,8388.70000,8391.40000
1526202620,8388.70000,8391.40000
1526202621,8391.30000,8391.40000
1526202623,8388.70000,8396.20000
1526202627,8388.70000,8390.00000
1526202628,8384.60000,8390.00000
1526202630,8384.60000,8389.90000
1526202631,8387.00000,8389.90000
1526202632,8387.00000,8389.00000
1526202633,8387.00000,8389.90000
1526202634,8387.00000,8390.00000
1526202635,8386.70000,8390.00000
1526202636,8387.10000,8390.00000
1526224258,8573.50000,8575.90000
1526202638,8386.80000,8390.00000
1526202640,8387.70000,8390.00000
1526299483,8405.00000,8406.00000
1526202643,8389.90000,8390.00000
1526333718,8813.10000,8814.00000
1526333720,8813.10000,8813.90000
1526202653,8430.00000,8430.30000
1526202654,8430.00000,8430.20000
1526202657,8390.30000,8407.00000
1526311643,8747.20000,8748.70000
1526202660,8397.40000,8407.00000
1526333734,8813.00000,8813.70000
1526202663,8397.50000,8406.90000
1526202664,8397.50000,8407.00000
1526202665,8397.60000,8406.80000
1526202667,8398.00000,8407.00000
1526202668,8406.70000,8406.90000
1526202669,8406.70000,8406.80000
1526333743,8813.50000,8814.00000
1526333744,8813.60000,8814.00000
1526202676,8406.70000,8407.10000
1526202677,8407.10000,8411.70000
1526202678,8411.60000,8411.70000
1526202679,8411.60000,8416.60000
1526202680,8411.70000,8416.50000
1526202685,8412.70000,8416.50000
1526202688,8416.40000,8416.50000
1526202695,8416.40000,8420.40000
1526202696,8416.40000,8420.30000
1526233476,8609.90000,8612.80000
1526202699,8416.50000,8420.30000
1526202702,8416.40000,8420.30000
1526333775,8813.70000,8813.90000
1526202707,8416.40000,8420.30000
1526202708,8416.40000,8419.70000
1526202709,8416.50000,8419.60000
1526333782,8813.70000,8813.90000
1526202711,8416.50000,8420.40000
1526202712,8416.50000,8420.30000
1526311653,8750.00000,8754.80000
1526333792,8813.80000,8813.90000
1526224272,8571.20000,8573.10000
1526333499,8812.10000,8820.60000
1526333799,8813.70000,8813.90000
1526267964,8516.00000,8518.40000
1526202730,8416.40000,8420.30000
1526202732,8416.40000,8419.90000
1526202733,8416.40000,8420.30000
1526267965,8516.70000,8518.40000
1526202737,8416.40000,8419.90000
1526202738,8412.90000,8419.90000
1526224275,8573.00000,8573.10000
1526202740,8412.90000,8419.80000
1526202742,8413.00000,8419.70000
1526311657,8747.10000,8752.40000
1526202745,8411.80000,8419.60000
1526202747,8413.00000,8419.60000
1526202748,8413.30000,8419.60000
1526202749,8413.30000,8419.50000
1526202750,8413.30000,8419.40000
1526202753,8413.30000,8419.30000
1526202756,8411.80000,8419.30000
1526202758,8411.80000,8416.70000
1526202759,8413.00000,8416.70000
1526202760,8413.60000,8416.60000
1526202762,8413.00000,8416.50000
1526202763,8411.90000,8416.50000
1526333506,8813.10000,8822.40000
1526202766,8412.00000,8416.50000
1526202767,8412.00000,8419.90000
1526202768,8412.00000,8419.80000
1526202770,8412.10000,8419.80000
1526333507,8813.00000,8822.40000
1526333847,8813.90000,8814.00000
1526202776,8412.40000,8419.80000
1526202780,8412.20000,8419.80000
1526224282,8571.20000,8576.00000
1526202783,8412.20000,8420.30000
1526202785,8413.00000,8420.30000
1526202787,8413.00000,8420.20000
1526202789,8413.00000,8420.10000
1526202790,8412.70000,8420.10000
1526202791,8418.30000,8420.10000
1526202792,8418.20000,8420.10000
1526202793,8413.10000,8420.10000
1526202794,8412.70000,8420.10000
1526202795,8417.00000,8420.10000
1526202796,8417.00000,8419.70000
1526202797,8413.00000,8419.70000
1526202800,8415.40000,8419.70000
1526202801,8415.40000,8419.60000
1526282899,8345.10000,8349.90000
1526202808,8412.70000,8419.60000
1526202812,8413.00000,8419.60000
1526202813,8413.00000,8419.50000
1526377205,8729.10000,8732.40000
1526202816,8413.00000,8419.40000
1526202817,8415.70000,8419.40000
1526202818,8412.80000,8419.40000
1526333515,8813.00000,8820.10000
1526202820,8413.00000,8419.60000
1526202822,8415.10000,8419.60000
1526202823,8413.00000,8419.60000
1526202826,8412.70000,8419.60000
1526377207,8729.20000,8732.40000
1526202828,8415.10000,8419.60000
1526202829,8413.00000,8419.60000
1526202832,8415.20000,8419.60000
1526202839,8412.70000,8419.60000
1526202842,8414.00000,8419.60000
1526333519,8813.10000,8820.10000
1526202846,8413.00000,8419.60000
1526202849,8413.00000,8419.50000
1526202850,8414.00000,8419.50000
1526333924,8814.00000,8822.00000
1526202853,8414.00000,8419.40000
1526333926,8813.80000,8820.80000
1526202855,8412.70000,8419.40000
1526202856,8414.30000,8419.40000
1526202857,8414.30000,8419.30000
1526202859,8413.00000,8419.30000
1526202860,8413.00000,8419.20000
1526202861,8414.30000,8419.20000
1526202863,8412.80000,8419.20000
1526333936,8815.40000,8822.00000
1526202866,8412.70000,8419.10000
1526202867,8413.30000,8419.10000
1526333940,8815.40000,8822.00000
1526202869,8413.30000,8419.00000
1526202870,8414.00000,8419.00000
1526202871,8414.00000,8419.60000
1526202873,8415.70000,8419.60000
1526202874,8416.70000,8419.60000
1526250940,8710.70000,8715.50000
1526202879,8416.70000,8420.30000
1526224300,8576.10000,8585.60000
1526202890,8419.40000,8420.30000
1526202455,8389.00000,8398.60000
1526202896,8419.50000,8419.60000
1526202898,8419.40000,8419.50000
1526333972,8819.10000,8822.00000
1526202903,8422.00000,8425.00000
1526202904,8422.00000,8432.30000
1526202905,8422.10000,8432.30000
1526202906,8422.10000,8422.30000
1526224303,8576.20000,8585.60000
1526267994,8518.90000,8521.80000
1526377221,8729.30000,8732.10000
1526333984,8818.10000,8822.00000
1526399067,8541.70000,8543.30000
1526333988,8818.00000,8822.00000
1526224305,8585.50000,8585.60000
1526202921,8422.10000,8424.70000
1526202922,8422.10000,8422.30000
1526377223,8729.30000,8729.50000
1526333997,8826.30000,8828.20000
1526267997,8514.30000,8515.30000
1526334000,8826.30000,8829.80000
1526311688,8743.90000,8745.30000
1526334002,8826.40000,8829.80000
1526202931,8422.00000,8422.30000
1526202937,8422.00000,8425.00000
1526202941,8422.00000,8424.60000
1526200893,8418.60000,8428.00000
1526224310,8585.50000,8588.70000
1526333537,8814.00000,8822.00000
1526202953,8422.00000,8424.60000
1526334027,8826.40000,8834.40000
1526268002,8515.20000,8527.20000
1526334032,8826.40000,8835.00000
1526334033,8826.40000,8834.90000
1526202962,8422.00000,8424.60000
1526334037,8826.70000,8834.80000
1526202966,8422.10000,8424.60000
1526224756,8607.30000,8607.40000
1526202970,8422.00000,8424.60000
1526334043,8829.00000,8834.80000
1526334044,8829.80000,8834.50000
1526334045,8829.80000,8830.80000
1526202974,8422.00000,8422.20000
1526202978,8419.20000,8422.20000
1526202980,8419.20000,8422.00000
1526202981,8419.20000,8422.20000
1526202982,8419.20000,8419.40000
1526333543,8814.20000,8821.70000
1526334060,8829.80000,8836.50000
1526334063,8829.80000,8836.40000
1526334067,8829.80000,8836.30000
1526334070,8830.10000,8836.30000
1526202999,8419.20000,8419.40000
1526334074,8830.10000,8831.30000
1526334075,8829.80000,8831.30000
1526268010,8512.40000,8515.20000
1526203011,8419.20000,8419.30000
1526377238,8729.30000,8732.10000
1526268012,8512.40000,8522.00000
1526334090,8829.80000,8834.40000
1526203019,8419.20000,8419.30000
1526203020,8409.80000,8419.20000
1526203021,8409.80000,8419.30000
1526203022,8413.00000,8419.20000
1526203027,8409.80000,8413.20000
1526203028,8409.80000,8413.00000
1526203029,8409.80000,8413.20000
1526334103,8829.80000,8834.30000
1526203032,8407.10000,8413.20000
1526334105,8829.80000,8831.90000
1526203035,8407.40000,8413.20000
1526203036,8407.10000,8413.20000
1526203038,8407.00000,8413.20000
1526334112,8829.90000,8831.90000
1526203041,8407.00000,8413.10000
1526203042,8407.40000,8413.10000
1526203044,8407.40000,8413.00000
1526203045,8407.50000,8413.00000
1526203047,8407.70000,8413.00000
1526203048,8407.70000,8412.90000
1526203050,8407.90000,8412.90000
1526203052,8407.90000,8412.80000
1526203055,8407.50000,8412.80000
1526203056,8407.50000,8408.10000
1526334130,8829.80000,8830.00000
1526203059,8407.60000,8408.10000
1526325143,8747.20000,8751.10000
1526203063,8407.50000,8408.10000
1526334139,8829.90000,8830.00000
1526334143,8829.90000,8836.90000
1526334144,8829.90000,8830.10000
1526334146,8829.90000,8830.00000
1526224331,8588.80000,8598.10000
1526203076,8407.70000,8408.10000
1526203077,8407.70000,8419.30000
1526203078,8407.70000,8419.20000
1526203080,8407.70000,8419.10000
1526203081,8410.00000,8419.10000
1526203082,8411.00000,8419.10000
1526268405,8458.90000,8459.90000
1526203084,8411.00000,8419.30000
1526203085,8415.60000,8419.30000
1526203086,8415.60000,8418.90000
1526203087,8411.10000,8411.20000
1526334164,8829.80000,8830.00000
1526268026,8512.80000,8514.30000
1526377253,8729.40000,8732.10000
1526355408,8704.70000,8706.70000
1526334179,8829.10000,8829.80000
1526377254,8729.40000,8729.60000
1526203111,8411.00000,8411.20000
1526334184,8829.00000,8829.10000
1526203113,8411.10000,8411.20000
1526203114,8411.00000,8411.20000
1526203115,8411.10000,8411.20000
1526203117,8411.10000,8411.20000
1526334190,8826.40000,8829.00000
1526203119,8411.00000,8411.20000
1526377256,8728.10000,8729.60000
1526334195,8826.40000,8829.20000
1526203124,8407.60000,8411.20000
1526334197,8826.40000,8828.90000
1526334199,8826.40000,8828.70000
1526203128,8410.00000,8411.20000
1526334201,8826.40000,8828.00000
1526334202,8826.30000,8828.00000
1526203132,8407.70000,8418.80000
1526334205,8826.30000,8826.40000
1526203135,8409.00000,8410.20000
1526203136,8409.10000,8410.20000
1526203141,8407.60000,8410.20000
1526203142,8408.00000,8410.20000
1526203144,8408.10000,8410.20000
1526203145,8408.10000,8410.10000
1526203146,8408.10000,8410.20000
1526203148,8408.10000,8410.10000
1526203152,8404.20000,8408.20000
1526224344,8592.10000,8598.00000
1526203156,8407.00000,8408.20000
1526203159,8407.00000,8407.90000
1526203161,8404.00000,8407.90000
1526311727,8754.90000,8759.90000
1526203164,8404.00000,8408.20000
1526203165,8404.10000,8408.20000
1526203166,8404.00000,8408.20000
1526203167,8404.00000,8407.90000
1526203168,8404.00000,8408.20000
1526377264,8727.10000,8729.60000
1526203170,8404.00000,8407.60000
1526203172,8404.00000,8408.20000
1526203173,8404.10000,8407.30000
1526203174,8404.00000,8407.30000
1526203177,8404.00000,8407.20000
1526203178,8404.00000,8405.60000
1526325147,8747.30000,8752.30000
1526203183,8404.10000,8405.60000
1526203185,8404.20000,8405.60000
1526203187,8404.20000,8408.10000
1526203189,8404.20000,8406.60000
1526364428,8729.60000,8733.00000
1526203191,8404.20000,8408.00000
1526203192,8404.20000,8407.90000
1526377268,8728.20000,8732.10000
1526203194,8404.00000,8407.90000
1526203195,8404.00000,8405.20000
1526203198,8403.50000,8405.20000
1526203203,8403.50000,8405.10000
1526203204,8403.50000,8407.40000
1526203205,8403.50000,8407.50000
1526203206,8403.50000,8407.10000
1526203209,8403.50000,8404.00000
1526203215,8400.00000,8403.50000
1526334288,8826.30000,8829.70000
1526203217,8402.50000,8403.50000
1526203218,8404.60000,8407.00000
1526334292,8826.30000,8828.00000
1526203222,8404.60000,8406.60000
1526377273,8727.40000,8729.50000
1526334297,8826.30000,8827.90000
1526203228,8404.60000,8406.90000
1526334301,8826.30000,8827.40000
1526203230,8404.60000,8406.30000
1526334303,8826.30000,8827.90000
1526203232,8404.60000,8406.90000
1526334308,8827.10000,8827.30000
1526203238,8404.60000,8407.80000
1526203239,8404.70000,8406.80000
1526203248,8404.70000,8406.20000
1526203251,8404.70000,8406.80000
1526334324,8826.30000,8827.10000
1526203253,8404.70000,8406.10000
1526334329,8826.30000,8827.00000
1526334330,8826.30000,8827.10000
1526203260,8404.80000,8406.10000
1526334338,8826.30000,8826.70000
1526233495,8601.80000,8609.70000
1526203272,8404.80000,8406.00000
1526334345,8826.30000,8826.50000
1526203274,8404.70000,8406.00000
1526334348,8826.30000,8826.40000
1526203279,8404.60000,8406.00000
1526203282,8404.60000,8405.90000
1526377283,8727.40000,8729.40000
1526224366,8596.30000,8599.90000
1526203292,8404.70000,8405.90000
1526203293,8404.60000,8405.90000
1526203297,8404.60000,8409.80000
1526203299,8404.60000,8409.50000
1526203300,8404.70000,8409.50000
1526203301,8404.70000,8409.80000
1526203303,8404.70000,8409.20000
1526203305,8404.70000,8409.80000
1526203308,8404.70000,8408.90000
1526203311,8405.00000,8409.80000
1526203312,8405.00000,8408.80000
1526203315,8405.10000,8408.80000
1526334388,8819.40000,8825.40000
1526203318,8405.20000,8408.80000
1526334391,8819.40000,8825.30000
1526334393,8813.70000,8825.30000
1526203322,8405.20000,8408.50000
1526203324,8405.00000,8408.50000
1526334397,8813.70000,8824.00000
1526330039,8750.70000,8756.90000
1526334399,8812.80000,8813.70000
1526334402,8805.70000,8813.70000
1526334404,8805.70000,8813.60000
1526203333,8408.30000,8408.40000
1526334407,8805.90000,8813.60000
1526334409,8806.00000,8813.60000
1526334413,8805.80000,8813.60000
1526334414,8806.10000,8806.20000
1526334420,8806.10000,8806.20000
1526334421,8805.80000,8806.20000
1526333604,8810.60000,8813.50000
1526246592,8700.90000,8704.20000
1526334445,8805.80000,8806.00000
1526203376,8408.40000,8408.50000
1526334450,8805.80000,8805.90000
1526377299,8727.70000,8727.80000
1526273301,8344.30000,8346.40000
1526333610,8811.90000,8813.50000
1526203392,8408.40000,8408.60000
1526331402,8841.50000,8842.00000
1526203402,8408.40000,8408.60000
1526203407,8408.50000,8408.60000
1526334484,8805.00000,8805.90000
1526334488,8805.00000,8805.20000
1526203417,8408.50000,8408.70000
1526334495,8805.00000,8805.10000
1526334510,8800.10000,8805.00000
1526334511,8800.10000,8803.90000
1526203440,8408.40000,8408.70000
1526203443,8408.60000,8408.70000
1526334516,8800.10000,8803.30000
1526334518,8800.10000,8803.30000
1526203448,8408.60000,8408.80000
1526334521,8793.80000,8803.20000
1526334522,8790.00000,8803.10000
1526334523,8778.10000,8803.10000
1526334526,8783.00000,8803.10000
1526334527,8785.00000,8803.10000
1526334528,8785.00000,8803.00000
1526334529,8785.00000,8802.60000
1526334531,8785.10000,8796.90000
1526334532,8785.10000,8789.00000
1526246595,8700.90000,8704.10000
1526203463,8408.70000,8408.90000
1526334536,8785.10000,8788.90000
1526203465,8408.60000,8408.90000
1526334540,8778.40000,8788.80000
1526334541,8778.00000,8780.00000
1526334542,8778.10000,8780.00000
1526203471,8408.80000,8408.90000
1526334546,8778.10000,8783.20000
1526311779,8746.10000,8750.00000
1526334548,8778.00000,8780.00000
1526203477,8408.80000,8410.00000
1526203478,8408.80000,8409.00000
1526334551,8771.60000,8779.80000
1526334553,8771.70000,8779.80000
1526203482,8408.90000,8409.00000
1526203484,8408.80000,8409.00000
1526203485,8408.90000,8409.00000
1526334558,8775.80000,8779.00000
1526334561,8775.80000,8778.90000
1526334562,8775.80000,8779.00000
1526334563,8775.80000,8778.80000
1526203493,8408.90000,8409.10000
1526334566,8760.40000,8778.70000
1526203495,8410.90000,8419.10000
1526203496,8417.50000,8419.10000
1526203497,8422.90000,8423.30000
1526203498,8423.40000,8423.50000
1526334571,8764.00000,8778.60000
1526203500,8425.80000,8434.60000
1526203501,8425.80000,8435.70000
1526203503,8425.90000,8435.70000
1526203506,8435.60000,8435.70000
1526224403,8597.20000,8600.00000
1526334581,8776.90000,8777.00000
1526334584,8764.10000,8777.00000
1526334585,8764.10000,8776.90000
1526203514,8435.80000,8438.00000
1526334587,8764.20000,8776.90000
1526203516,8436.40000,8438.00000
1526334590,8765.00000,8776.80000
1526334592,8765.00000,8774.60000
1526203521,8440.70000,8446.10000
1526334594,8765.10000,8774.60000
1526203523,8440.80000,8450.00000
1526203525,8442.00000,8450.00000
1526203526,8449.70000,8450.00000
1526203527,8442.10000,8450.00000
1526334600,8764.10000,8772.90000
1526203529,8444.80000,8446.90000
1526334603,8764.10000,8772.80000
1526203532,8444.90000,8446.90000
1526203533,8445.40000,8450.00000
1526203534,8444.90000,8446.40000
1526203536,8445.00000,8446.40000
1526203537,8445.50000,8446.40000
1526334612,8764.10000,8764.60000
1526198588,8450.90000,8456.60000
1526334617,8764.10000,8764.50000
1526334620,8764.10000,8764.40000
1526334621,8764.20000,8764.40000
1526203551,8444.80000,8446.40000
1526334624,8764.20000,8764.30000
1526203553,8445.50000,8446.30000
1526203554,8444.80000,8446.30000
1526203555,8444.80000,8446.30000
1526203556,8443.30000,8446.30000
1526334629,8760.10000,8764.30000
1526203558,8443.30000,8444.80000
1526203559,8443.30000,8446.30000
1526203560,8443.30000,8444.80000
1526203561,8443.40000,8446.30000
1526334634,8761.10000,8772.20000
1526203564,8443.40000,8446.30000
1526203565,8441.70000,8446.30000
1526334638,8761.10000,8772.10000
1526224413,8597.80000,8600.00000
1526334640,8761.00000,8772.10000
1526334642,8761.10000,8772.00000
1526203571,8440.90000,8446.30000
1526334645,8761.10000,8772.00000
1526203574,8441.70000,8446.30000
1526203575,8444.60000,8445.00000
1526203576,8444.70000,8445.00000
1526334649,8761.10000,8771.90000
1526334652,8763.80000,8771.80000
1526203582,8444.90000,8445.00000
1526203583,8444.60000,8445.00000
1526203584,8444.60000,8445.00000
1526203585,8444.90000,8445.00000
1526334660,8772.20000,8773.90000
1526334662,8772.20000,8773.80000
1526334664,8772.30000,8773.80000
1526334668,8772.30000,8776.90000
1526328295,8751.10000,8753.60000
1526334671,8773.80000,8776.90000
1526334672,8774.40000,8776.90000
1526203602,8444.90000,8450.00000
1526203603,8445.00000,8450.00000
1526203604,8449.20000,8450.00000
1526334677,8774.50000,8781.30000
1526334678,8774.50000,8775.00000
1526203608,8449.90000,8450.00000
1526334682,8774.50000,8786.40000
1526399183,8528.80000,8533.80000
1526334684,8774.50000,8781.10000
1526334685,8774.50000,8785.30000
1526334686,8772.70000,8786.40000
1526334687,8774.60000,8786.30000
1526334690,8774.60000,8784.00000
1526334691,8774.80000,8779.80000
1526203621,8452.10000,8452.50000
1526203624,8454.90000,8460.00000
1526203625,8456.30000,8460.00000
1526203626,8455.00000,8460.00000
1526334699,8777.60000,8777.70000
1526203628,8460.00000,8468.50000
1526203630,8460.00000,8478.90000
1526203631,8460.00000,8473.40000
1526203632,8466.20000,8473.40000
1526199650,8446.90000,8451.80000
1526203634,8466.20000,8473.30000
1526203635,8470.30000,8473.30000
1526334708,8777.80000,8789.80000
1526203639,8470.40000,8473.30000
1526203640,8473.20000,8473.30000
1526203641,8473.20000,8473.30000
1526203642,8473.20000,8479.90000
1526334715,8778.10000,8789.70000
1526203645,8473.20000,8476.70000
1526203646,8477.00000,8479.90000
1526203647,8478.10000,8479.90000
1526203648,8476.60000,8494.90000
1526203649,8478.80000,8479.80000
1526203650,8479.80000,8484.00000
1526334723,8777.90000,8789.80000
1526334725,8777.90000,8789.50000
1526203654,8483.60000,8483.90000
1526203655,8483.60000,8501.90000
1526203656,8483.60000,8501.80000
1526203657,8483.60000,8501.70000
1526203658,8496.80000,8501.70000
1526203659,8496.80000,8501.70000
1526334732,8777.90000,8790.00000
1526334733,8778.20000,8790.00000
1526334734,8778.10000,8791.80000
1526203663,8496.90000,8501.70000
1526334736,8779.50000,8789.20000
1526203665,8499.70000,8501.80000
1526334738,8779.60000,8791.70000
1526203667,8501.70000,8501.80000
1526203669,8501.70000,8507.30000
1526203670,8501.70000,8505.80000
1526203672,8504.00000,8505.80000
1526203673,8501.80000,8510.50000
1526203674,8505.70000,8510.50000
1526203675,8505.70000,8510.40000
1526203676,8505.70000,8510.40000
1526203677,8516.30000,8517.80000
1526203678,8517.70000,8517.80000
1526203680,8517.70000,8526.50000
1526203681,8517.70000,8526.50000
1526334754,8780.00000,8792.40000
1526203683,8528.50000,8529.70000
1526203684,8538.40000,8545.80000
1526203685,8538.40000,8550.00000
1526203687,8541.10000,8549.90000
1526203688,8549.90000,8550.00000
1526334761,8779.80000,8793.00000
1526334762,8781.00000,8792.90000
1526334763,8782.40000,8792.90000
1526203692,8550.10000,8554.40000
1526334765,8782.50000,8791.90000
1526203694,8554.30000,8555.00000
1526203695,8554.50000,8555.00000
1526203696,8554.50000,8555.40000
1526203697,8554.50000,8558.50000
1526203698,8554.50000,8554.90000
1526203699,8554.50000,8558.50000
1526203700,8554.60000,8558.50000
1526334773,8785.00000,8794.10000
1526203702,8555.30000,8576.50000
1526203703,8565.60000,8576.50000
1526203705,8559.00000,8576.50000
1526203707,8568.00000,8576.50000
1526203708,8568.00000,8569.00000
1526203711,8573.40000,8576.40000
1526203713,8573.40000,8576.30000
1526203714,8573.70000,8576.30000
1526203715,8573.50000,8576.30000
1526203716,8573.50000,8576.30000
1526203717,8573.40000,8576.20000
1526203718,8573.40000,8573.50000
1526203720,8573.40000,8573.70000
1526203721,8572.80000,8573.40000
1526334795,8785.30000,8799.80000
1526203725,8572.80000,8573.40000
1526203726,8571.80000,8572.80000
1526203727,8571.80000,8571.90000
1526203728,8571.80000,8572.80000
1526203730,8571.80000,8572.70000
1526203731,8571.90000,8576.30000
1526203732,8571.90000,8573.50000
1526203733,8572.20000,8573.50000
1526334806,8785.50000,8796.80000
1526203735,8572.00000,8573.50000
1526203736,8572.00000,8573.50000
1526203737,8572.10000,8573.40000
1526203738,8576.30000,8576.50000
1526334811,8785.50000,8796.10000
1526203740,8572.00000,8593.10000
1526203741,8571.80000,8593.00000
1526203742,8572.10000,8593.00000
1526203743,8572.10000,8592.90000
1526203744,8571.90000,8592.90000
1526203745,8571.90000,8592.80000
1526203746,8571.80000,8571.90000
1526334819,8785.30000,8796.90000
1526203748,8568.20000,8572.00000
1526334821,8785.30000,8796.10000
1526203750,8564.40000,8571.90000
1526203751,8568.10000,8571.90000
1526203752,8566.60000,8571.90000
1526334825,8785.60000,8796.90000
1526334826,8785.60000,8799.50000
1526334827,8788.00000,8799.50000
1526203756,8566.60000,8572.00000
1526203757,8566.60000,8571.80000
1526203759,8566.60000,8572.00000
1526203761,8561.50000,8566.60000
1526334834,8786.90000,8799.50000
1526203763,8569.00000,8571.90000
1526334836,8786.90000,8799.60000
1526203765,8569.00000,8585.20000
1526334839,8788.20000,8797.30000
1526203768,8585.00000,8585.10000
1526334843,8788.30000,8799.20000
1526268138,8501.10000,8510.00000
1526334846,8788.40000,8799.20000
1526334851,8788.60000,8799.20000
1526334854,8788.60000,8799.80000
1526224449,8599.90000,8600.00000
1526334856,8788.70000,8799.80000
1526334859,8788.80000,8799.50000
1526334860,8788.60000,8799.40000
1526334861,8787.00000,8799.40000
1526334862,8788.70000,8799.40000
1526334864,8788.70000,8799.30000
1526203793,8585.00000,8587.40000
1526203794,8586.60000,8593.20000
1526203795,8585.10000,8593.20000
1526203796,8593.00000,8593.20000
1526268142,8501.10000,8501.20000
1526334870,8797.50000,8800.40000
1526334874,8799.00000,8800.50000
1526203803,8585.00000,8593.20000
1526203804,8585.00000,8587.00000
1526203805,8577.20000,8587.00000
1526203806,8585.10000,8587.00000
1526203809,8589.70000,8593.20000
1526203810,8585.10000,8590.00000
1526334883,8797.50000,8806.00000
1526334884,8797.60000,8806.00000
1526334886,8797.60000,8805.90000
1526203815,8586.60000,8590.00000
1526203816,8586.60000,8589.00000
1526334889,8797.60000,8801.00000
1526334890,8790.70000,8801.00000
1526203819,8585.50000,8589.00000
1526334892,8794.80000,8801.00000
1526203821,8588.90000,8590.00000
1526334894,8794.80000,8805.70000
1526203823,8587.80000,8590.00000
1526203824,8587.80000,8588.90000
1526334897,8789.10000,8800.90000
1526334898,8789.10000,8800.80000
1526203827,8587.80000,8588.80000
1526203829,8577.90000,8587.80000
1526203831,8579.30000,8587.80000
1526334904,8789.10000,8798.90000
1526203833,8579.30000,8587.80000
1526203834,8577.90000,8587.20000
1526334907,8796.00000,8798.90000
1526203836,8577.90000,8588.80000
1526334909,8796.00000,8798.00000
1526203839,8577.10000,8583.30000
1526203840,8578.00000,8583.30000
1526203841,8578.00000,8587.20000
1526203842,8578.00000,8583.10000
1526203843,8578.00000,8583.00000
1526334919,8788.80000,8797.70000
1526203848,8578.00000,8590.00000
1526203849,8578.00000,8589.90000
1526334922,8788.80000,8797.60000
1526203852,8582.90000,8585.00000
1526203853,8582.90000,8583.90000
1526203854,8582.90000,8585.00000
1526334927,8788.80000,8797.00000
1526334929,8782.80000,8785.40000
1526203859,8578.50000,8584.80000
1526203860,8580.00000,8584.80000
1526334933,8785.30000,8796.80000
1526203863,8578.50000,8584.80000
1526334936,8785.30000,8796.60000
1526203865,8578.50000,8584.70000
1526334938,8785.30000,8796.00000
1526224463,8600.10000,8604.40000
1526268154,8501.10000,8501.20000
1526203870,8583.50000,8584.70000
1526203871,8583.50000,8584.00000
1526334944,8785.30000,8795.80000
1526203874,8583.50000,8583.90000
1526334947,8783.10000,8795.80000
1526334948,8783.10000,8795.70000
1526203878,8578.50000,8583.90000
1526334952,8783.10000,8795.60000
1526334953,8782.80000,8795.60000
1526203882,8578.90000,8582.00000
1526203884,8578.50000,8582.00000
1526203886,8578.50000,8583.70000
1526203887,8581.90000,8583.70000
1526334960,8788.70000,8795.30000
1526203889,8581.90000,8583.80000
1526203890,8581.90000,8584.00000
1526334963,8788.70000,8795.20000
1526203892,8578.50000,8583.00000
1526334965,8788.70000,8795.10000
1526334966,8788.70000,8795.00000
1526334967,8788.70000,8795.10000
1526203896,8578.50000,8582.90000
1526334971,8788.70000,8795.00000
1526203900,8578.50000,8583.00000
1526203902,8578.20000,8582.80000
1526203903,8578.00000,8582.80000
1526203904,8578.10000,8582.80000
1526203905,8578.10000,8582.90000
1526203907,8578.00000,8582.90000
1526203908,8578.00000,8582.80000
1526334981,8782.80000,8794.60000
1526203912,8578.00000,8582.60000
1526334985,8790.30000,8794.40000
1526203914,8580.20000,8582.60000
1526334987,8790.30000,8794.30000
1526334989,8782.80000,8790.30000
1526203919,8580.20000,8582.50000
1526334992,8782.80000,8790.20000
1526334993,8782.80000,8787.10000
1526334994,8780.10000,8782.80000
1526334995,8780.10000,8782.00000
1526203925,8580.20000,8582.40000
1526334999,8772.20000,8777.40000
1526335000,8772.20000,8777.00000
1526335001,8766.50000,8767.40000
1526335002,8764.30000,8767.40000
1526203931,8582.30000,8582.60000
1526335006,8764.30000,8766.00000
1526335007,8751.20000,8766.00000
1526203936,8580.20000,8582.60000
1526335012,8751.10000,8754.70000
1526335013,8751.10000,8754.70000
1526203942,8580.30000,8582.60000
1526203943,8582.60000,8589.80000
1526203945,8582.70000,8589.80000
1526203946,8582.70000,8589.00000
1526203947,8580.30000,8589.00000
1526335022,8742.40000,8750.00000
1526203951,8580.30000,8589.60000
1526203952,8582.50000,8588.00000
1526335025,8730.10000,8750.00000
1526335026,8735.40000,8739.20000
1526246323,8706.40000,8710.70000
1526203956,8580.30000,8587.00000
1526335029,8737.00000,8739.20000
1526203958,8580.30000,8582.50000
1526203959,8580.30000,8587.00000
1526203960,8582.80000,8586.90000
1526203961,8574.00000,8586.90000
1526203962,8574.20000,8586.90000
1526203964,8580.40000,8586.90000
1526203965,8586.80000,8586.90000
1526335038,8730.00000,8736.00000
1526335039,8730.00000,8733.50000
1526335040,8722.70000,8726.30000
1526203969,8586.80000,8589.30000
1526203970,8586.80000,8589.80000
1526203971,8586.80000,8588.00000
1526335044,8722.70000,8732.30000
1526335045,8724.30000,8726.30000
1526203976,8574.20000,8589.80000
1526335049,8724.30000,8730.00000
1526203978,8574.20000,8587.70000
1526203979,8586.80000,8587.70000
1526335052,8719.40000,8720.00000
1526335053,8714.60000,8720.00000
1526203982,8582.20000,8589.80000
1526203983,8583.10000,8589.80000
1526203985,8577.00000,8589.30000
1526203986,8587.60000,8589.30000
1526203987,8577.10000,8589.30000
1526335060,8710.10000,8718.90000
1526203989,8589.20000,8589.80000
1526335063,8710.20000,8718.80000
1526335065,8716.60000,8718.80000
1526335066,8716.60000,8718.70000
1526335067,8710.20000,8718.80000
1526203996,8581.40000,8589.20000
1526203997,8581.40000,8589.50000
1526203998,8581.40000,8592.00000
1526203999,8581.50000,8592.00000
1526204000,8581.50000,8593.20000
1526204001,8581.50000,8591.90000
1526204002,8581.60000,8591.90000
1526335075,8710.20000,8720.00000
1526204004,8589.40000,8591.90000
1526204005,8581.60000,8591.90000
1526335078,8710.00000,8718.10000
1526335079,8698.10000,8718.10000
1526335080,8710.30000,8718.10000
1526204009,8589.90000,8591.80000
1526300365,8386.40000,8390.90000
1526204011,8591.30000,8591.80000
1526335084,8710.30000,8718.30000
1526204013,8591.30000,8591.60000
1526335086,8705.10000,8707.00000
1526204016,8591.40000,8591.60000
1526204017,8591.50000,8591.90000
1526204018,8591.50000,8593.20000
1526335091,8706.00000,8707.00000
1526335094,8705.30000,8707.00000
1526204023,8593.10000,8599.90000
1526204024,8593.10000,8600.00000
1526204025,8593.10000,8596.00000
1526204026,8593.10000,8600.00000
1526204027,8593.10000,8598.40000
1526204029,8591.50000,8598.40000
1526204030,8593.20000,8598.40000
1526268181,8476.10000,8476.90000
1526204032,8598.30000,8598.40000
1526335106,8699.90000,8700.00000
1526204035,8598.30000,8601.50000
1526204036,8598.30000,8601.40000
1526204038,8598.30000,8602.00000
1526335111,8699.90000,8700.00000
1526204040,8600.00000,8602.00000
1526335113,8699.80000,8700.00000
1526335115,8699.90000,8700.00000
1526335116,8702.20000,8705.30000
1526377410,8732.60000,8736.70000
1526335118,8702.20000,8707.00000
1526204048,8601.90000,8602.00000
1526224792,8607.80000,8607.90000
1526335123,8705.10000,8705.30000
1526335124,8705.00000,8705.30000
1526335126,8705.50000,8706.90000
1526335129,8705.10000,8706.90000
1526335131,8705.50000,8707.00000
1526204060,8600.00000,8601.90000
1526204061,8600.00000,8601.80000
1526204062,8591.30000,8600.00000
1526204063,8591.30000,8601.80000
1526335136,8705.70000,8707.00000
1526377414,8732.60000,8734.90000
1526335142,8706.00000,8707.00000
1526204071,8591.40000,8601.80000
1526204072,8591.40000,8601.40000
1526335145,8706.10000,8707.00000
1526204074,8588.00000,8601.40000
1526204075,8590.50000,8601.40000
1526204076,8590.60000,8597.80000
1526204077,8590.60000,8596.70000
1526204078,8590.60000,8596.60000
1526333725,8813.10000,8813.70000
1526204081,8590.70000,8596.60000
1526204084,8590.90000,8596.60000
1526204086,8590.60000,8596.50000
1526335159,8706.90000,8707.00000
1526204089,8591.20000,8596.50000
1526204090,8591.20000,8596.40000
1526335163,8708.00000,8713.50000
1526204092,8591.20000,8596.50000
1526204093,8591.30000,8596.50000
1526204094,8591.30000,8596.40000
1526204095,8591.30000,8596.50000
1526204096,8591.30000,8596.40000
1526204097,8591.30000,8596.30000
1526204098,8582.20000,8591.30000
1526204099,8582.20000,8585.10000
1526204100,8582.20000,8591.40000
1526204102,8582.30000,8591.40000
1526335176,8719.90000,8720.00000
1526204105,8582.10000,8591.40000
1526204106,8578.10000,8582.00000
1526335180,8718.60000,8727.40000
1526335181,8721.20000,8727.40000
1526204110,8581.00000,8582.00000
1526335184,8723.00000,8737.90000
1526204113,8579.50000,8582.00000
1526335187,8723.00000,8737.80000
1526335188,8723.10000,8736.00000
1526204117,8579.60000,8582.00000
1526335190,8723.10000,8735.90000
1526335192,8723.10000,8735.00000
1526204121,8580.00000,8582.00000
1526335194,8723.20000,8735.00000
1526335195,8723.20000,8734.90000
1526335196,8723.20000,8730.00000
1526204126,8579.50000,8582.00000
1526204127,8579.50000,8581.90000
1526377424,8734.50000,8734.60000
1526335202,8723.30000,8734.80000
1526335204,8723.20000,8734.80000
1526335205,8723.20000,8732.40000
1526335208,8723.30000,8734.60000
1526335209,8723.30000,8732.00000
1526333735,8813.10000,8813.70000
1526335212,8723.40000,8732.00000
1526377426,8729.10000,8734.60000
1526204143,8579.60000,8581.90000
1526335216,8723.40000,8734.50000
1526335217,8725.00000,8734.40000
1526377427,8729.10000,8736.70000
1526335220,8725.00000,8734.80000
1526335222,8725.10000,8737.20000
1526335224,8725.10000,8734.20000
1526335226,8725.40000,8734.20000
1526335227,8725.40000,8737.10000
1526335229,8725.50000,8737.10000
1526335230,8726.00000,8737.10000
1526335231,8726.10000,8739.10000
1526335233,8726.00000,8737.00000
1526335234,8726.00000,8736.80000
1526335235,8726.10000,8736.80000
1526335236,8726.10000,8737.00000
1526335237,8725.60000,8737.00000
1526335238,8736.80000,8737.00000
1526335244,8726.20000,8737.00000
1526335246,8726.20000,8735.00000
1526333741,8813.50000,8813.70000
1526204176,8579.60000,8582.00000
1526204182,8581.80000,8582.00000
1526204183,8581.90000,8582.00000
1526335256,8726.50000,8735.00000
1526335258,8728.00000,8735.00000
1526335259,8728.00000,8734.90000
1526335261,8728.10000,8734.90000
1526335263,8728.10000,8735.00000
1526335268,8730.00000,8735.00000
1526377436,8729.20000,8735.20000
1526335275,8730.00000,8734.00000
1526335280,8730.00000,8733.90000
1526377438,8729.20000,8735.80000
1526335291,8730.00000,8735.00000
1526335292,8730.00000,8733.60000
1526335296,8730.00000,8735.00000
1526335297,8730.00000,8733.00000
1526335299,8730.00000,8732.90000
1526335304,8730.00000,8732.80000
1526335307,8730.00000,8730.10000
1526320818,8744.10000,8747.10000
1526377444,8733.40000,8741.80000
1526335323,8708.10000,8730.10000
1526335324,8712.50000,8730.10000
1526204253,8581.80000,8582.00000
1526335326,8708.20000,8722.00000
1526335327,8712.50000,8722.00000
1526335328,8708.20000,8722.00000
1526204259,8573.50000,8582.00000
1526335332,8708.20000,8722.00000
1526335333,8708.20000,8721.90000
1526204262,8576.00000,8582.00000
1526204263,8577.00000,8582.00000
1526204266,8577.00000,8581.90000
1526335339,8707.30000,8708.10000
1526204268,8575.50000,8581.90000
1526335341,8707.00000,8708.10000
1526204270,8574.50000,8581.90000
1526204271,8573.40000,8581.90000
1526204272,8573.50000,8581.00000
1526204273,8577.00000,8581.00000
1526204274,8577.00000,8580.90000
1526335347,8707.10000,8708.10000
1526335349,8708.10000,8708.30000
1526204278,8576.30000,8581.00000
1526204279,8573.50000,8581.00000
1526204280,8573.50000,8580.90000
1526204281,8573.50000,8580.80000
1526335354,8707.00000,8710.20000
1526335355,8707.00000,8710.00000
1526335356,8707.00000,8710.20000
1526377450,8729.50000,8735.40000
1526204287,8573.50000,8580.70000
1526204288,8573.80000,8580.70000
1526335361,8707.00000,8710.20000
1526204290,8577.20000,8580.70000
1526204291,8574.00000,8580.60000
1526204292,8578.00000,8580.70000
1526204293,8578.00000,8581.00000
1526335367,8708.20000,8711.40000
1526204296,8578.00000,8580.50000
1526204297,8578.10000,8580.50000
1526204298,8578.00000,8580.50000
1526204299,8579.50000,8580.40000
1526204300,8579.50000,8579.70000
1526364465,8735.80000,8742.60000
1526204303,8576.00000,8579.60000
1526204304,8575.00000,8579.60000
1526335377,8708.20000,8709.00000
1526204306,8576.00000,8579.60000
1526204308,8577.50000,8579.50000
1526335381,8708.20000,8709.60000
1526335382,8710.20000,8712.10000
1526335383,8708.20000,8709.00000
1526335385,8708.20000,8710.80000
1526204314,8573.40000,8579.50000
1526204317,8578.50000,8579.50000
1526335390,8708.20000,8710.70000
1526204320,8578.50000,8579.40000
1526335394,8708.20000,8708.30000
1526204323,8573.40000,8579.40000
1526204324,8577.00000,8579.30000
1526204327,8577.00000,8577.10000
1526335402,8689.60000,8690.00000
1526204333,8577.00000,8579.30000
1526204334,8577.00000,8579.20000
1526204335,8577.00000,8577.10000
1526204336,8577.00000,8579.20000
1526204337,8577.00000,8577.10000
1526335413,8689.60000,8689.90000
1526204343,8576.00000,8577.00000
1526204344,8573.40000,8577.00000
1526204345,8574.50000,8577.00000
1526204347,8574.50000,8576.90000
1526204348,8573.40000,8576.90000
1526335423,8689.60000,8689.70000
1526204354,8573.50000,8576.90000
1526204355,8573.40000,8576.10000
1526204356,8573.40000,8576.00000
1526204357,8573.40000,8576.00000
1526204358,8573.40000,8575.40000
1526204359,8574.30000,8576.90000
1526204360,8573.40000,8576.90000
1526204361,8573.40000,8577.00000
1526204362,8570.30000,8575.70000
1526335435,8668.00000,8690.00000
1526204364,8576.30000,8577.00000
1526204365,8576.30000,8576.80000
1526335438,8668.10000,8677.00000
1526204367,8570.40000,8576.80000
1526204368,8570.40000,8577.00000
1526204369,8566.10000,8577.00000
1526204370,8566.10000,8577.00000
1526204372,8576.60000,8577.00000
1526204373,8576.70000,8577.00000
1526335446,8668.20000,8672.30000
1526204375,8569.10000,8576.90000
1526204377,8569.00000,8576.90000
1526204378,8568.00000,8576.90000
1526204379,8573.50000,8576.80000
1526335452,8660.70000,8667.30000
1526335453,8659.40000,8660.00000
1526198616,8450.00000,8459.10000
1526335458,8650.00000,8660.00000
1526335459,8642.40000,8660.00000
1526335460,8645.50000,8660.00000
1526204389,8573.50000,8576.70000
1526204390,8566.30000,8576.70000
1526204391,8567.00000,8576.70000
1526335464,8646.00000,8659.80000
1526204393,8567.00000,8576.70000
1526204394,8571.90000,8576.70000
1526204395,8567.00000,8576.60000
1526204396,8572.00000,8576.70000
1526335469,8645.60000,8659.60000
1526335470,8645.60000,8645.90000
1526204399,8573.10000,8576.80000
1526333779,8813.60000,8813.90000
1526335476,8640.00000,8645.90000
1526335477,8645.80000,8659.60000
1526335478,8646.00000,8659.60000
1526335479,8646.00000,8651.60000
1526335480,8645.80000,8645.90000
1526335481,8645.80000,8651.20000
1526377471,8732.50000,8740.60000
1526335484,8645.90000,8651.50000
1526335485,8645.90000,8651.60000
1526335486,8646.10000,8651.60000
1526335487,8645.90000,8651.60000
1526335490,8645.80000,8651.00000
1526335491,8645.90000,8651.00000
1526268246,8460.10000,8465.50000
1526204423,8573.10000,8576.60000
1526204424,8573.10000,8576.80000
1526204425,8576.60000,8576.80000
1526335498,8645.90000,8650.90000
1526335500,8645.90000,8649.80000
1526377474,8732.40000,8740.60000
1526204430,8566.30000,8572.00000
1526204431,8566.40000,8572.00000
1526335504,8646.00000,8649.80000
1526204433,8566.40000,8572.00000
1526335507,8646.10000,8655.20000
1526204436,8568.60000,8572.00000
1526335509,8649.80000,8650.60000
1526335511,8650.30000,8650.60000
1526335512,8660.50000,8662.70000
1526335513,8660.50000,8661.00000
1526335514,8660.50000,8662.90000
1526335515,8665.50000,8669.80000
1526204444,8571.80000,8572.00000
1526335517,8660.50000,8670.00000
1526335518,8665.50000,8670.00000
1526204448,8571.80000,8571.90000
1526335521,8665.60000,8670.00000
1526204451,8566.10000,8572.00000
1526335524,8665.90000,8670.00000
1526204453,8566.10000,8571.90000
1526204456,8566.10000,8570.90000
1526204457,8569.30000,8572.00000
1526204458,8569.30000,8571.90000
1526204459,8569.60000,8572.00000
1526204460,8569.70000,8572.00000
1526204461,8566.10000,8570.90000
1526335535,8678.00000,8683.30000
1526335536,8667.30000,8683.30000
1526335537,8670.00000,8683.30000
1526335539,8673.00000,8688.10000
1526204470,8567.80000,8570.80000
1526204471,8566.10000,8570.80000
1526204472,8566.20000,8570.80000
1526335545,8673.30000,8676.00000
1526335546,8670.20000,8676.00000
1526204476,8566.20000,8570.80000
1526204477,8566.20000,8570.10000
1526335550,8670.20000,8686.50000
1526335551,8670.40000,8686.50000
1526204480,8567.70000,8570.80000
1526204481,8566.20000,8569.40000
1526335554,8670.20000,8675.00000
1526204483,8566.30000,8569.40000
1526335557,8674.80000,8686.50000
1526335558,8674.80000,8679.80000
1526335564,8674.80000,8675.00000
1526204495,8566.30000,8569.30000
1526204496,8567.10000,8569.30000
1526335569,8674.80000,8679.70000
1526204498,8567.30000,8569.30000
1526204499,8568.30000,8569.30000
1526204500,8568.30000,8570.80000
1526204503,8566.40000,8570.80000
1526204504,8568.30000,8570.80000
1526335577,8674.60000,8679.50000
1526204506,8568.80000,8570.80000
1526204507,8566.40000,8570.80000
1526204508,8566.40000,8570.80000
1526204510,8566.40000,8570.40000
1526204511,8568.30000,8570.80000
1526204512,8566.50000,8570.10000
1526204513,8568.30000,8570.10000
1526204514,8568.40000,8570.80000
1526335587,8676.20000,8679.20000
1526335588,8676.20000,8679.10000
1526335589,8676.20000,8679.00000
1526204518,8568.30000,8570.80000
1526204519,8568.30000,8570.70000
1526335592,8676.20000,8678.90000
1526204521,8568.30000,8570.60000
1526204522,8568.40000,8570.30000
1526204523,8568.30000,8570.30000
1526335596,8674.50000,8676.20000
1526335597,8674.50000,8678.60000
1526204527,8568.40000,8570.30000
1526335602,8674.60000,8675.00000
1526335603,8674.60000,8678.30000
1526335604,8674.60000,8674.90000
1526335605,8674.50000,8674.90000
1526335609,8674.50000,8674.80000
1526335612,8674.60000,8674.80000
1526204541,8570.00000,8570.20000
1526204542,8570.00000,8570.30000
1526204543,8570.00000,8570.10000
1526335617,8674.70000,8678.00000
1526335618,8674.80000,8678.00000
1526335619,8674.80000,8680.00000
1526335621,8674.70000,8680.00000
1526335623,8678.00000,8680.00000
1526335625,8679.90000,8680.00000
1526377495,8732.30000,8735.70000
1526204557,8562.00000,8570.10000
1526335630,8680.00000,8695.40000
1526204559,8557.00000,8570.10000
1526204560,8557.20000,8570.00000
1526204561,8570.00000,8570.10000
1526290115,8423.00000,8427.70000
1526204565,8562.10000,8569.90000
1526335638,8682.00000,8696.60000
1526335639,8682.00000,8696.30000
1526335640,8682.10000,8696.30000
1526204569,8562.10000,8569.90000
1526204570,8566.60000,8569.80000
1526204571,8566.70000,8569.80000
1526204572,8562.40000,8569.80000
1526204573,8562.40000,8569.80000
1526204576,8562.10000,8569.80000
1526204578,8565.30000,8569.80000
1526335651,8687.10000,8702.40000
1526204580,8565.60000,8569.80000
1526204581,8562.40000,8569.90000
1526204582,8562.10000,8569.90000
1526335656,8691.70000,8695.00000
1526335657,8691.70000,8703.50000
1526204586,8565.30000,8569.90000
1526204587,8565.40000,8569.90000
1526204588,8565.40000,8569.80000
1526335661,8691.70000,8700.00000
1526204592,8565.40000,8569.90000
1526204593,8565.40000,8569.00000
1526335666,8691.50000,8703.00000
1526204596,8565.40000,8568.90000
1526204597,8565.40000,8569.90000
1526335670,8691.70000,8702.70000
1526204599,8557.30000,8568.60000
1526335672,8691.70000,8703.00000
1526204601,8567.00000,8569.90000
1526204602,8567.20000,8569.90000
1526204603,8568.40000,8569.90000
1526335676,8691.80000,8705.90000
1526335677,8691.80000,8699.00000
1526335679,8691.90000,8699.00000
1526335681,8692.90000,8701.00000
1526335683,8700.00000,8701.00000
1526335686,8700.00000,8700.90000
1526335687,8691.70000,8692.90000
1526204618,8569.70000,8569.90000
1526335693,8691.70000,8698.80000
1526335696,8691.70000,8698.70000
1526335697,8691.80000,8692.00000
1526204626,8569.70000,8569.80000
1526335699,8691.80000,8695.40000
1526335700,8691.80000,8691.90000
1526204631,8569.70000,8569.80000
1526204632,8558.10000,8569.80000
1526204633,8558.20000,8569.90000
1526204634,8561.00000,8569.90000
1526335707,8685.00000,8685.30000
1526204637,8566.50000,8569.90000
1526204638,8561.10000,8568.80000
1526204639,8561.10000,8568.80000
1526204640,8561.10000,8569.90000
1526204641,8561.10000,8569.90000
1526204642,8561.10000,8569.90000
1526335715,8680.00000,8680.90000
1526335716,8658.10000,8680.90000
1526335717,8675.10000,8680.00000
1526204647,8564.90000,8569.60000
1526204648,8564.90000,8568.30000
1526204649,8561.20000,8569.90000
1526204650,8561.20000,8568.20000
1526204651,8566.50000,8569.90000
1526335724,8675.10000,8680.70000
1526335725,8675.10000,8680.50000
1526204654,8561.20000,8569.10000
1526335728,8670.00000,8680.50000
1526204657,8561.20000,8569.90000
1526204658,8567.10000,8569.10000
1526204659,8561.30000,8569.10000
1526335732,8679.30000,8680.40000
1526204661,8564.50000,8569.10000
1526204662,8562.00000,8569.10000
1526204663,8566.20000,8569.10000
1526204664,8566.20000,8569.10000
1526335737,8676.20000,8680.40000
1526204666,8566.40000,8569.10000
1526335739,8676.20000,8679.00000
1526335740,8676.30000,8679.00000
1526204669,8561.40000,8569.00000
1526204670,8566.50000,8569.00000
1526204671,8566.60000,8569.00000
1526335744,8676.40000,8677.70000
1526204674,8564.60000,8569.10000
1526335747,8676.40000,8680.40000
1526204677,8568.90000,8569.10000
1526335750,8681.10000,8684.00000
1526268289,8476.30000,8492.90000
1526204681,8569.00000,8569.10000
1526335755,8681.10000,8691.20000
1526335756,8681.10000,8690.00000
1526335757,8681.20000,8690.00000
1526335760,8681.20000,8689.90000
1526335763,8681.20000,8689.50000
1526335764,8681.30000,8689.50000
1526335765,8681.30000,8681.40000
1526204694,8568.90000,8569.10000
1526335767,8681.10000,8689.00000
1526335771,8681.20000,8681.30000
1526268293,8485.30000,8486.00000
1526335776,8681.20000,8688.70000
1526204706,8568.90000,8569.10000
1526335779,8681.20000,8689.00000
1526204708,8568.90000,8569.00000
1526204709,8568.90000,8569.10000
1526204710,8568.90000,8569.00000
1526335783,8681.20000,8681.30000
1526335784,8681.20000,8681.40000
1526335785,8681.20000,8681.30000
1526268295,8478.70000,8485.20000
1526377522,8732.30000,8740.40000
1526335790,8673.90000,8681.10000
1526335791,8673.90000,8681.00000
1526335793,8670.00000,8680.90000
1526335794,8666.80000,8680.90000
1526335795,8666.90000,8680.90000
1526204724,8568.80000,8569.00000
1526335797,8666.90000,8684.50000
1526335798,8666.90000,8680.70000
1526204727,8558.20000,8568.00000
1526335801,8666.90000,8676.40000
1526335802,8667.00000,8676.40000
1526204731,8558.20000,8567.90000
1526335805,8667.10000,8676.40000
1526377525,8732.30000,8740.00000
1526204736,8558.50000,8567.90000
1526335809,8667.70000,8676.30000
1526335810,8667.70000,8676.00000
1526204739,8558.50000,8568.00000
1526204741,8567.70000,8568.00000
1526335814,8667.80000,8676.00000
1526335820,8669.10000,8676.00000
1526335821,8669.10000,8675.70000
1526268301,8482.00000,8485.00000
1526335824,8669.10000,8676.00000
1526204753,8562.70000,8568.00000
1526204754,8567.80000,8568.00000
1526335827,8669.90000,8675.70000
1526335829,8672.80000,8675.60000
1526335830,8672.90000,8675.60000
1526335833,8672.90000,8675.20000
1526333839,8813.80000,8814.00000
1526335840,8672.90000,8674.90000
1526335841,8672.90000,8689.90000
1526335842,8672.90000,8689.70000
1526335845,8672.90000,8689.60000
1526335846,8673.00000,8684.00000
1526335849,8672.90000,8684.00000
1526335850,8673.00000,8689.60000
1526335851,8673.10000,8689.60000
1526335852,8673.10000,8683.90000
1526335853,8673.10000,8689.60000
1526204782,8562.70000,8568.00000
1526335855,8675.20000,8689.10000
1526335857,8675.20000,8684.00000
1526268307,8479.30000,8485.20000
1526204788,8562.70000,8567.00000
1526335862,8676.40000,8689.10000
1526335864,8677.00000,8689.10000
1526335867,8677.00000,8696.10000
1526335869,8677.40000,8687.00000
1526335870,8677.40000,8686.70000
1526204799,8563.00000,8567.00000
1526204801,8562.70000,8567.00000
1526204803,8563.10000,8567.00000
1526335876,8677.70000,8686.70000
1526268310,8481.90000,8483.70000
1526335880,8677.70000,8686.00000
1526335881,8677.50000,8686.00000
1526335882,8677.80000,8686.00000
1526202775,8412.20000,8419.80000
1526204813,8566.80000,8567.00000
1526204814,8567.00000,8568.00000
1526204815,8566.80000,8568.00000
1526335888,8677.80000,8691.00000
1526335889,8677.90000,8690.00000
1526335890,8678.00000,8690.00000
1526204820,8566.80000,8575.70000
1526204821,8566.80000,8578.20000
1526204822,8566.80000,8578.20000
1526335896,8678.10000,8691.00000
1526204825,8566.80000,8578.20000
1526204826,8566.90000,8578.20000
1526204827,8578.00000,8578.20000
1526204828,8578.00000,8578.10000
1526335901,8680.70000,8690.00000
1526204830,8578.30000,8581.00000
1526204831,8578.00000,8581.00000
1526335904,8680.70000,8690.00000
1526335905,8678.10000,8690.00000
1526204834,8578.10000,8581.00000
1526335907,8678.10000,8683.80000
1526204836,8578.00000,8581.00000
1526204837,8578.20000,8581.00000
1526204838,8578.10000,8581.00000
1526204840,8578.00000,8581.00000
1526204841,8578.10000,8581.00000
1526204842,8580.80000,8581.00000
1526335915,8688.90000,8689.60000
1526224626,8600.50000,8606.70000
1526335919,8688.90000,8691.40000
1526335920,8688.90000,8690.00000
1526335923,8692.10000,8692.90000
1526335924,8688.90000,8692.90000
1526335926,8688.90000,8700.40000
1526204855,8580.80000,8588.90000
1526335928,8689.00000,8700.50000
1526204857,8580.90000,8588.80000
1526335930,8690.00000,8705.80000
1526335931,8690.00000,8700.30000
1526204860,8580.90000,8588.90000
1526335933,8689.00000,8707.40000
1526204862,8580.90000,8586.10000
1526290165,8416.80000,8426.40000
1526204864,8580.90000,8588.80000
1526204865,8580.90000,8586.10000
1526204866,8581.20000,8588.80000
1526335939,8707.30000,8719.80000
1526204868,8581.20000,8590.40000
1526204869,8581.20000,8590.40000
1526204870,8581.20000,8588.80000
1526204871,8581.20000,8590.50000
1526204872,8581.20000,8590.50000
1526204873,8588.60000,8588.70000
1526335946,8715.40000,8725.60000
1526204875,8588.60000,8590.50000
1526335948,8720.00000,8737.40000
1526204877,8588.60000,8590.40000
1526335950,8725.80000,8732.40000
1526335951,8725.50000,8737.40000
1526204880,8581.50000,8588.60000
1526335953,8734.20000,8739.90000
1526204882,8581.10000,8590.40000
1526268323,8481.40000,8483.00000
1526335956,8725.60000,8750.00000
1526204886,8590.20000,8590.40000
1526335959,8734.40000,8737.10000
1526335960,8734.40000,8736.30000
1526204889,8590.20000,8593.80000
1526204890,8592.50000,8594.40000
1526204891,8590.20000,8596.60000
1526204892,8592.60000,8596.60000
1526204893,8592.60000,8594.00000
1526335966,8734.40000,8735.40000
1526335967,8725.70000,8735.40000
1526335968,8725.70000,8734.40000
1526377552,8731.80000,8733.50000
1526204898,8592.60000,8596.60000
1526204899,8592.60000,8599.40000
1526204900,8594.00000,8599.40000
1526268326,8477.70000,8482.90000
1526335974,8733.90000,8734.20000
1526204904,8598.50000,8598.70000
1526204905,8598.50000,8598.60000
1526335979,8727.20000,8727.90000
1526377554,8732.20000,8733.50000
1526335982,8727.20000,8727.80000
1526335983,8727.20000,8727.30000
1526335984,8725.60000,8727.30000
1526335986,8725.60000,8727.20000
1526204916,8588.60000,8598.40000
1526335989,8720.40000,8727.10000
1526335990,8709.80000,8720.40000
1526204920,8588.60000,8598.40000
1526204921,8597.40000,8598.40000
1526204922,8588.70000,8598.40000
1526204923,8588.70000,8598.40000
1526204924,8588.60000,8598.30000
1526204925,8593.70000,8598.30000
1526204926,8594.10000,8598.30000
1526204927,8588.60000,8598.30000
1526204928,8594.20000,8598.30000
1526204929,8594.20000,8598.30000
1526204931,8588.70000,8598.30000
1526204932,8588.70000,8595.90000
1526204933,8588.70000,8595.50000
1526336006,8717.20000,8720.70000
1526204935,8588.70000,8590.00000
1526204936,8588.70000,8595.40000
1526204937,8594.30000,8595.40000
1526336010,8713.80000,8725.00000
1526204939,8595.30000,8595.40000
1526336012,8713.80000,8724.80000
1526336013,8713.90000,8724.80000
1526204942,8598.60000,8602.60000
1526204943,8595.30000,8604.10000
1526204946,8598.70000,8604.10000
1526204947,8598.70000,8604.00000
1526204948,8598.80000,8604.00000
1526204951,8598.80000,8602.90000
1526204952,8598.80000,8604.10000
1526204953,8598.80000,8603.20000
1526204956,8598.80000,8604.10000
1526336029,8721.60000,8724.90000
1526204958,8598.80000,8602.80000
1526204959,8598.80000,8602.20000
1526204960,8598.80000,8602.70000
1526204961,8598.90000,8602.70000
1526336035,8721.90000,8724.30000
1526336036,8723.00000,8724.90000
1526204965,8598.90000,8604.10000
1526336039,8713.80000,8724.90000
1526204968,8599.00000,8604.10000
1526336041,8718.40000,8724.90000
1526336042,8719.00000,8724.90000
1526336043,8718.50000,8720.80000
1526204974,8599.00000,8603.00000
1526336047,8718.50000,8720.70000
1526204976,8599.10000,8603.00000
1526224648,8601.10000,8606.00000
1526204979,8599.10000,8603.00000
1526336053,8719.30000,8720.70000
1526336057,8719.20000,8720.70000
1526204986,8599.10000,8602.90000
1526355722,8691.80000,8701.30000
1526336062,8719.30000,8720.70000
1526204991,8599.00000,8602.90000
1526204993,8599.00000,8603.00000
1526336067,8719.30000,8720.10000
1526336068,8719.30000,8719.70000
1526204997,8598.90000,8603.00000
1526336070,8719.30000,8720.60000
1526204999,8598.90000,8603.00000
1526336072,8719.30000,8720.40000
1526205001,8599.00000,8603.00000
1526336074,8719.30000,8719.40000
1526205003,8599.00000,8603.00000
1526205005,8599.00000,8602.90000
1526205007,8598.90000,8602.90000
1526205008,8598.90000,8602.70000
1526205009,8598.90000,8603.00000
1526205010,8599.10000,8602.00000
1526205011,8598.90000,8602.00000
1526205012,8598.90000,8602.10000
1526205013,8598.90000,8599.00000
1526336087,8712.10000,8713.70000
1526336088,8700.90000,8713.70000
1526336089,8700.90000,8711.90000
1526336090,8701.00000,8711.90000
1526336091,8701.00000,8712.20000
1526205020,8598.90000,8602.00000
1526268346,8465.80000,8474.90000
1526336094,8700.20000,8712.20000
1526205023,8599.00000,8602.00000
1526336098,8696.40000,8709.90000
1526336100,8700.80000,8701.60000
1526336104,8700.80000,8709.90000
1526336105,8701.50000,8709.90000
1526336107,8700.80000,8701.50000
1526336108,8696.50000,8701.50000
1526336109,8696.50000,8701.70000
1526336110,8696.60000,8701.70000
1526342667,8667.60000,8674.00000
1526205041,8598.90000,8602.00000
1526336114,8701.60000,8701.70000
1526224659,8605.70000,8607.00000
1526205044,8601.20000,8602.00000
1526205047,8601.20000,8601.90000
1526336122,8702.30000,8709.90000
1526336123,8702.30000,8711.70000
1526205052,8601.20000,8602.00000
1526336126,8710.60000,8710.70000
1526336127,8702.40000,8710.70000
1526205056,8601.20000,8601.90000
1526336129,8702.30000,8707.30000
1526336130,8702.70000,8707.30000
1526377579,8732.20000,8737.80000
1526336132,8704.50000,8710.60000
1526205061,8599.00000,8601.90000
1526336137,8704.60000,8713.60000
1526336138,8704.60000,8710.60000
1526205067,8599.00000,8600.90000
1526336140,8704.70000,8710.60000
1526205069,8599.00000,8599.10000
1526336142,8704.70000,8710.50000
1526336143,8704.90000,8710.50000
1526336144,8704.80000,8710.50000
1526336145,8705.00000,8710.50000
1526336146,8705.00000,8710.60000
1526336147,8705.00000,8710.50000
1526336149,8704.50000,8710.50000
1526336150,8704.60000,8710.50000
1526205080,8586.10000,8598.40000
1526333892,8813.80000,8814.00000
1526336154,8706.80000,8713.50000
1526336155,8706.90000,8714.50000
1526336156,8705.30000,8714.50000
1526205085,8585.30000,8596.60000
1526205086,8583.90000,8596.60000
1526205087,8586.00000,8596.50000
1526205089,8586.00000,8591.70000
1526336162,8705.30000,8713.50000
1526205091,8584.00000,8591.70000
1526205092,8586.30000,8591.70000
1526205096,8584.00000,8591.70000
1526355740,8695.30000,8701.30000
1526336170,8711.70000,8713.40000
1526205100,8584.10000,8591.70000
1526205101,8585.00000,8591.70000
1526336175,8711.70000,8713.30000
1526205104,8585.10000,8591.70000
1526205105,8585.00000,8591.70000
1526205106,8587.40000,8591.70000
1526312051,8749.60000,8751.40000
1526205108,8584.00000,8588.40000
1526336181,8702.40000,8713.20000
1526336182,8702.40000,8710.50000
1526336183,8702.40000,8710.10000
1526205112,8584.00000,8588.40000
1526336185,8701.70000,8702.50000
1526336187,8695.10000,8702.50000
1526336188,8697.00000,8702.50000
1526205118,8584.00000,8585.00000
1526336191,8697.00000,8702.40000
1526336192,8695.20000,8702.40000
1526336193,8695.20000,8697.00000
1526336195,8695.20000,8702.00000
1526336196,8689.90000,8702.00000
1526336197,8689.90000,8697.00000
1526205126,8584.00000,8584.90000
1526336199,8689.90000,8695.20000
1526205128,8577.60000,8584.90000
1526336201,8686.00000,8690.00000
1526205130,8577.10000,8584.10000
1526205131,8577.10000,8580.90000
1526205132,8578.00000,8580.90000
1526224674,8603.40000,8607.00000
1526205134,8580.80000,8580.90000
1526336207,8679.60000,8686.10000
1526205137,8577.10000,8580.90000
1526205139,8570.20000,8580.90000
1526205140,8580.80000,8580.90000
1526336213,8678.90000,8686.00000
1526205142,8575.00000,8580.80000
1526205143,8578.20000,8580.90000
1526336216,8683.70000,8685.90000
1526336217,8676.00000,8685.00000
1526336218,8676.00000,8685.00000
1526336219,8684.00000,8685.00000
1526336220,8684.00000,8684.90000
1526205152,8578.20000,8580.10000
1526268368,8459.00000,8460.10000
1526336227,8684.00000,8689.90000
1526336230,8684.00000,8688.30000
1526205159,8578.30000,8580.10000
1526205160,8578.30000,8580.90000
1526336233,8684.00000,8689.80000
1526336234,8684.00000,8689.80000
1526336235,8684.00000,8688.80000
1526205164,8578.30000,8580.80000
1526336239,8684.00000,8688.70000
1526205168,8578.30000,8580.10000
1526336241,8689.90000,8691.50000
1526336242,8690.00000,8691.50000
1526268371,8459.00000,8460.00000
1526336244,8691.40000,8691.90000
1526336245,8691.40000,8699.20000
1526205174,8577.50000,8580.10000
1526336247,8691.90000,8696.70000
1526205177,8577.50000,8580.00000
1526336250,8691.50000,8696.60000
1526205179,8574.00000,8580.00000
1526205180,8572.00000,8580.00000
1526205181,8572.00000,8580.00000
1526205182,8573.20000,8580.00000
1526205183,8572.00000,8580.00000
1526336257,8691.80000,8699.30000
1526205186,8572.10000,8579.90000
1526336259,8692.20000,8699.30000
1526205188,8572.10000,8578.10000
1526205189,8572.10000,8578.10000
1526205190,8572.30000,8578.10000
1526336263,8699.30000,8703.90000
1526336266,8700.30000,8703.40000
1526336267,8699.40000,8703.40000
1526336269,8700.70000,8703.40000
1526205198,8573.10000,8578.10000
1526205199,8573.10000,8578.10000
1526336272,8697.00000,8703.10000
1526336273,8703.90000,8708.40000
1526205202,8573.10000,8578.00000
1526205203,8573.10000,8578.00000
1526205204,8573.10000,8580.00000
1526205205,8573.10000,8580.00000
1526336278,8703.90000,8708.30000
1526205207,8575.70000,8580.00000
1526205209,8575.70000,8580.00000
1526205210,8575.70000,8580.00000
1526205211,8575.70000,8580.00000
1526205212,8575.70000,8578.80000
1526205213,8573.30000,8578.70000
1526205214,8577.00000,8579.20000
1526205216,8577.00000,8580.00000
1526205217,8577.10000,8580.00000
1526205218,8577.20000,8580.00000
1526205219,8579.00000,8580.00000
1526205222,8579.10000,8580.00000
1526205223,8579.20000,8580.00000
1526336297,8703.90000,8705.20000
1526377607,8732.20000,8735.40000
1526336300,8704.00000,8708.30000
1526205231,8577.00000,8580.00000
1526205233,8577.10000,8580.00000
1526205234,8579.00000,8580.00000
1526336308,8704.00000,8707.40000
1526205238,8577.00000,8580.00000
1526205239,8579.10000,8580.00000
1526205241,8577.00000,8580.00000
1526205242,8577.10000,8580.00000
1526205243,8579.00000,8580.00000
1526336316,8697.20000,8707.30000
1526336317,8697.20000,8704.60000
1526336319,8700.00000,8704.60000
1526205248,8579.10000,8580.00000
1526336321,8700.10000,8704.60000
1526336322,8700.20000,8704.60000
1526336323,8700.20000,8704.80000
1526336325,8700.20000,8704.50000
1526205254,8577.10000,8580.00000
1526205255,8580.00000,8590.80000
1526205256,8579.10000,8590.80000
1526205258,8580.10000,8590.80000
1526205259,8587.80000,8590.80000
1526336332,8700.20000,8707.50000
1526336333,8700.20000,8707.10000
1526336334,8700.20000,8706.70000
1526336335,8700.30000,8709.00000
1526205264,8587.80000,8590.60000
1526336337,8700.30000,8708.90000
1526205267,8584.00000,8590.80000
1526205268,8590.70000,8590.80000
1526336341,8700.30000,8709.10000
1526205270,8590.70000,8590.80000
1526205273,8590.70000,8595.30000
1526205274,8589.20000,8595.30000
1526205275,8589.20000,8592.50000
1526205277,8584.30000,8592.50000
1526333925,8814.00000,8820.80000
1526205280,8584.30000,8592.50000
1526205281,8590.30000,8592.50000
1526205282,8590.40000,8592.50000
1526205283,8584.40000,8592.50000
1526205284,8584.40000,8591.40000
1526205286,8591.20000,8591.40000
1526336359,8701.20000,8713.80000
1526205288,8588.70000,8591.40000
1526205289,8584.10000,8595.30000
1526336362,8701.30000,8709.00000
1526205291,8589.90000,8590.60000
1526205293,8584.70000,8590.60000
1526205294,8585.00000,8590.60000
1526336367,8704.00000,8708.90000
1526336368,8704.00000,8709.00000
1526333928,8815.00000,8820.80000
1526205298,8590.20000,8590.60000
1526205300,8589.00000,8590.60000
1526336373,8704.00000,8709.00000
1526336374,8704.00000,8709.50000
1526336375,8701.50000,8708.90000
1526336376,8701.70000,8707.30000
1526336377,8700.30000,8707.30000
1526336378,8692.90000,8697.80000
1526336379,8692.90000,8700.30000
1526205309,8589.00000,8596.60000
1526336382,8689.30000,8692.90000
1526205311,8584.20000,8596.60000
1526336384,8681.20000,8692.90000
1526205313,8585.00000,8591.20000
1526205317,8585.00000,8591.20000
1526205318,8587.90000,8595.80000
1526205319,8588.30000,8595.80000
1526205320,8584.20000,8590.10000
1526333932,8815.00000,8822.00000
1526205322,8585.30000,8589.70000
1526205324,8585.30000,8595.80000
1526336397,8683.00000,8689.10000
1526205326,8585.30000,8589.40000
1526336399,8686.00000,8689.10000
1526336400,8688.10000,8689.10000
1526205330,8584.20000,8593.00000
1526205331,8584.20000,8589.00000
1526205333,8584.20000,8592.90000
1526336406,8688.10000,8689.10000
1526205335,8584.20000,8588.80000
1526205336,8584.20000,8588.70000
1526205337,8584.20000,8592.60000
1526205338,8587.90000,8590.50000
1526205339,8584.20000,8590.40000
1526336412,8689.40000,8692.50000
1526205341,8586.50000,8590.40000
1526205342,8584.20000,8590.40000
1526205343,8584.20000,8592.10000
1526205344,8586.60000,8590.30000
1526336417,8680.00000,8691.00000
1526336418,8680.00000,8691.70000
1526205348,8586.60000,8592.10000
1526205349,8586.60000,8592.10000
1526336422,8680.10000,8691.40000
1526205352,8586.60000,8592.10000
1526205353,8586.60000,8591.00000
1526205354,8586.60000,8592.90000
1526224711,8604.90000,8607.00000
1526205356,8586.60000,8590.90000
1526336429,8676.10000,8691.20000
1526205358,8586.60000,8590.90000
1526336431,8680.20000,8691.30000
1526336433,8684.80000,8690.90000
1526333939,8815.60000,8822.00000
1526336437,8684.90000,8690.90000
1526205367,8586.60000,8590.90000
1526205368,8586.60000,8591.30000
1526205369,8586.60000,8590.50000
1526205370,8586.60000,8591.30000
1526336443,8684.90000,8691.20000
1526205372,8584.20000,8587.60000
1526205373,8584.20000,8590.40000
1526205374,8584.20000,8587.90000
1526205375,8584.20000,8587.50000
1526336448,8685.10000,8694.60000
1526336449,8685.10000,8700.20000
1526336450,8685.10000,8698.80000
1526336451,8685.20000,8694.30000
1526336452,8687.30000,8694.30000
1526268406,8459.80000,8459.90000
1526336454,8687.30000,8695.70000
1526336456,8694.20000,8699.90000
1526205385,8584.20000,8587.40000
1526336458,8694.20000,8698.90000
1526333943,8815.70000,8822.00000
1526205388,8584.20000,8587.30000
1526205391,8580.00000,8584.20000
1526403782,8559.00000,8560.60000
1526336465,8695.00000,8701.10000
1526205397,8580.00000,8587.30000
1526205398,8580.00000,8587.40000
1526336471,8695.10000,8698.90000
1526336472,8695.10000,8701.10000
1526336474,8695.20000,8706.60000
1526336475,8700.10000,8701.10000
1526336476,8695.20000,8706.00000
1526336478,8699.20000,8706.00000
1526205407,8580.00000,8584.60000
1526336480,8695.30000,8705.90000
1526336481,8695.30000,8705.90000
1526336482,8695.20000,8702.30000
1526205411,8580.00000,8580.10000
1526205413,8572.20000,8580.00000
1526205414,8579.00000,8580.10000
1526224721,8605.20000,8606.70000
1526336488,8695.30000,8702.10000
1526336489,8695.40000,8702.10000
1526336490,8699.40000,8705.00000
1526205420,8579.10000,8580.10000
1526336493,8699.40000,8702.00000
1526205423,8579.10000,8580.00000
1526205424,8572.10000,8580.00000
1526377640,8731.20000,8735.80000
1526336498,8699.40000,8704.00000
1526205428,8572.10000,8579.90000
1526205429,8572.10000,8580.00000
1526205430,8570.20000,8570.70000
1526205431,8570.20000,8570.30000
1526336504,8699.50000,8703.60000
1526336505,8699.40000,8703.60000
1526336506,8695.50000,8703.60000
1526336507,8699.50000,8703.60000
1526205436,8570.20000,8570.60000
1526205438,8570.20000,8570.30000
1526336512,8697.10000,8703.30000
1526268416,8455.40000,8459.80000
1526336514,8697.10000,8702.10000
1526377643,8731.10000,8739.10000
1526336517,8697.10000,8702.00000
1526336518,8695.80000,8702.00000
1526336519,8701.90000,8702.00000
1526205448,8570.20000,8573.30000
1526312108,8731.50000,8732.00000
1526205450,8570.20000,8570.30000
1526205452,8570.20000,8573.30000
1526205453,8570.90000,8573.30000
1526205454,8570.20000,8573.30000
1526336528,8695.80000,8695.90000
1526224728,8605.30000,8607.00000
1526205458,8570.20000,8573.30000
1526205459,8570.20000,8572.20000
1526205460,8570.20000,8573.10000
1526205461,8571.00000,8573.10000
1526205462,8571.10000,8573.10000
1526205463,8571.20000,8573.10000
1526336536,8689.40000,8695.80000
1526205465,8570.20000,8573.10000
1526408149,8473.00000,8483.00000
1526205467,8573.00000,8573.10000
1526336540,8687.40000,8695.80000
1526205470,8570.20000,8573.10000
1526205471,8571.50000,8573.30000
1526205472,8570.20000,8573.30000
1526205473,8571.70000,8573.00000
1526205474,8570.20000,8573.00000
1526205475,8571.90000,8573.30000
1526336548,8678.70000,8694.00000
1526205478,8570.20000,8573.30000
1526205479,8571.90000,8573.30000
1526205480,8570.20000,8573.30000
1526205481,8570.20000,8573.30000
1526205482,8572.90000,8573.30000
1526205483,8572.90000,8576.30000
1526205484,8570.20000,8576.30000
1526336557,8688.40000,8693.00000
1526205486,8571.20000,8573.30000
1526205487,8571.20000,8573.90000
1526336560,8678.80000,8691.60000
1526205489,8572.50000,8576.30000
1526205490,8570.20000,8576.30000
1526205491,8570.20000,8575.40000
1526205492,8570.20000,8576.30000
1526205493,8570.20000,8575.20000
1526205494,8570.20000,8576.30000
1526205495,8570.20000,8576.10000
1526205496,8570.20000,8576.10000
1526205497,8570.20000,8575.40000
1526205498,8570.20000,8575.40000
1526205500,8573.50000,8575.40000
1526205501,8570.20000,8575.10000
1526336574,8680.20000,8687.20000
1526205503,8570.20000,8575.10000
1526205504,8570.20000,8575.40000
1526205505,8572.80000,8575.40000
1526205506,8570.20000,8574.50000
1526336579,8673.90000,8684.70000
1526205509,8572.00000,8574.50000
1526205510,8572.00000,8575.40000
1526336584,8679.50000,8684.70000
1526336585,8674.00000,8684.60000
1526205514,8570.20000,8574.40000
1526205515,8570.20000,8576.10000
1526205516,8570.20000,8576.10000
1526336589,8673.00000,8684.60000
1526336590,8673.00000,8684.50000
1526205519,8572.10000,8576.10000
1526205520,8572.10000,8575.30000
1526336593,8673.00000,8673.10000
1526205522,8572.10000,8576.10000
1526205523,8572.10000,8576.10000
1526205524,8572.10000,8575.20000
1526336597,8671.20000,8682.50000
1526336598,8667.70000,8673.10000
1526205527,8572.10000,8576.10000
1526205528,8572.10000,8575.00000
1526205529,8572.10000,8576.10000
1526336602,8671.10000,8673.00000
1526336604,8667.80000,8673.00000
1526336605,8662.10000,8669.00000
1526336606,8662.10000,8673.00000
1526336607,8662.00000,8673.00000
1526205536,8572.20000,8576.10000
1526205537,8572.20000,8579.00000
1526336610,8665.50000,8667.30000
1526336611,8665.60000,8673.00000
1526336612,8664.00000,8673.00000
1526336613,8661.80000,8666.40000
1526336614,8661.80000,8666.20000
1526205543,8573.00000,8579.00000
1526336616,8667.60000,8670.00000
1526336618,8667.60000,8672.90000
1526336619,8667.60000,8670.90000
1526205548,8573.40000,8579.00000
1526342684,8668.10000,8671.70000
1526205551,8573.50000,8579.00000
1526205552,8572.10000,8579.00000
1526205553,8573.80000,8582.10000
1526336626,8667.60000,8668.10000
1526205555,8573.60000,8582.10000
1526205556,8573.00000,8582.10000
1526205557,8573.90000,8582.10000
1526336630,8672.60000,8673.00000
1526336631,8668.00000,8673.00000
1526205560,8573.20000,8582.10000
1526336633,8673.00000,8675.80000
1526205562,8573.20000,8587.90000
1526205563,8573.30000,8592.80000
1526336636,8673.00000,8678.40000
1526205566,8573.40000,8592.80000
1526205567,8586.30000,8592.80000
1526205568,8585.60000,8592.80000
1526205569,8583.60000,8592.80000
1526205571,8583.60000,8588.60000
1526205572,8585.90000,8588.60000
1526205573,8585.90000,8589.00000
1526336646,8678.30000,8686.60000
1526205575,8583.60000,8592.80000
1526336648,8678.30000,8686.50000
1526336650,8678.30000,8686.40000
1526205579,8583.90000,8592.80000
1526336654,8676.30000,8686.30000
1526205583,8583.90000,8589.90000
1526336656,8673.10000,8680.40000
1526336657,8678.60000,8686.10000
1526336658,8678.60000,8683.60000
1526336659,8678.60000,8682.00000
1526205588,8584.00000,8589.20000
1526205589,8584.00000,8592.80000
1526205590,8585.00000,8592.80000
1526205591,8585.00000,8594.70000
1526205592,8585.00000,8594.70000
1526336665,8680.30000,8683.40000
1526336666,8680.30000,8685.60000
1526336667,8680.30000,8684.10000
1526336668,8680.30000,8685.50000
1526333978,8818.00000,8822.00000
1526205599,8584.00000,8596.60000
1526205600,8584.00000,8593.40000
1526336673,8680.30000,8683.90000
1526336675,8678.50000,8683.80000
1526205604,8587.30000,8593.40000
1526336677,8676.00000,8683.80000
1526205607,8584.10000,8593.40000
1526336681,8683.60000,8683.70000
1526205610,8587.60000,8593.40000
1526377671,8731.40000,8736.00000
1526336684,8676.00000,8683.60000
1526224754,8607.20000,8607.80000
1526205614,8585.10000,8593.40000
1526336687,8672.80000,8676.60000
1526336688,8675.60000,8683.60000
1526205617,8587.90000,8596.50000
1526205619,8584.30000,8596.50000
1526336692,8675.60000,8678.40000
1526205621,8588.20000,8597.90000
1526205623,8588.00000,8597.90000
1526205625,8588.10000,8597.90000
1526205626,8588.10000,8594.70000
1526205627,8588.10000,8588.20000
1526205628,8584.20000,8588.20000
1526336701,8675.60000,8678.50000
1526336702,8675.60000,8676.40000
1526205632,8584.20000,8599.40000
1526336705,8675.60000,8683.20000
1526205634,8584.30000,8596.30000
1526205635,8588.00000,8596.30000
1526336708,8675.60000,8683.00000
1526336709,8675.60000,8682.90000
1526336710,8678.30000,8683.00000
1526205639,8588.00000,8592.90000
1526205640,8584.00000,8593.70000
1526336713,8675.70000,8682.90000
1526205642,8588.30000,8596.30000
1526205643,8588.30000,8592.10000
1526336717,8678.70000,8682.90000
1526205646,8588.30000,8596.30000
1526336719,8679.70000,8682.80000
1526205648,8588.30000,8596.30000
1526205649,8588.30000,8591.60000
1526205650,8588.40000,8591.60000
1526336724,8678.80000,8682.80000
1526336725,8676.00000,8682.80000
1526205654,8588.50000,8591.60000
1526336727,8678.90000,8682.70000
1526336728,8676.10000,8682.70000
1526205659,8584.20000,8591.60000
1526336732,8675.60000,8682.50000
1526205661,8588.10000,8591.60000
1526336734,8678.00000,8682.50000
1526205663,8588.00000,8591.60000
1526336736,8678.00000,8682.40000
1526336737,8679.00000,8682.40000
1526205666,8584.30000,8591.60000
1526205668,8586.00000,8591.60000
1526336743,8679.00000,8682.30000
1526205673,8584.00000,8591.60000
1526336746,8675.60000,8676.50000
1526205675,8584.30000,8591.60000
1526336749,8675.60000,8676.40000
1526336750,8675.60000,8676.40000
1526205679,8584.30000,8589.10000
1526336752,8673.60000,8676.40000
1526336754,8674.00000,8676.40000
1526205683,8584.30000,8590.60000
1526205684,8584.30000,8588.80000
1526336757,8674.70000,8676.40000
1526336758,8672.20000,8676.40000
1526205687,8580.70000,8588.80000
1526336760,8672.10000,8676.40000
1526205689,8580.70000,8585.50000
1526205690,8582.00000,8585.50000
1526336764,8673.20000,8676.30000
1526336765,8672.20000,8676.50000
1526205694,8580.70000,8585.50000
1526336767,8672.20000,8676.20000
1526336769,8672.20000,8676.10000
1526336774,8673.00000,8676.10000
1526336776,8673.10000,8676.10000
1526205705,8580.80000,8585.50000
1526336778,8673.20000,8675.80000
1526336780,8673.20000,8675.70000
1526205709,8580.80000,8584.70000
1526205711,8580.80000,8588.80000
1526205712,8580.80000,8584.50000
1526336785,8673.30000,8675.90000
1526380683,8793.00000,8797.00000
1526205716,8580.70000,8584.50000
1526336791,8673.50000,8675.60000
1526336792,8673.60000,8675.60000
1526336793,8676.00000,8676.50000
1526336794,8674.00000,8675.90000
1526336795,8675.60000,8676.50000
1526336796,8674.00000,8676.50000
1526336797,8674.10000,8676.50000
1526336798,8675.60000,8676.50000
1526336800,8676.00000,8676.50000
1526336802,8676.10000,8676.50000
1526312155,8740.90000,8747.30000
1526336804,8676.50000,8682.60000
1526336805,8682.50000,8682.60000
1526336809,8682.60000,8687.30000
1526205738,8580.70000,8582.10000
1526336811,8682.60000,8687.30000
1526336813,8682.50000,8687.30000
1526336814,8682.70000,8687.30000
1526336815,8683.00000,8687.30000
1526336817,8685.00000,8687.30000
1526336819,8687.20000,8687.30000
1526224777,8607.70000,8608.40000
1526205752,8572.20000,8580.70000
1526336826,8687.20000,8699.10000
1526377695,8735.80000,8740.90000
1526205758,8572.20000,8580.80000
1526205759,8572.20000,8581.00000
1526205761,8572.50000,8580.90000
1526205763,8572.50000,8581.10000
1526336836,8690.90000,8699.10000
1526205765,8572.20000,8576.00000
1526205766,8572.20000,8580.90000
1526205767,8573.40000,8580.90000
1526205768,8572.80000,8580.90000
1526205769,8572.80000,8575.20000
1526205770,8572.80000,8580.80000
1526205771,8572.80000,8580.80000
1526205772,8572.90000,8575.10000
1526205773,8572.90000,8575.10000
1526205774,8573.50000,8575.10000
1526205777,8573.60000,8575.10000
1526377699,8735.80000,8739.40000
1526336856,8690.50000,8698.80000
1526331263,8834.90000,8840.00000
1526336859,8692.80000,8698.80000
1526336860,8692.80000,8698.70000
1526336861,8692.80000,8698.00000
1526205790,8573.70000,8575.10000
1526377701,8735.80000,8741.10000
1526205792,8575.00000,8575.10000
1526336865,8690.40000,8698.70000
1526336866,8693.10000,8697.90000
1526336867,8687.50000,8690.40000
1526205796,8573.80000,8575.10000
1526205797,8575.90000,8583.10000
1526205798,8573.50000,8583.10000
1526205800,8578.00000,8583.10000
1526205803,8578.00000,8587.10000
1526336876,8686.10000,8686.60000
1526205805,8578.10000,8587.10000
1526336878,8685.60000,8686.60000
1526336879,8683.50000,8686.60000
1526205809,8578.10000,8588.30000
1526205810,8578.20000,8588.30000
1526205811,8578.20000,8584.00000
1526336884,8685.20000,8686.30000
1526336885,8682.70000,8686.30000
1526336886,8682.70000,8684.70000
1526205817,8573.70000,8584.00000
1526205819,8578.50000,8587.00000
1526205821,8579.00000,8588.80000
1526205822,8579.00000,8583.10000
1526224789,8607.80000,8608.40000
1526205824,8579.00000,8586.90000
1526205825,8574.00000,8583.00000
1526205826,8573.80000,8583.00000
1526336899,8676.60000,8682.60000
1526205828,8578.00000,8583.00000
1526336901,8678.80000,8682.70000
1526336902,8676.60000,8682.70000
1526336903,8678.90000,8683.90000
1526205832,8573.90000,8583.00000
1526205833,8578.00000,8583.00000
1526205834,8578.10000,8588.00000
1526205835,8578.10000,8587.90000
1526205837,8578.40000,8584.70000
1526205838,8578.40000,8584.60000
1526205839,8578.40000,8587.90000
1526336913,8676.60000,8682.30000
1526336914,8676.50000,8681.40000
1526205843,8573.80000,8587.90000
1526205844,8573.80000,8584.70000
1526205845,8579.00000,8587.90000
1526205846,8579.00000,8584.60000
1526205850,8575.00000,8584.60000
1526336923,8676.50000,8681.30000
1526336924,8676.50000,8681.10000
1526205853,8575.10000,8587.00000
1526205854,8575.10000,8584.50000
1526205855,8579.60000,8584.50000
1526205856,8579.60000,8587.00000
1526205858,8579.60000,8587.00000
1526205860,8579.90000,8587.00000
1526205861,8579.90000,8583.20000
1526336934,8676.50000,8680.90000
1526205863,8575.20000,8583.20000
1526205864,8575.50000,8583.20000
1526336937,8676.50000,8680.20000
1526205866,8575.20000,8583.20000
1526205867,8575.20000,8581.60000
1526336940,8678.90000,8680.10000
1526336941,8676.50000,8680.10000
1526336942,8676.60000,8680.10000
1526336945,8680.00000,8680.10000
1526205874,8575.20000,8578.20000
1526205875,8575.20000,8575.30000
1526205878,8575.20000,8578.00000
1526205881,8575.20000,8578.00000
1526205882,8575.20000,8575.30000
1526336956,8680.00000,8681.00000
1526336958,8676.50000,8681.00000
1526408163,8463.30000,8478.70000
1526336961,8680.90000,8681.00000
1526205890,8571.20000,8575.10000
1526336963,8680.90000,8681.10000
1526205894,8571.20000,8574.70000
1526268492,8463.00000,8465.80000
1526205898,8571.20000,8571.30000
1526205902,8571.20000,8574.60000
1526336975,8676.50000,8680.80000
1526205905,8571.20000,8571.30000
1526336978,8676.50000,8676.60000
1526336979,8670.20000,8676.60000
1526336980,8670.00000,8676.60000
1526268494,8463.00000,8469.80000
1526336982,8672.00000,8676.60000
1526336983,8672.00000,8676.50000
1526336984,8672.00000,8676.50000
1526336985,8672.00000,8674.40000
1526336986,8672.00000,8673.80000
1526268495,8469.70000,8469.80000
1526336988,8670.00000,8672.80000
1526336989,8670.00000,8672.10000
1526205918,8570.20000,8571.20000
1526336991,8670.00000,8672.10000
1526336993,8670.00000,8673.30000
1526205922,8570.20000,8571.10000
1526205923,8570.40000,8571.10000
1526336997,8673.10000,8673.60000
1526205926,8570.20000,8571.10000
1526205927,8570.20000,8571.10000
1526205928,8567.00000,8570.00000
1526377724,8735.90000,8742.50000
1526403800,8560.50000,8561.90000
1526334034,8826.70000,8834.90000
1526377461,8732.20000,8741.30000
1526205937,8567.00000,8570.00000
1526205939,8567.70000,8570.00000
1526333968,8819.00000,8822.00000
1526205943,8567.00000,8569.90000
1526205947,8567.00000,8568.00000
1526337025,8673.20000,8673.60000
1526205956,8558.00000,8568.00000
1526334038,8826.40000,8834.80000
1526205958,8561.00000,8568.00000
1526205960,8561.10000,8568.00000
1526337033,8673.30000,8673.60000
1526337034,8673.20000,8673.60000
1526205963,8561.10000,8568.00000
1526205964,8561.30000,8568.00000
1526337039,8673.50000,8673.60000
1526337040,8673.20000,8673.60000
1526205972,8561.30000,8567.50000
1526233450,8603.20000,8609.90000
1526337046,8673.20000,8673.30000
1526337047,8670.00000,8673.30000
1526205976,8559.60000,8567.40000
1526205979,8559.60000,8559.70000
1526337053,8670.00000,8673.20000
1526205983,8559.60000,8566.80000
1526205985,8559.60000,8563.50000
1526205986,8559.60000,8561.20000
1526205987,8559.60000,8566.80000
1526205988,8559.60000,8567.40000
1526205989,8559.60000,8561.10000
1526205992,8559.60000,8567.40000
1526205993,8551.60000,8567.00000
1526205994,8559.60000,8567.00000
1526205995,8551.70000,8561.50000
1526205996,8551.70000,8567.00000
1526205998,8555.00000,8562.60000
1526205999,8561.70000,8567.00000
1526206000,8555.00000,8562.50000
1526206001,8555.10000,8562.50000
1526206003,8555.10000,8567.00000
1526206006,8555.10000,8567.00000
1526206007,8558.00000,8560.40000
1526206008,8558.00000,8566.70000
1526337082,8660.80000,8672.70000
1526206011,8558.10000,8566.70000
1526206012,8558.10000,8566.60000
1526206014,8558.10000,8562.40000
1526206015,8558.10000,8566.60000
1526206016,8558.10000,8562.00000
1526268512,8470.00000,8470.10000
1526206018,8558.20000,8561.60000
1526206019,8558.20000,8566.60000
1526337097,8664.20000,8665.00000
1526337098,8664.20000,8665.00000
1526337100,8664.80000,8665.00000
1526206029,8558.20000,8563.80000
1526206030,8558.20000,8566.60000
1526206031,8558.20000,8564.10000
1526206032,8558.20000,8567.30000
1526206033,8558.10000,8567.30000
1526206034,8558.20000,8567.30000
1526206035,8558.30000,8566.30000
1526206037,8558.30000,8567.30000
1526206039,8558.40000,8564.40000
1526206040,8558.40000,8563.40000
1526206041,8558.40000,8567.00000
1526206043,8558.40000,8563.30000
1526206045,8558.40000,8563.30000
1526206048,8558.50000,8563.30000
1526337123,8660.00000,8666.80000
1526206053,8555.40000,8563.30000
1526337126,8660.10000,8666.80000
1526206055,8554.40000,8563.30000
1526206056,8555.50000,8563.30000
1526337129,8664.00000,8670.00000
1526337130,8660.20000,8670.00000
1526206059,8555.50000,8563.20000
1526206060,8555.60000,8563.20000
1526337133,8660.50000,8670.00000
1526337134,8660.50000,8666.80000
1526337135,8660.50000,8670.00000
1526206064,8555.70000,8563.20000
1526337138,8660.60000,8666.30000
1526206067,8555.70000,8563.10000
1526337140,8664.30000,8666.30000
1526337141,8664.70000,8666.10000
1526337142,8661.90000,8666.10000
1526337143,8661.90000,8666.10000
1526337144,8665.30000,8666.10000
1526337145,8665.20000,8666.10000
1526337146,8661.90000,8666.10000
1526337147,8666.00000,8666.10000
1526337148,8661.90000,8666.10000
1526268522,8470.10000,8472.00000
1526337150,8661.90000,8665.10000
1526337151,8660.60000,8665.10000
1526206080,8549.80000,8560.40000
1526337153,8660.00000,8660.50000
1526206082,8549.80000,8560.40000
1526334059,8829.80000,8834.80000
1526206084,8549.80000,8560.40000
1526337157,8657.70000,8661.90000
1526206086,8549.80000,8551.10000
1526337160,8655.00000,8659.00000
1526337162,8655.30000,8659.00000
1526337163,8655.00000,8658.90000
1526206093,8549.80000,8551.00000
1526337166,8651.90000,8652.00000
1526206095,8549.80000,8550.90000
1526206096,8549.80000,8551.00000
1526337169,8649.30000,8652.00000
1526337170,8649.30000,8651.70000
1526206099,8549.80000,8550.80000
1526337173,8646.00000,8651.70000
1526337174,8645.90000,8651.60000
1526206103,8549.80000,8550.00000
1526337176,8645.90000,8651.50000
1526337177,8645.90000,8650.00000
1526206107,8549.90000,8550.00000
1526206112,8549.90000,8551.00000
1526206114,8550.00000,8551.00000
1526206116,8551.00000,8556.90000
1526206117,8550.00000,8556.90000
1526206118,8550.00000,8561.60000
1526206120,8550.00000,8550.90000
1526206122,8550.10000,8550.90000
1526206126,8550.90000,8561.30000
1526206128,8550.20000,8561.30000
1526337201,8645.90000,8650.10000
1526206130,8550.00000,8560.00000
1526337203,8645.90000,8650.20000
1526337204,8645.90000,8646.00000
1526206133,8550.00000,8559.90000
1526337206,8645.90000,8650.20000
1526337207,8650.10000,8650.20000
1526206138,8550.00000,8556.80000
1526206139,8550.00000,8559.70000
1526206140,8550.00000,8559.90000
1526337213,8650.10000,8650.20000
1526337214,8650.10000,8651.50000
1526268533,8460.10000,8466.90000
1526206144,8550.00000,8559.80000
1526337217,8646.00000,8651.50000
1526206147,8550.00000,8550.20000
1526337220,8647.00000,8650.30000
1526202998,8419.20000,8424.50000
1526206150,8550.20000,8559.60000
1526337223,8648.10000,8650.30000
1526333975,8816.00000,8822.00000
1526206153,8550.00000,8559.30000
1526206154,8549.90000,8559.30000
1526268535,8460.10000,8466.90000
1526337228,8645.90000,8650.30000
1526206158,8551.00000,8559.20000
1526337232,8645.90000,8651.40000
1526206161,8551.10000,8559.20000
1526206162,8551.10000,8559.10000
1526206163,8551.10000,8559.10000
1526206168,8551.20000,8559.10000
1526206170,8558.00000,8559.10000
1526206171,8551.30000,8559.10000
1526337244,8645.90000,8646.00000
1526337245,8645.90000,8649.90000
1526312229,8737.10000,8749.80000
1526337248,8640.00000,8649.90000
1526337249,8646.00000,8649.90000
1526337250,8646.00000,8649.10000
1526337251,8646.00000,8648.00000
1526206181,8557.80000,8559.80000
1526206182,8557.90000,8559.80000
1526337255,8647.00000,8649.80000
1526337256,8647.00000,8648.80000
1526206185,8558.60000,8559.80000
1526206187,8553.00000,8559.80000
1526337260,8646.00000,8649.70000
1526206189,8558.00000,8559.80000
1526337262,8646.00000,8647.80000
1526206191,8558.50000,8559.80000
1526337264,8646.00000,8648.70000
1526337267,8646.30000,8648.70000
1526337268,8646.60000,8647.20000
1526337269,8646.00000,8648.70000
1526337270,8646.00000,8647.50000
1526206199,8558.10000,8558.60000
1526206200,8553.00000,8558.60000
1526206201,8553.10000,8558.60000
1526337274,8646.00000,8646.40000
1526206203,8553.10000,8558.50000
1526206205,8554.00000,8558.50000
1526337278,8646.00000,8646.80000
1526206207,8555.80000,8558.50000
1526337280,8646.00000,8647.40000
1526206209,8555.80000,8558.20000
1526206211,8555.90000,8558.20000
1526333977,8815.70000,8822.00000
1526206215,8556.00000,8558.20000
1526337288,8649.00000,8650.10000
1526337289,8646.00000,8650.10000
1526206221,8556.00000,8559.80000
1526337294,8649.00000,8651.10000
1526337295,8646.00000,8651.10000
1526337296,8646.00000,8657.90000
1526206225,8556.10000,8559.80000
1526337299,8646.00000,8657.80000
1526337301,8646.00000,8657.90000
1526337302,8646.00000,8657.80000
1526337303,8646.00000,8657.70000
1526206233,8556.00000,8566.10000
1526206236,8556.00000,8565.80000
1526206238,8556.10000,8565.80000
1526206239,8556.10000,8562.10000
1526337312,8646.00000,8657.60000
1526206241,8556.00000,8562.10000
1526337314,8646.30000,8650.60000
1526268550,8460.30000,8470.70000
1526337320,8639.30000,8650.50000
1526206250,8556.00000,8562.00000
1526206251,8556.10000,8562.00000
1526337324,8642.00000,8650.50000
1526337325,8638.90000,8650.50000
1526206254,8549.50000,8562.00000
1526337327,8645.60000,8650.50000
1526206256,8559.10000,8562.00000
1526206257,8559.20000,8562.00000
1526206258,8556.10000,8562.00000
1526206259,8556.10000,8562.00000
1526206260,8559.80000,8562.00000
1526206261,8559.90000,8562.00000
1526206262,8560.00000,8562.00000
1526337335,8638.90000,8650.40000
1526337336,8646.60000,8650.40000
1526337337,8640.00000,8650.40000
1526337338,8638.90000,8650.40000
1526337339,8644.80000,8650.40000
1526337340,8640.00000,8650.30000
1526203018,8419.20000,8423.70000
1526206270,8560.10000,8562.00000
1526337343,8645.20000,8649.00000
1526337344,8640.10000,8649.00000
1526337345,8643.30000,8649.00000
1526337348,8644.00000,8649.00000
1526206277,8560.00000,8562.00000
1526337350,8645.20000,8649.00000
1526337353,8650.40000,8650.50000
1526337355,8650.50000,8654.60000
1526206284,8560.10000,8562.00000
1526337358,8650.50000,8658.00000
1526337359,8650.50000,8657.90000
1526337360,8646.00000,8657.90000
1526337362,8650.50000,8657.90000
1526337363,8646.10000,8649.00000
1526337365,8647.40000,8649.00000
1526337370,8645.30000,8649.00000
1526268559,8462.20000,8467.00000
1526337375,8646.00000,8649.00000
1526268560,8462.20000,8470.40000
1526337378,8646.10000,8649.00000
1526206307,8561.90000,8562.00000
1526337381,8646.10000,8649.00000
1526337383,8648.90000,8649.00000
1526206312,8561.90000,8570.00000
1526377788,8731.50000,8734.80000
1526206316,8561.90000,8566.50000
1526206318,8561.90000,8566.00000
1526206321,8562.00000,8566.00000
1526206322,8562.00000,8567.00000
1526268563,8462.20000,8470.00000
1526206324,8562.00000,8566.90000
1526337397,8656.80000,8657.90000
1526337399,8648.90000,8657.90000
1526337402,8648.90000,8656.90000
1526337404,8649.00000,8656.90000
1526278824,8374.10000,8377.50000
1526337406,8651.50000,8656.90000
1526334101,8829.80000,8834.00000
1526337408,8651.50000,8656.80000
1526377792,8727.80000,8734.80000
1526337411,8646.10000,8656.80000
1526337412,8649.20000,8656.80000
1526337414,8652.70000,8656.80000
1526337415,8652.80000,8656.80000
1526206344,8562.10000,8566.90000
1526206345,8562.00000,8566.00000
1526337419,8646.20000,8656.70000
1526337421,8645.30000,8656.60000
1526206350,8562.00000,8566.90000
1526337425,8642.30000,8656.60000
1526206354,8562.00000,8565.50000
1526206357,8562.00000,8566.90000
1526337430,8646.70000,8656.50000
1526337431,8646.20000,8656.50000
1526337432,8647.00000,8656.50000
1526206362,8562.00000,8563.40000
1526337436,8646.20000,8656.40000
1526337438,8650.10000,8656.40000
1526337440,8650.10000,8656.30000
1526337442,8642.30000,8656.30000
1526337443,8642.40000,8656.30000
1526337444,8650.40000,8656.30000
1526337448,8648.00000,8656.30000
1526337449,8642.40000,8656.30000
1526337450,8650.20000,8656.30000
1526337451,8650.70000,8656.30000
1526337452,8650.70000,8656.20000
1526337457,8642.50000,8656.20000
1526337459,8642.60000,8656.10000
1526337461,8642.60000,8656.20000
1526337462,8644.00000,8655.90000
1526337465,8644.10000,8655.90000
1526337466,8644.10000,8655.80000
1526337469,8649.90000,8655.80000
1526206398,8561.90000,8563.30000
1526337475,8650.20000,8656.00000
1526337479,8650.20000,8655.30000
1526337480,8650.30000,8650.70000
1526337482,8650.20000,8650.70000
1526337484,8644.20000,8650.60000
1526337486,8644.10000,8650.60000
1526206416,8561.90000,8563.10000
1526337489,8644.30000,8650.50000
1526337492,8644.30000,8648.30000
1526206421,8561.90000,8563.30000
1526337494,8644.30000,8650.50000
1526206423,8561.90000,8563.30000
1526337496,8644.30000,8648.20000
1526292525,8393.10000,8395.90000
1526337499,8644.30000,8650.20000
1526337501,8644.30000,8648.10000
1526206431,8562.00000,8563.20000
1526337504,8644.10000,8648.10000
1526206433,8561.90000,8563.20000
1526206434,8562.00000,8563.20000
1526337507,8647.90000,8649.90000
1526337509,8647.90000,8649.80000
1526206438,8562.10000,8563.20000
1526337514,8648.00000,8649.50000
1526337516,8648.00000,8650.40000
1526337517,8648.00000,8649.20000
1526337521,8644.10000,8650.40000
1526319585,8720.40000,8726.10000
1526337523,8647.00000,8650.40000
1526206452,8562.10000,8563.20000
1526337525,8644.10000,8650.40000
1526337526,8644.10000,8648.90000
1526337528,8644.10000,8646.00000
1526337529,8644.10000,8650.40000
1526337530,8645.40000,8647.50000
1526337531,8644.10000,8647.10000
1526206461,8562.20000,8563.20000
1526337534,8644.70000,8647.10000
1526206463,8562.10000,8563.20000
1526337538,8644.10000,8647.00000
1526337541,8644.10000,8646.80000
1526206471,8562.20000,8563.20000
1526337544,8645.00000,8646.70000
1526334124,8829.80000,8831.80000
1526337546,8640.00000,8647.00000
1526337548,8640.00000,8646.50000
1526224898,8607.00000,8607.20000
1526337550,8640.00000,8646.40000
1526337551,8640.10000,8646.40000
1526337554,8640.10000,8646.30000
1526337560,8640.10000,8640.20000
1526206489,8562.10000,8563.20000
1526201744,8421.20000,8421.30000
1526337564,8633.50000,8640.20000
1526337566,8635.00000,8640.20000
1526337567,8633.60000,8640.10000
1526337571,8633.60000,8646.10000
1526337572,8633.60000,8640.00000
1526337573,8633.60000,8633.80000
1526337574,8633.60000,8640.00000
1526337575,8633.60000,8634.40000
1526337577,8633.60000,8639.90000
1526206506,8561.90000,8563.10000
1526206507,8561.90000,8563.20000
1526206508,8561.90000,8563.10000
1526337583,8634.30000,8637.50000
1526206513,8562.00000,8563.00000
1526206514,8561.90000,8562.50000
1526206515,8562.00000,8563.00000
1526206517,8562.00000,8567.50000
1526206518,8562.00000,8562.90000
1526268596,8470.60000,8470.80000
1526337602,8634.40000,8635.00000
1526337610,8634.40000,8634.90000
1526337611,8634.80000,8635.00000
1526337621,8634.90000,8635.00000
1526337627,8634.80000,8635.00000
1526337628,8634.90000,8635.00000
1526268602,8470.70000,8470.80000
1526337631,8634.80000,8635.00000
1526337632,8634.90000,8635.00000
1526337633,8634.80000,8635.00000
1526337635,8634.40000,8635.00000
1526337637,8634.30000,8635.00000
1526337638,8634.40000,8635.00000
1526337639,8634.80000,8635.00000
1526206568,8561.90000,8562.90000
1526337641,8635.00000,8640.10000
1526206570,8562.50000,8562.80000
1526206571,8562.50000,8562.90000
1526206572,8561.90000,8562.90000
1526337645,8640.00000,8640.10000
1526206574,8562.80000,8562.90000
1526206577,8561.90000,8562.90000
1526337650,8641.40000,8647.40000
1526337651,8647.30000,8647.40000
1526206582,8562.80000,8562.90000
1526206583,8561.90000,8562.90000
1526206584,8562.80000,8562.90000
1526337657,8659.70000,8659.80000
1526206588,8562.00000,8562.90000
1526206590,8561.90000,8562.90000
1526206591,8562.80000,8562.90000
1526206592,8561.90000,8562.90000
1526203072,8407.60000,8408.10000
1526312299,8730.00000,8737.10000
1526206598,8561.90000,8562.90000
1526206599,8561.90000,8562.70000
1526206600,8562.00000,8562.90000
1526206602,8562.30000,8562.90000
1526206603,8562.30000,8569.70000
1526206604,8561.90000,8562.70000
1526206605,8561.90000,8566.00000
1526206607,8561.90000,8562.70000
1526206611,8561.90000,8562.60000
1526337684,8659.70000,8660.00000
1526337685,8659.50000,8660.00000
1526337687,8658.50000,8660.00000
1526337688,8658.50000,8659.90000
1526337690,8658.50000,8660.00000
1526337691,8656.00000,8660.00000
1526337693,8656.10000,8660.00000
1526337694,8656.10000,8658.60000
1526334149,8829.80000,8830.00000
1526337697,8653.60000,8658.60000
1526206627,8561.90000,8562.50000
1526206629,8561.90000,8562.40000
1526337706,8648.60000,8655.80000
1526337710,8648.40000,8653.90000
1526334152,8829.80000,8830.00000
1526337714,8645.40000,8648.50000
1526206643,8561.90000,8562.30000
1526206644,8561.90000,8562.40000
1526206645,8561.90000,8562.40000
1526206647,8561.90000,8562.10000
1526337720,8641.50000,8653.90000
1526337721,8643.00000,8653.90000
1526337723,8641.50000,8647.00000
1526334154,8829.80000,8830.10000
1526337727,8639.50000,8645.90000
1526206656,8561.90000,8562.00000
1526337729,8639.50000,8645.80000
1526337730,8641.00000,8645.80000
1526268619,8470.80000,8474.20000
1526337732,8635.20000,8645.80000
1526337733,8639.50000,8645.80000
1526206662,8555.40000,8561.90000
1526206663,8555.40000,8561.90000
1526334156,8829.90000,8830.10000
1526206666,8555.50000,8561.90000
1526206667,8561.60000,8561.90000
1526337740,8629.30000,8645.80000
1526337741,8636.10000,8645.80000
1526206670,8561.80000,8561.90000
1526206671,8555.60000,8561.90000
1526206672,8555.80000,8561.90000
1526337745,8637.00000,8645.70000
1526337746,8639.60000,8645.70000
1526337747,8637.00000,8645.70000
1526337748,8636.20000,8645.70000
1526337749,8636.10000,8645.70000
1526337750,8637.10000,8645.70000
1526206679,8562.10000,8564.60000
1526206680,8562.10000,8566.00000
1526337753,8637.00000,8645.50000
1526337754,8639.90000,8645.70000
1526337755,8640.00000,8645.40000
1526206684,8562.10000,8567.00000
1526337757,8637.10000,8645.30000
1526206686,8562.10000,8569.90000
1526206687,8556.10000,8561.90000
1526206689,8555.90000,8561.90000
1526337763,8640.00000,8645.30000
1526337764,8640.00000,8645.60000
1526206693,8555.70000,8561.90000
1526337766,8636.20000,8645.60000
1526337767,8636.20000,8645.50000
1526206696,8555.80000,8561.90000
1526206698,8556.50000,8561.90000
1526337771,8639.80000,8645.40000
1526206700,8561.80000,8561.90000
1526337774,8639.80000,8645.50000
1526337776,8639.80000,8643.60000
1526337778,8640.10000,8643.60000
1526337780,8639.80000,8643.60000
1526377854,8729.90000,8730.10000
1526337783,8639.90000,8643.60000
1526337784,8639.90000,8645.50000
1526337788,8639.90000,8643.80000
1526337789,8639.80000,8643.80000
1526337790,8639.90000,8643.60000
1526337792,8639.80000,8643.60000
1526337797,8640.40000,8643.60000
1526337802,8640.40000,8643.50000
1526337805,8633.70000,8643.00000
1526337806,8639.00000,8643.00000
1526337809,8639.00000,8643.00000
1526337810,8639.00000,8642.90000
1526337811,8639.00000,8643.00000
1526337812,8633.80000,8642.90000
1526337815,8638.00000,8642.90000
1526337818,8640.00000,8642.80000
1526337821,8640.00000,8642.70000
1526319587,8723.20000,8723.50000
1526206751,8556.50000,8561.90000
1526206753,8561.80000,8561.90000
1526337826,8640.00000,8642.90000
1526337827,8640.00000,8642.50000
1526337830,8640.00000,8640.10000
1526337845,8640.00000,8647.80000
1526337847,8640.10000,8642.30000
1526337849,8640.00000,8647.80000
1526337850,8640.00000,8647.80000
1526337851,8640.80000,8647.50000
1526337853,8640.90000,8644.40000
1526337857,8641.30000,8644.30000
1526337858,8641.10000,8644.30000
1526337859,8641.40000,8644.30000
1526337860,8641.40000,8644.20000
1526268641,8467.00000,8470.90000
1526337865,8641.50000,8644.20000
1526253336,8726.50000,8730.90000
1526337869,8641.60000,8644.20000
1526337872,8641.60000,8653.40000
1526337874,8642.00000,8653.40000
1526337875,8642.00000,8650.20000
1526337876,8642.00000,8648.10000
1526337879,8642.10000,8648.10000
1526337880,8642.10000,8648.00000
1526337881,8644.30000,8648.00000
1526337884,8644.30000,8647.10000
1526337885,8644.40000,8647.10000
1526206818,8556.60000,8561.90000
1526337891,8647.00000,8647.10000
1526206821,8561.80000,8561.90000
1526334183,8829.00000,8829.80000
1526337901,8647.10000,8653.40000
1526337902,8647.10000,8654.50000
1526337903,8647.10000,8651.00000
1526337906,8647.20000,8651.00000
1526337907,8647.30000,8651.00000
1526337908,8647.30000,8653.10000
1526337909,8650.00000,8653.10000
1526337910,8650.00000,8656.30000
1526337911,8650.90000,8654.30000
1526337912,8651.00000,8654.30000
1526337915,8651.00000,8658.80000
1526337917,8652.00000,8658.80000
1526337918,8658.60000,8665.60000
1526337919,8658.70000,8665.60000
1526337920,8652.00000,8665.60000
1526337921,8658.40000,8660.00000
1526337923,8658.50000,8660.00000
1526206852,8561.80000,8561.90000
1526337925,8658.50000,8658.60000
1526206856,8558.20000,8561.90000
1526337929,8658.60000,8660.00000
1526206858,8561.80000,8561.90000
1526206859,8558.20000,8561.90000
1526206860,8561.70000,8561.90000
1526337933,8660.10000,8664.10000
1526337934,8658.70000,8661.00000
1526337936,8660.20000,8664.00000
1526337938,8658.60000,8664.00000
1526337939,8651.20000,8660.90000
1526337940,8660.30000,8660.90000
1526337943,8660.30000,8663.90000
1526337944,8660.40000,8664.00000
1526337947,8660.40000,8660.80000
1526337948,8660.50000,8660.70000
1526337949,8660.50000,8660.80000
1526337951,8660.80000,8663.70000
1526337952,8660.60000,8663.70000
1526337954,8660.80000,8667.20000
1526337955,8660.90000,8668.60000
1526337956,8660.90000,8668.50000
1526337957,8663.80000,8665.60000
1526337958,8663.90000,8665.10000
1526337959,8661.00000,8668.50000
1526337960,8661.00000,8668.50000
1526337961,8664.10000,8666.90000
1526337962,8661.30000,8666.90000
1526337963,8661.30000,8666.90000
1526206892,8558.10000,8559.60000
1526206893,8558.10000,8561.70000
1526206895,8558.10000,8560.30000
1526206896,8558.10000,8560.10000
1526206897,8556.70000,8558.10000
1526337970,8665.30000,8666.60000
1526337971,8665.30000,8668.30000
1526337972,8665.30000,8670.00000
1526337973,8665.30000,8669.00000
1526337974,8664.20000,8666.60000
1526337975,8665.40000,8669.00000
1526337976,8665.40000,8665.70000
1526334196,8826.40000,8829.10000
