time,bid,ask
1526202369,8402.30000,8403.50000
1526202377,8402.30000,8403.40000
1526202381,8402.30000,8403.30000
1526202382,8402.30000,8403.20000
1526202384,8402.40000,8403.10000
1526202389,8402.40000,8403.30000
1526202390,8402.40000,8403.00000
1526202392,8402.40000,8402.90000
1526202395,8402.40000,8403.40000
1526202398,8402.40000,8403.30000
1526202403,8402.40000,8403.20000
1526202405,8402.40000,8403.10000
1526202409,8402.40000,8403.00000
1526202414,8402.40000,8402.90000
1526202418,8402.40000,8402.80000
1526202421,8402.40000,8402.70000
1526202427,8402.40000,8402.60000
1526202428,8402.30000,8402.40000
1526202434,8402.30000,8403.10000
1526202435,8402.30000,8402.40000
1526202440,8398.60000,8402.40000
1526202443,8398.60000,8400.40000
1526202446,8398.60000,8399.50000
1526202449,8398.60000,8399.40000
1526202450,8398.60000,8398.70000
1526202455,8389.00000,8398.60000
1526202457,8389.00000,8398.50000
1526202459,8389.00000,8391.00000
1526202461,8389.00000,8390.90000
1526202464,8389.00000,8390.90000
1526202465,8389.00000,8390.80000
1526202466,8389.00000,8390.80000
1526202468,8389.00000,8390.60000
1526202469,8389.00000,8390.80000
1526202470,8389.00000,8390.00000
1526202471,8389.00000,8389.90000
1526202472,8389.70000,8389.90000
1526202473,8389.80000,8389.90000
1526202521,8388.50000,8389.90000
1526202524,8389.80000,8389.90000
1526202527,8389.80000,8403.60000
1526202528,8389.80000,8403.40000
1526202531,8389.80000,8401.00000
1526202532,8389.90000,8401.00000
1526202534,8389.90000,8400.90000
1526202538,8390.20000,8400.80000
1526202540,8390.20000,8400.00000
1526202544,8390.20000,8400.70000
1526202546,8390.20000,8400.70000
1526202547,8390.20000,8397.00000
1526202560,8390.30000,8397.00000
1526202563,8390.40000,8397.00000
1526202564,8390.50000,8397.00000
1526202567,8390.30000,8397.00000
1526202569,8390.70000,8397.00000
1526202573,8390.70000,8396.70000
1526202574,8390.70000,8393.90000
1526202577,8390.70000,8390.90000
1526202578,8389.90000,8390.90000
1526202584,8390.00000,8390.90000
1526202588,8391.00000,8393.80000
1526202589,8391.00000,8397.00000
1526202590,8391.10000,8397.00000
1526202591,8391.10000,8396.90000
1526202594,8391.10000,8396.20000
1526202602,8391.20000,8396.20000
1526202610,8388.70000,8396.20000
1526202613,8388.70000,8391.40000
1526202614,8391.20000,8391.40000
1526202616,8391.10000,8391.40000
1526202617,8391.20000,8391.40000
1526202619,8388.70000,8391.40000
1526202620,8388.70000,8391.40000
1526202621,8391.30000,8391.40000
1526202623,8388.70000,8396.20000
1526202627,8388.70000,8390.00000
1526202628,8384.60000,8390.00000
1526202630,8384.60000,8389.90000
1526202631,8387.00000,8389.90000
1526202632,8387.00000,8389.00000
1526202633,8387.00000,8389.90000
1526202634,8387.00000,8390.00000
1526202635,8386.70000,8390.00000
1526202636,8387.10000,8390.00000
1526202638,8386.80000,8390.00000
1526202640,8387.70000,8390.00000
1526202643,8389.90000,8390.00000
1526202653,8430.00000,8430.30000
1526202654,8430.00000,8430.20000
1526202657,8390.30000,8407.00000
1526202660,8397.40000,8407.00000
1526202663,8397.50000,8406.90000
1526202664,8397.50000,8407.00000
1526202665,8397.60000,8406.80000
1526202667,8398.00000,8407.00000
1526202668,8406.70000,8406.90000
1526202669,8406.70000,8406.80000
1526202676,8406.70000,8407.10000
1526202677,8407.10000,8411.70000
1526202678,8411.60000,8411.70000
1526202679,8411.60000,8416.60000
1526202680,8411.70000,8416.50000
1526202685,8412.70000,8416.50000
1526202688,8416.40000,8416.50000
1526202695,8416.40000,8420.40000
1526202696,8416.40000,8420.30000
1526202699,8416.50000,8420.30000
1526202702,8416.40000,8420.30000
1526202707,8416.40000,8420.30000
1526202708,8416.40000,8419.70000
1526202709,8416.50000,8419.60000
1526202711,8416.50000,8420.40000
1526202712,8416.50000,8420.30000
1526202730,8416.40000,8420.30000
1526202732,8416.40000,8419.90000
1526202733,8416.40000,8420.30000
1526202737,8416.40000,8419.90000
1526202738,8412.90000,8419.90000
1526202740,8412.90000,8419.80000
1526202742,8413.00000,8419.70000
1526202745,8411.80000,8419.60000
1526202747,8413.00000,8419.60000
1526202748,8413.30000,8419.60000
1526202749,8413.30000,8419.50000
1526202750,8413.30000,8419.40000
1526202753,8413.30000,8419.30000
1526202756,8411.80000,8419.30000
1526202758,8411.80000,8416.70000
1526202759,8413.00000,8416.70000
1526202760,8413.60000,8416.60000
1526202762,8413.00000,8416.50000
1526202763,8411.90000,8416.50000
1526202766,8412.00000,8416.50000
1526202767,8412.00000,8419.90000
1526202768,8412.00000,8419.80000
1526202770,8412.10000,8419.80000
1526202775,8412.20000,8419.80000
1526202776,8412.40000,8419.80000
1526202780,8412.20000,8419.80000
1526202783,8412.20000,8420.30000
1526202785,8413.00000,8420.30000
1526202787,8413.00000,8420.20000
1526202789,8413.00000,8420.10000
1526202790,8412.70000,8420.10000
1526202791,8418.30000,8420.10000
1526202792,8418.20000,8420.10000
1526202793,8413.10000,8420.10000
1526202794,8412.70000,8420.10000
1526202795,8417.00000,8420.10000
1526202796,8417.00000,8419.70000
1526202797,8413.00000,8419.70000
1526202800,8415.40000,8419.70000
1526202801,8415.40000,8419.60000
1526202808,8412.70000,8419.60000
1526202812,8413.00000,8419.60000
1526202813,8413.00000,8419.50000
1526202816,8413.00000,8419.40000
1526202817,8415.70000,8419.40000
1526202818,8412.80000,8419.40000
1526202820,8413.00000,8419.60000
1526202822,8415.10000,8419.60000
1526202823,8413.00000,8419.60000
1526202826,8412.70000,8419.60000
1526202828,8415.10000,8419.60000
1526202829,8413.00000,8419.60000
1526202832,8415.20000,8419.60000
1526202839,8412.70000,8419.60000
1526202842,8414.00000,8419.60000
1526202846,8413.00000,8419.60000
1526202849,8413.00000,8419.50000
1526202850,8414.00000,8419.50000
1526202853,8414.00000,8419.40000
1526202855,8412.70000,8419.40000
1526202856,8414.30000,8419.40000
1526202857,8414.30000,8419.30000
1526202859,8413.00000,8419.30000
1526202860,8413.00000,8419.20000
1526202861,8414.30000,8419.20000
1526202863,8412.80000,8419.20000
1526202866,8412.70000,8419.10000
1526202867,8413.30000,8419.10000
1526202869,8413.30000,8419.00000
1526202870,8414.00000,8419.00000
1526202871,8414.00000,8419.60000
1526202873,8415.70000,8419.60000
1526202874,8416.70000,8419.60000
1526202879,8416.70000,8420.30000
1526202890,8419.40000,8420.30000
1526202896,8419.50000,8419.60000
1526202898,8419.40000,8419.50000
1526202903,8422.00000,8425.00000
1526202904,8422.00000,8432.30000
1526202905,8422.10000,8432.30000
1526202906,8422.10000,8422.30000
1526202921,8422.10000,8424.70000
1526202922,8422.10000,8422.30000
1526202931,8422.00000,8422.30000
1526202937,8422.00000,8425.00000
1526202941,8422.00000,8424.60000
1526202953,8422.00000,8424.60000
1526202962,8422.00000,8424.60000
1526202966,8422.10000,8424.60000
1526202970,8422.00000,8424.60000
1526202974,8422.00000,8422.20000
1526202978,8419.20000,8422.20000
1526202980,8419.20000,8422.00000
1526202981,8419.20000,8422.20000
1526202982,8419.20000,8419.40000
1526202998,8419.20000,8424.50000
1526202999,8419.20000,8419.40000
1526203011,8419.20000,8419.30000
1526203018,8419.20000,8423.70000
1526203019,8419.20000,8419.30000
1526203020,8409.80000,8419.20000
1526203021,8409.80000,8419.30000
1526203022,8413.00000,8419.20000
1526203027,8409.80000,8413.20000
1526203028,8409.80000,8413.00000
1526203029,8409.80000,8413.20000
1526203032,8407.10000,8413.20000
1526203035,8407.40000,8413.20000
1526203036,8407.10000,8413.20000
1526203038,8407.00000,8413.20000
1526203041,8407.00000,8413.10000
1526203042,8407.40000,8413.10000
1526203044,8407.40000,8413.00000
1526203045,8407.50000,8413.00000
1526203047,8407.70000,8413.00000
1526203048,8407.70000,8412.90000
1526203050,8407.90000,8412.90000
1526203052,8407.90000,8412.80000
1526203055,8407.50000,8412.80000
1526203056,8407.50000,8408.10000
1526203059,8407.60000,8408.10000
1526203063,8407.50000,8408.10000
1526203072,8407.60000,8408.10000
1526203076,8407.70000,8408.10000
1526203077,8407.70000,8419.30000
1526203078,8407.70000,8419.20000
1526203080,8407.70000,8419.10000
1526203081,8410.00000,8419.10000
1526203082,8411.00000,8419.10000
1526203084,8411.00000,8419.30000
1526203085,8415.60000,8419.30000
1526203086,8415.60000,8418.90000
1526203087,8411.10000,8411.20000
1526203111,8411.00000,8411.20000
1526203113,8411.10000,8411.20000
1526203114,8411.00000,8411.20000
1526203115,8411.10000,8411.20000
1526203117,8411.10000,8411.20000
1526203119,8411.00000,8411.20000
1526203124,8407.60000,8411.20000
1526203128,8410.00000,8411.20000
1526203132,8407.70000,8418.80000
1526203133,8407.70000,8410.20000
1526203135,8409.00000,8410.20000
1526203136,8409.10000,8410.20000
1526203141,8407.60000,8410.20000
1526203142,8408.00000,8410.20000
1526203144,8408.10000,8410.20000
1526203145,8408.10000,8410.10000
1526203146,8408.10000,8410.20000
1526203148,8408.10000,8410.10000
1526203152,8404.20000,8408.20000
1526203156,8407.00000,8408.20000
1526203159,8407.00000,8407.90000
1526203161,8404.00000,8407.90000
1526203164,8404.00000,8408.20000
1526203165,8404.10000,8408.20000
1526203166,8404.00000,8408.20000
1526203167,8404.00000,8407.90000
1526203168,8404.00000,8408.20000
1526203170,8404.00000,8407.60000
1526203172,8404.00000,8408.20000
1526203173,8404.10000,8407.30000
1526203174,8404.00000,8407.30000
1526203177,8404.00000,8407.20000
1526203178,8404.00000,8405.60000
1526203183,8404.10000,8405.60000
1526203185,8404.20000,8405.60000
1526203187,8404.20000,8408.10000
1526203189,8404.20000,8406.60000
1526203191,8404.20000,8408.00000
1526203192,8404.20000,8407.90000
1526203194,8404.00000,8407.90000
1526203195,8404.00000,8405.20000
1526203198,8403.50000,8405.20000
1526203203,8403.50000,8405.10000
1526203204,8403.50000,8407.40000
1526203205,8403.50000,8407.50000
1526203206,8403.50000,8407.10000
1526203209,8403.50000,8404.00000
1526203215,8400.00000,8403.50000
1526203217,8402.50000,8403.50000
1526203218,8404.60000,8407.00000
1526203222,8404.60000,8406.60000
1526203228,8404.60000,8406.90000
1526203230,8404.60000,8406.30000
1526203232,8404.60000,8406.90000
1526203238,8404.60000,8407.80000
1526203239,8404.70000,8406.80000
1526203248,8404.70000,8406.20000
1526203251,8404.70000,8406.80000
1526203253,8404.70000,8406.10000
1526203260,8404.80000,8406.10000
1526203272,8404.80000,8406.00000
1526203274,8404.70000,8406.00000
1526203279,8404.60000,8406.00000
1526203282,8404.60000,8405.90000
1526203292,8404.70000,8405.90000
1526203293,8404.60000,8405.90000
1526203297,8404.60000,8409.80000
1526203299,8404.60000,8409.50000
1526203300,8404.70000,8409.50000
1526203301,8404.70000,8409.80000
1526203303,8404.70000,8409.20000
1526203305,8404.70000,8409.80000
1526203308,8404.70000,8408.90000
1526203311,8405.00000,8409.80000
1526203312,8405.00000,8408.80000
1526203315,8405.10000,8408.80000
1526203318,8405.20000,8408.80000
1526203322,8405.20000,8408.50000
1526203324,8405.00000,8408.50000
1526203327,8405.00000,8408.40000
1526203333,8408.30000,8408.40000
1526203376,8408.40000,8408.50000
1526203392,8408.40000,8408.60000
1526203402,8408.40000,8408.60000
1526203407,8408.50000,8408.60000
1526203417,8408.50000,8408.70000
1526203440,8408.40000,8408.70000
1526203443,8408.60000,8408.70000
1526203448,8408.60000,8408.80000
1526203455,8408.70000,8408.80000
1526203463,8408.70000,8408.90000
1526203465,8408.60000,8408.90000
1526203468,8408.70000,8408.90000
1526203471,8408.80000,8408.90000
1526203477,8408.80000,8410.00000
1526203478,8408.80000,8409.00000
1526203482,8408.90000,8409.00000
1526203484,8408.80000,8409.00000
1526203485,8408.90000,8409.00000
1526203493,8408.90000,8409.10000
1526203495,8410.90000,8419.10000
1526203496,8417.50000,8419.10000
1526203497,8422.90000,8423.30000
1526203498,8423.40000,8423.50000
1526203499,8423.20000,8423.50000
1526203500,8425.80000,8434.60000
1526203501,8425.80000,8435.70000
1526203503,8425.90000,8435.70000
1526203506,8435.60000,8435.70000
1526203514,8435.80000,8438.00000
1526203516,8436.40000,8438.00000
1526203521,8440.70000,8446.10000
1526203523,8440.80000,8450.00000
1526203525,8442.00000,8450.00000
1526203526,8449.70000,8450.00000
1526203527,8442.10000,8450.00000
1526203528,8442.10000,8450.00000
1526203529,8444.80000,8446.90000
1526203532,8444.90000,8446.90000
1526203533,8445.40000,8450.00000
1526203534,8444.90000,8446.40000
1526203536,8445.00000,8446.40000
1526203537,8445.50000,8446.40000
1526203551,8444.80000,8446.40000
1526203553,8445.50000,8446.30000
1526203554,8444.80000,8446.30000
1526203555,8444.80000,8446.30000
1526203556,8443.30000,8446.30000
1526203558,8443.30000,8444.80000
1526203559,8443.30000,8446.30000
1526203560,8443.30000,8444.80000
1526203561,8443.40000,8446.30000
1526203564,8443.40000,8446.30000
1526203565,8441.70000,8446.30000
1526203571,8440.90000,8446.30000
1526203574,8441.70000,8446.30000
1526203575,8444.60000,8445.00000
1526203576,8444.70000,8445.00000
1526203582,8444.90000,8445.00000
1526203583,8444.60000,8445.00000
1526203584,8444.60000,8445.00000
1526203585,8444.90000,8445.00000
1526203602,8444.90000,8450.00000
1526203603,8445.00000,8450.00000
1526203604,8449.20000,8450.00000
1526203608,8449.90000,8450.00000
1526203619,8450.00000,8452.50000
1526203621,8452.10000,8452.50000
1526203624,8454.90000,8460.00000
1526203625,8456.30000,8460.00000
1526203626,8455.00000,8460.00000
1526203627,8455.00000,8456.50000
1526203628,8460.00000,8468.50000
1526203630,8460.00000,8478.90000
1526203631,8460.00000,8473.40000
1526203632,8466.20000,8473.40000
1526203634,8466.20000,8473.30000
1526203635,8470.30000,8473.30000
1526203639,8470.40000,8473.30000
1526203640,8473.20000,8473.30000
1526203641,8473.20000,8473.30000
1526203642,8473.20000,8479.90000
1526203645,8473.20000,8476.70000
1526203646,8477.00000,8479.90000
1526203647,8478.10000,8479.90000
1526203648,8476.60000,8494.90000
1526203649,8478.80000,8479.80000
1526203650,8479.80000,8484.00000
1526203653,8479.80000,8483.90000
1526203654,8483.60000,8483.90000
1526203655,8483.60000,8501.90000
1526203656,8483.60000,8501.80000
1526203657,8483.60000,8501.70000
1526203658,8496.80000,8501.70000
1526203659,8496.80000,8501.70000
1526203663,8496.90000,8501.70000
1526203665,8499.70000,8501.80000
1526203667,8501.70000,8501.80000
1526203669,8501.70000,8507.30000
1526203670,8501.70000,8505.80000
1526203672,8504.00000,8505.80000
1526203673,8501.80000,8510.50000
1526203674,8505.70000,8510.50000
1526203675,8505.70000,8510.40000
1526203676,8505.70000,8510.40000
1526203677,8516.30000,8517.80000
1526203678,8517.70000,8517.80000
1526203680,8517.70000,8526.50000
1526203681,8517.70000,8526.50000
1526203682,8517.70000,8539.40000
1526203683,8528.50000,8529.70000
1526203684,8538.40000,8545.80000
1526203685,8538.40000,8550.00000
1526203687,8541.10000,8549.90000
1526203688,8549.90000,8550.00000
1526203692,8550.10000,8554.40000
1526203694,8554.30000,8555.00000
1526203695,8554.50000,8555.00000
1526203696,8554.50000,8555.40000
1526203697,8554.50000,8558.50000
1526203698,8554.50000,8554.90000
1526203699,8554.50000,8558.50000
1526203700,8554.60000,8558.50000
1526203702,8555.30000,8576.50000
1526203703,8565.60000,8576.50000
1526203705,8559.00000,8576.50000
1526203707,8568.00000,8576.50000
1526203708,8568.00000,8569.00000
1526203711,8573.40000,8576.40000
1526203713,8573.40000,8576.30000
1526203714,8573.70000,8576.30000
1526203715,8573.50000,8576.30000
1526203716,8573.50000,8576.30000
1526203717,8573.40000,8576.20000
1526203718,8573.40000,8573.50000
1526203720,8573.40000,8573.70000
1526203721,8572.80000,8573.40000
1526203725,8572.80000,8573.40000
1526203726,8571.80000,8572.80000
1526203727,8571.80000,8571.90000
1526203728,8571.80000,8572.80000
1526203730,8571.80000,8572.70000
1526203731,8571.90000,8576.30000
1526203732,8571.90000,8573.50000
1526203733,8572.20000,8573.50000
1526203734,8573.40000,8573.50000
1526203735,8572.00000,8573.50000
1526203736,8572.00000,8573.50000
1526203737,8572.10000,8573.40000
1526203738,8576.30000,8576.50000
1526203740,8572.00000,8593.10000
1526203741,8571.80000,8593.00000
1526203742,8572.10000,8593.00000
1526203743,8572.10000,8592.90000
1526203744,8571.90000,8592.90000
1526203745,8571.90000,8592.80000
1526203746,8571.80000,8571.90000
1526203747,8571.60000,8571.90000
1526203748,8568.20000,8572.00000
1526203750,8564.40000,8571.90000
1526203751,8568.10000,8571.90000
1526203752,8566.60000,8571.90000
1526203756,8566.60000,8572.00000
1526203757,8566.60000,8571.80000
1526203759,8566.60000,8572.00000
1526203761,8561.50000,8566.60000
1526203763,8569.00000,8571.90000
1526203765,8569.00000,8585.20000
1526203767,8585.00000,8585.20000
1526203768,8585.00000,8585.10000
1526203792,8585.00000,8593.10000
1526203793,8585.00000,8587.40000
1526203794,8586.60000,8593.20000
1526203795,8585.10000,8593.20000
1526203796,8593.00000,8593.20000
1526203803,8585.00000,8593.20000
1526203804,8585.00000,8587.00000
1526203805,8577.20000,8587.00000
1526203806,8585.10000,8587.00000
1526203809,8589.70000,8593.20000
1526203810,8585.10000,8590.00000
1526203812,8578.10000,8590.00000
1526203815,8586.60000,8590.00000
1526203816,8586.60000,8589.00000
1526203817,8578.10000,8589.00000
1526203818,8578.10000,8589.00000
1526203819,8585.50000,8589.00000
1526203821,8588.90000,8590.00000
1526203823,8587.80000,8590.00000
1526203824,8587.80000,8588.90000
1526203827,8587.80000,8588.80000
1526203829,8577.90000,8587.80000
1526203831,8579.30000,8587.80000
1526203832,8579.30000,8588.80000
1526203833,8579.30000,8587.80000
1526203834,8577.90000,8587.20000
1526203836,8577.90000,8588.80000
1526203837,8577.10000,8588.80000
1526203839,8577.10000,8583.30000
1526203840,8578.00000,8583.30000
1526203841,8578.00000,8587.20000
1526203842,8578.00000,8583.10000
1526203843,8578.00000,8583.00000
1526203848,8578.00000,8590.00000
1526203849,8578.00000,8589.90000
1526203850,8578.00000,8585.00000
1526203852,8582.90000,8585.00000
1526203853,8582.90000,8583.90000
1526203854,8582.90000,8585.00000
1526203855,8582.90000,8584.90000
1526203859,8578.50000,8584.80000
1526203860,8580.00000,8584.80000
1526203863,8578.50000,8584.80000
1526203865,8578.50000,8584.70000
1526203870,8583.50000,8584.70000
1526203871,8583.50000,8584.00000
1526203874,8583.50000,8583.90000
1526203878,8578.50000,8583.90000
1526203882,8578.90000,8582.00000
1526203884,8578.50000,8582.00000
1526203886,8578.50000,8583.70000
1526203887,8581.90000,8583.70000
1526203889,8581.90000,8583.80000
1526203890,8581.90000,8584.00000
1526203892,8578.50000,8583.00000
1526203896,8578.50000,8582.90000
1526203900,8578.50000,8583.00000
1526203902,8578.20000,8582.80000
1526203903,8578.00000,8582.80000
1526203904,8578.10000,8582.80000
1526203905,8578.10000,8582.90000
1526203907,8578.00000,8582.90000
1526203908,8578.00000,8582.80000
1526203912,8578.00000,8582.60000
1526203914,8580.20000,8582.60000
1526203919,8580.20000,8582.50000
1526203923,8580.50000,8582.40000
1526203925,8580.20000,8582.40000
1526203928,8582.30000,8582.40000
1526203931,8582.30000,8582.60000
1526203936,8580.20000,8582.60000
1526203942,8580.30000,8582.60000
1526203943,8582.60000,8589.80000
1526203945,8582.70000,8589.80000
1526203946,8582.70000,8589.00000
1526203947,8580.30000,8589.00000
1526203951,8580.30000,8589.60000
1526203952,8582.50000,8588.00000
1526203956,8580.30000,8587.00000
1526203958,8580.30000,8582.50000
1526203959,8580.30000,8587.00000
1526203960,8582.80000,8586.90000
1526203961,8574.00000,8586.90000
1526203962,8574.20000,8586.90000
1526203964,8580.40000,8586.90000
1526203965,8586.80000,8586.90000
1526203969,8586.80000,8589.30000
1526203970,8586.80000,8589.80000
1526203971,8586.80000,8588.00000
1526203976,8574.20000,8589.80000
1526203978,8574.20000,8587.70000
1526203979,8586.80000,8587.70000
1526203980,8574.30000,8587.70000
1526203981,8582.20000,8587.70000
1526203982,8582.20000,8589.80000
1526203983,8583.10000,8589.80000
1526203985,8577.00000,8589.30000
1526203986,8587.60000,8589.30000
1526203987,8577.10000,8589.30000
1526203988,8589.20000,8589.30000
1526203989,8589.20000,8589.80000
1526203994,8589.20000,8593.00000
1526203995,8581.40000,8593.00000
1526203996,8581.40000,8589.20000
1526203997,8581.40000,8589.50000
1526203998,8581.40000,8592.00000
1526203999,8581.50000,8592.00000
1526204000,8581.50000,8593.20000
1526204001,8581.50000,8591.90000
1526204002,8581.60000,8591.90000
1526204004,8589.40000,8591.90000
1526204005,8581.60000,8591.90000
1526204006,8581.60000,8591.80000
1526204009,8589.90000,8591.80000
1526204011,8591.30000,8591.80000
1526204013,8591.30000,8591.60000
1526204016,8591.40000,8591.60000
1526204017,8591.50000,8591.90000
1526204018,8591.50000,8593.20000
1526204023,8593.10000,8599.90000
1526204024,8593.10000,8600.00000
1526204025,8593.10000,8596.00000
1526204026,8593.10000,8600.00000
1526204027,8593.10000,8598.40000
1526204029,8591.50000,8598.40000
1526204030,8593.20000,8598.40000
1526204032,8598.30000,8598.40000
1526204035,8598.30000,8601.50000
1526204036,8598.30000,8601.40000
1526204038,8598.30000,8602.00000
1526204040,8600.00000,8602.00000
1526204048,8601.90000,8602.00000
1526204060,8600.00000,8601.90000
1526204061,8600.00000,8601.80000
1526204062,8591.30000,8600.00000
1526204063,8591.30000,8601.80000
1526204071,8591.40000,8601.80000
1526204072,8591.40000,8601.40000
1526204074,8588.00000,8601.40000
1526204075,8590.50000,8601.40000
1526204076,8590.60000,8597.80000
1526204077,8590.60000,8596.70000
1526204078,8590.60000,8596.60000
1526204081,8590.70000,8596.60000
1526204084,8590.90000,8596.60000
1526204086,8590.60000,8596.50000
1526204089,8591.20000,8596.50000
1526204090,8591.20000,8596.40000
1526204092,8591.20000,8596.50000
1526204093,8591.30000,8596.50000
1526204094,8591.30000,8596.40000
1526204095,8591.30000,8596.50000
1526204096,8591.30000,8596.40000
1526204097,8591.30000,8596.30000
1526204098,8582.20000,8591.30000
1526204099,8582.20000,8585.10000
1526204100,8582.20000,8591.40000
1526204102,8582.30000,8591.40000
1526204105,8582.10000,8591.40000
1526204106,8578.10000,8582.00000
1526204110,8581.00000,8582.00000
1526204113,8579.50000,8582.00000
1526204117,8579.60000,8582.00000
1526204121,8580.00000,8582.00000
1526204126,8579.50000,8582.00000
1526204127,8579.50000,8581.90000
1526204143,8579.60000,8581.90000
1526204176,8579.60000,8582.00000
1526204182,8581.80000,8582.00000
1526204183,8581.90000,8582.00000
1526204253,8581.80000,8582.00000
1526204256,8580.50000,8582.00000
1526204259,8573.50000,8582.00000
1526204261,8578.00000,8582.00000
1526204262,8576.00000,8582.00000
1526204263,8577.00000,8582.00000
1526204266,8577.00000,8581.90000
1526204268,8575.50000,8581.90000
1526204269,8573.50000,8581.90000
1526204270,8574.50000,8581.90000
1526204271,8573.40000,8581.90000
1526204272,8573.50000,8581.00000
1526204273,8577.00000,8581.00000
1526204274,8577.00000,8580.90000
1526204278,8576.30000,8581.00000
1526204279,8573.50000,8581.00000
1526204280,8573.50000,8580.90000
1526204281,8573.50000,8580.80000
1526204287,8573.50000,8580.70000
1526204288,8573.80000,8580.70000
1526204290,8577.20000,8580.70000
1526204291,8574.00000,8580.60000
1526204292,8578.00000,8580.70000
1526204293,8578.00000,8581.00000
1526204296,8578.00000,8580.50000
1526204297,8578.10000,8580.50000
1526204298,8578.00000,8580.50000
1526204299,8579.50000,8580.40000
1526204300,8579.50000,8579.70000
1526204303,8576.00000,8579.60000
1526204304,8575.00000,8579.60000
1526204306,8576.00000,8579.60000
1526204308,8577.50000,8579.50000
1526204314,8573.40000,8579.50000
1526204317,8578.50000,8579.50000
1526204320,8578.50000,8579.40000
1526204323,8573.40000,8579.40000
1526204324,8577.00000,8579.30000
1526204327,8577.00000,8577.10000
1526204333,8577.00000,8579.30000
1526204334,8577.00000,8579.20000
1526204335,8577.00000,8577.10000
1526204336,8577.00000,8579.20000
1526204337,8577.00000,8577.10000
1526204343,8576.00000,8577.00000
1526204344,8573.40000,8577.00000
1526204345,8574.50000,8577.00000
1526204347,8574.50000,8576.90000
1526204348,8573.40000,8576.90000
1526204354,8573.50000,8576.90000
1526204355,8573.40000,8576.10000
1526204356,8573.40000,8576.00000
1526204357,8573.40000,8576.00000
1526204358,8573.40000,8575.40000
1526204359,8574.30000,8576.90000
1526204360,8573.40000,8576.90000
1526204361,8573.40000,8577.00000
1526204362,8570.30000,8575.70000
1526204363,8570.30000,8577.00000
1526204364,8576.30000,8577.00000
1526204365,8576.30000,8576.80000
1526204367,8570.40000,8576.80000
1526204368,8570.40000,8577.00000
1526204369,8566.10000,8577.00000
1526204370,8566.10000,8577.00000
1526204372,8576.60000,8577.00000
1526204373,8576.70000,8577.00000
1526204374,8576.70000,8576.90000
1526204375,8569.10000,8576.90000
1526204377,8569.00000,8576.90000
1526204378,8568.00000,8576.90000
1526204379,8573.50000,8576.80000
1526204389,8573.50000,8576.70000
1526204390,8566.30000,8576.70000
1526204391,8567.00000,8576.70000
1526204393,8567.00000,8576.70000
1526204394,8571.90000,8576.70000
1526204395,8567.00000,8576.60000
1526204396,8572.00000,8576.70000
1526204398,8572.10000,8576.80000
1526204399,8573.10000,8576.80000
1526204423,8573.10000,8576.60000
1526204424,8573.10000,8576.80000
1526204425,8576.60000,8576.80000
1526204430,8566.30000,8572.00000
1526204431,8566.40000,8572.00000
1526204432,8570.50000,8572.00000
1526204433,8566.40000,8572.00000
1526204435,8566.30000,8572.00000
1526204436,8568.60000,8572.00000
1526204437,8571.80000,8572.00000
1526204444,8571.80000,8572.00000
1526204448,8571.80000,8571.90000
1526204451,8566.10000,8572.00000
1526204453,8566.10000,8571.90000
1526204456,8566.10000,8570.90000
1526204457,8569.30000,8572.00000
1526204458,8569.30000,8571.90000
1526204459,8569.60000,8572.00000
1526204460,8569.70000,8572.00000
1526204461,8566.10000,8570.90000
1526204470,8567.80000,8570.80000
1526204471,8566.10000,8570.80000
1526204472,8566.20000,8570.80000
1526204476,8566.20000,8570.80000
1526204477,8566.20000,8570.10000
1526204480,8567.70000,8570.80000
1526204481,8566.20000,8569.40000
1526204482,8566.10000,8569.40000
1526204483,8566.30000,8569.40000
1526204495,8566.30000,8569.30000
1526204496,8567.10000,8569.30000
1526204498,8567.30000,8569.30000
1526204499,8568.30000,8569.30000
1526204500,8568.30000,8570.80000
1526204503,8566.40000,8570.80000
1526204504,8568.30000,8570.80000
1526204506,8568.80000,8570.80000
1526204507,8566.40000,8570.80000
1526204508,8566.40000,8570.80000
1526204510,8566.40000,8570.40000
1526204511,8568.30000,8570.80000
1526204512,8566.50000,8570.10000
1526204513,8568.30000,8570.10000
1526204514,8568.40000,8570.80000
1526204518,8568.30000,8570.80000
1526204519,8568.30000,8570.70000
1526204521,8568.30000,8570.60000
1526204522,8568.40000,8570.30000
1526204523,8568.30000,8570.30000
1526204527,8568.40000,8570.30000
1526204530,8568.40000,8570.20000
1526204541,8570.00000,8570.20000
1526204542,8570.00000,8570.30000
1526204543,8570.00000,8570.10000
1526204557,8562.00000,8570.10000
1526204559,8557.00000,8570.10000
1526204560,8557.20000,8570.00000
1526204561,8570.00000,8570.10000
1526204565,8562.10000,8569.90000
1526204569,8562.10000,8569.90000
1526204570,8566.60000,8569.80000
1526204571,8566.70000,8569.80000
1526204572,8562.40000,8569.80000
1526204573,8562.40000,8569.80000
1526204576,8562.10000,8569.80000
1526204578,8565.30000,8569.80000
1526204579,8557.20000,8569.80000
1526204580,8565.60000,8569.80000
1526204581,8562.40000,8569.90000
1526204582,8562.10000,8569.90000
1526204586,8565.30000,8569.90000
1526204587,8565.40000,8569.90000
1526204588,8565.40000,8569.80000
1526204592,8565.40000,8569.90000
1526204593,8565.40000,8569.00000
1526204596,8565.40000,8568.90000
1526204597,8565.40000,8569.90000
1526204599,8557.30000,8568.60000
1526204601,8567.00000,8569.90000
1526204602,8567.20000,8569.90000
1526204603,8568.40000,8569.90000
1526204618,8569.70000,8569.90000
1526204626,8569.70000,8569.80000
1526204631,8569.70000,8569.80000
1526204632,8558.10000,8569.80000
1526204633,8558.20000,8569.90000
1526204634,8561.00000,8569.90000
1526204637,8566.50000,8569.90000
1526204638,8561.10000,8568.80000
1526204639,8561.10000,8568.80000
1526204640,8561.10000,8569.90000
1526204641,8561.10000,8569.90000
1526204642,8561.10000,8569.90000
1526204643,8567.00000,8569.90000
1526204647,8564.90000,8569.60000
1526204648,8564.90000,8568.30000
1526204649,8561.20000,8569.90000
1526204650,8561.20000,8568.20000
1526204651,8566.50000,8569.90000
1526204654,8561.20000,8569.10000
1526204657,8561.20000,8569.90000
1526204658,8567.10000,8569.10000
1526204659,8561.30000,8569.10000
1526204661,8564.50000,8569.10000
1526204662,8562.00000,8569.10000
1526204663,8566.20000,8569.10000
1526204664,8566.20000,8569.10000
1526204666,8566.40000,8569.10000
1526204669,8561.40000,8569.00000
1526204670,8566.50000,8569.00000
1526204671,8566.60000,8569.00000
1526204674,8564.60000,8569.10000
1526204677,8568.90000,8569.10000
1526204681,8569.00000,8569.10000
1526204694,8568.90000,8569.10000
1526204706,8568.90000,8569.10000
1526204708,8568.90000,8569.00000
1526204709,8568.90000,8569.10000
1526204710,8568.90000,8569.00000
1526204724,8568.80000,8569.00000
1526204727,8558.20000,8568.00000
1526204731,8558.20000,8567.90000
1526204736,8558.50000,8567.90000
1526204739,8558.50000,8568.00000
1526204741,8567.70000,8568.00000
1526204753,8562.70000,8568.00000
1526204754,8567.80000,8568.00000
1526204782,8562.70000,8568.00000
1526204788,8562.70000,8567.00000
1526204799,8563.00000,8567.00000
1526204801,8562.70000,8567.00000
1526204803,8563.10000,8567.00000
1526204813,8566.80000,8567.00000
1526204814,8567.00000,8568.00000
1526204815,8566.80000,8568.00000
1526204820,8566.80000,8575.70000
1526204821,8566.80000,8578.20000
1526204822,8566.80000,8578.20000
1526204825,8566.80000,8578.20000
1526204826,8566.90000,8578.20000
1526204827,8578.00000,8578.20000
1526204828,8578.00000,8578.10000
1526204830,8578.30000,8581.00000
1526204831,8578.00000,8581.00000
1526204834,8578.10000,8581.00000
1526204836,8578.00000,8581.00000
1526204837,8578.20000,8581.00000
1526204838,8578.10000,8581.00000
1526204840,8578.00000,8581.00000
1526204841,8578.10000,8581.00000
1526204842,8580.80000,8581.00000
1526204855,8580.80000,8588.90000
1526204857,8580.90000,8588.80000
1526204860,8580.90000,8588.90000
1526204862,8580.90000,8586.10000
1526204864,8580.90000,8588.80000
1526204865,8580.90000,8586.10000
1526204866,8581.20000,8588.80000
1526204868,8581.20000,8590.40000
1526204869,8581.20000,8590.40000
1526204870,8581.20000,8588.80000
1526204871,8581.20000,8590.50000
1526204872,8581.20000,8590.50000
1526204873,8588.60000,8588.70000
1526204875,8588.60000,8590.50000
1526204877,8588.60000,8590.40000
1526204880,8581.50000,8588.60000
1526204882,8581.10000,8590.40000
1526204886,8590.20000,8590.40000
1526204889,8590.20000,8593.80000
1526204890,8592.50000,8594.40000
1526204891,8590.20000,8596.60000
1526204892,8592.60000,8596.60000
1526204893,8592.60000,8594.00000
1526204898,8592.60000,8596.60000
1526204899,8592.60000,8599.40000
1526204900,8594.00000,8599.40000
1526204901,8594.00000,8598.70000
1526204904,8598.50000,8598.70000
1526204905,8598.50000,8598.60000
1526204916,8588.60000,8598.40000
1526204920,8588.60000,8598.40000
1526204921,8597.40000,8598.40000
1526204922,8588.70000,8598.40000
1526204923,8588.70000,8598.40000
1526204924,8588.60000,8598.30000
1526204925,8593.70000,8598.30000
1526204926,8594.10000,8598.30000
1526204927,8588.60000,8598.30000
1526204928,8594.20000,8598.30000
1526204929,8594.20000,8598.30000
1526204931,8588.70000,8598.30000
1526204932,8588.70000,8595.90000
1526204933,8588.70000,8595.50000
1526204935,8588.70000,8590.00000
1526204936,8588.70000,8595.40000
1526204937,8594.30000,8595.40000
1526204939,8595.30000,8595.40000
1526204942,8598.60000,8602.60000
1526204943,8595.30000,8604.10000
1526204946,8598.70000,8604.10000
1526204947,8598.70000,8604.00000
1526204948,8598.80000,8604.00000
1526204951,8598.80000,8602.90000
1526204952,8598.80000,8604.10000
1526204953,8598.80000,8603.20000
1526204956,8598.80000,8604.10000
1526204958,8598.80000,8602.80000
1526204959,8598.80000,8602.20000
1526204960,8598.80000,8602.70000
1526204961,8598.90000,8602.70000
1526204965,8598.90000,8604.10000
1526204968,8599.00000,8604.10000
1526204974,8599.00000,8603.00000
1526204976,8599.10000,8603.00000
1526204979,8599.10000,8603.00000
1526204986,8599.10000,8602.90000
1526204991,8599.00000,8602.90000
1526204993,8599.00000,8603.00000
1526204997,8598.90000,8603.00000
1526204999,8598.90000,8603.00000
1526205001,8599.00000,8603.00000
1526205002,8598.90000,8603.00000
1526205003,8599.00000,8603.00000
1526205005,8599.00000,8602.90000
1526205007,8598.90000,8602.90000
1526205008,8598.90000,8602.70000
1526205009,8598.90000,8603.00000
1526205010,8599.10000,8602.00000
1526205011,8598.90000,8602.00000
1526205012,8598.90000,8602.10000
1526205013,8598.90000,8599.00000
1526205020,8598.90000,8602.00000
1526205023,8599.00000,8602.00000
1526205041,8598.90000,8602.00000
1526205044,8601.20000,8602.00000
1526205047,8601.20000,8601.90000
1526205052,8601.20000,8602.00000
1526205056,8601.20000,8601.90000
1526205061,8599.00000,8601.90000
1526205067,8599.00000,8600.90000
1526205069,8599.00000,8599.10000
1526205080,8586.10000,8598.40000
1526205082,8585.30000,8598.40000
1526205085,8585.30000,8596.60000
1526205086,8583.90000,8596.60000
1526205087,8586.00000,8596.50000
1526205089,8586.00000,8591.70000
1526205091,8584.00000,8591.70000
1526205092,8586.30000,8591.70000
1526205096,8584.00000,8591.70000
1526205100,8584.10000,8591.70000
1526205101,8585.00000,8591.70000
1526205104,8585.10000,8591.70000
1526205105,8585.00000,8591.70000
1526205106,8587.40000,8591.70000
1526205108,8584.00000,8588.40000
1526205109,8586.70000,8588.40000
1526205112,8584.00000,8588.40000
1526205118,8584.00000,8585.00000
1526205126,8584.00000,8584.90000
1526205128,8577.60000,8584.90000
1526205129,8574.90000,8584.10000
1526205130,8577.10000,8584.10000
1526205131,8577.10000,8580.90000
1526205132,8578.00000,8580.90000
1526205134,8580.80000,8580.90000
1526205137,8577.10000,8580.90000
1526205139,8570.20000,8580.90000
1526205140,8580.80000,8580.90000
1526205141,8575.00000,8580.90000
1526205142,8575.00000,8580.80000
1526205143,8578.20000,8580.90000
1526205152,8578.20000,8580.10000
1526205158,8578.20000,8580.90000
1526205159,8578.30000,8580.10000
1526205160,8578.30000,8580.90000
1526205164,8578.30000,8580.80000
1526205167,8578.30000,8580.90000
1526205168,8578.30000,8580.10000
1526205172,8571.90000,8580.10000
1526205174,8577.50000,8580.10000
1526205177,8577.50000,8580.00000
1526205179,8574.00000,8580.00000
1526205180,8572.00000,8580.00000
1526205181,8572.00000,8580.00000
1526205182,8573.20000,8580.00000
1526205183,8572.00000,8580.00000
1526205186,8572.10000,8579.90000
1526205188,8572.10000,8578.10000
1526205189,8572.10000,8578.10000
1526205190,8572.30000,8578.10000
1526205191,8572.30000,8578.10000
1526205194,8573.00000,8578.10000
1526205198,8573.10000,8578.10000
1526205199,8573.10000,8578.10000
1526205201,8573.10000,8578.00000
1526205202,8573.10000,8578.00000
1526205203,8573.10000,8578.00000
1526205204,8573.10000,8580.00000
1526205205,8573.10000,8580.00000
1526205206,8573.20000,8580.00000
1526205207,8575.70000,8580.00000
1526205209,8575.70000,8580.00000
1526205210,8575.70000,8580.00000
1526205211,8575.70000,8580.00000
1526205212,8575.70000,8578.80000
1526205213,8573.30000,8578.70000
1526205214,8577.00000,8579.20000
1526205216,8577.00000,8580.00000
1526205217,8577.10000,8580.00000
1526205218,8577.20000,8580.00000
1526205219,8579.00000,8580.00000
1526205222,8579.10000,8580.00000
1526205223,8579.20000,8580.00000
1526205231,8577.00000,8580.00000
1526205233,8577.10000,8580.00000
1526205234,8579.00000,8580.00000
1526205238,8577.00000,8580.00000
1526205239,8579.10000,8580.00000
1526205241,8577.00000,8580.00000
1526205242,8577.10000,8580.00000
1526205243,8579.00000,8580.00000
1526205248,8579.10000,8580.00000
1526205251,8579.00000,8580.00000
1526205254,8577.10000,8580.00000
1526205255,8580.00000,8590.80000
1526205256,8579.10000,8590.80000
1526205258,8580.10000,8590.80000
1526205259,8587.80000,8590.80000
1526205264,8587.80000,8590.60000
1526205265,8583.10000,8590.80000
1526205267,8584.00000,8590.80000
1526205268,8590.70000,8590.80000
1526205269,8584.00000,8590.80000
1526205270,8590.70000,8590.80000
1526205273,8590.70000,8595.30000
1526205274,8589.20000,8595.30000
1526205275,8589.20000,8592.50000
1526205277,8584.30000,8592.50000
1526205280,8584.30000,8592.50000
1526205281,8590.30000,8592.50000
1526205282,8590.40000,8592.50000
1526205283,8584.40000,8592.50000
1526205284,8584.40000,8591.40000
1526205286,8591.20000,8591.40000
1526205288,8588.70000,8591.40000
1526205289,8584.10000,8595.30000
1526205290,8589.00000,8591.50000
1526205291,8589.90000,8590.60000
1526205293,8584.70000,8590.60000
1526205294,8585.00000,8590.60000
1526205298,8590.20000,8590.60000
1526205300,8589.00000,8590.60000
1526205309,8589.00000,8596.60000
1526205310,8585.20000,8596.60000
1526205311,8584.20000,8596.60000
1526205313,8585.00000,8591.20000
1526205317,8585.00000,8591.20000
1526205318,8587.90000,8595.80000
1526205319,8588.30000,8595.80000
1526205320,8584.20000,8590.10000
1526205321,8585.10000,8590.00000
1526205322,8585.30000,8589.70000
1526205324,8585.30000,8595.80000
1526205326,8585.30000,8589.40000
1526205330,8584.20000,8593.00000
1526205331,8584.20000,8589.00000
1526205333,8584.20000,8592.90000
1526205335,8584.20000,8588.80000
1526205336,8584.20000,8588.70000
1526205337,8584.20000,8592.60000
1526205338,8587.90000,8590.50000
1526205339,8584.20000,8590.40000
1526205341,8586.50000,8590.40000
1526205342,8584.20000,8590.40000
1526205343,8584.20000,8592.10000
1526205344,8586.60000,8590.30000
1526205348,8586.60000,8592.10000
1526205349,8586.60000,8592.10000
1526205350,8586.60000,8590.30000
1526205352,8586.60000,8592.10000
1526205353,8586.60000,8591.00000
1526205354,8586.60000,8592.90000
1526205356,8586.60000,8590.90000
1526205358,8586.60000,8590.90000
1526205367,8586.60000,8590.90000
1526205368,8586.60000,8591.30000
1526205369,8586.60000,8590.50000
1526205370,8586.60000,8591.30000
1526205371,8584.20000,8590.40000
1526205372,8584.20000,8587.60000
1526205373,8584.20000,8590.40000
1526205374,8584.20000,8587.90000
1526205375,8584.20000,8587.50000
1526205385,8584.20000,8587.40000
1526205388,8584.20000,8587.30000
1526205391,8580.00000,8584.20000
1526205397,8580.00000,8587.30000
1526205398,8580.00000,8587.40000
1526205407,8580.00000,8584.60000
1526205411,8580.00000,8580.10000
1526205413,8572.20000,8580.00000
1526205414,8579.00000,8580.10000
1526205420,8579.10000,8580.10000
1526205423,8579.10000,8580.00000
1526205424,8572.10000,8580.00000
1526205428,8572.10000,8579.90000
1526205429,8572.10000,8580.00000
1526205430,8570.20000,8570.70000
1526205431,8570.20000,8570.30000
1526205436,8570.20000,8570.60000
1526205438,8570.20000,8570.30000
1526205448,8570.20000,8573.30000
1526205450,8570.20000,8570.30000
1526205452,8570.20000,8573.30000
1526205453,8570.90000,8573.30000
1526205454,8570.20000,8573.30000
1526205458,8570.20000,8573.30000
1526205459,8570.20000,8572.20000
1526205460,8570.20000,8573.10000
1526205461,8571.00000,8573.10000
1526205462,8571.10000,8573.10000
1526205463,8571.20000,8573.10000
1526205465,8570.20000,8573.10000
1526205467,8573.00000,8573.10000
1526205468,8570.20000,8573.10000
1526205470,8570.20000,8573.10000
1526205471,8571.50000,8573.30000
1526205472,8570.20000,8573.30000
1526205473,8571.70000,8573.00000
1526205474,8570.20000,8573.00000
1526205475,8571.90000,8573.30000
1526205478,8570.20000,8573.30000
1526205479,8571.90000,8573.30000
1526205480,8570.20000,8573.30000
1526205481,8570.20000,8573.30000
1526205482,8572.90000,8573.30000
1526205483,8572.90000,8576.30000
1526205484,8570.20000,8576.30000
1526205485,8570.20000,8573.20000
1526205486,8571.20000,8573.30000
1526205487,8571.20000,8573.90000
1526205488,8570.20000,8576.30000
1526205489,8572.50000,8576.30000
1526205490,8570.20000,8576.30000
1526205491,8570.20000,8575.40000
1526205492,8570.20000,8576.30000
1526205493,8570.20000,8575.20000
1526205494,8570.20000,8576.30000
1526205495,8570.20000,8576.10000
1526205496,8570.20000,8576.10000
1526205497,8570.20000,8575.40000
1526205498,8570.20000,8575.40000
1526205500,8573.50000,8575.40000
1526205501,8570.20000,8575.10000
1526205503,8570.20000,8575.10000
1526205504,8570.20000,8575.40000
1526205505,8572.80000,8575.40000
1526205506,8570.20000,8574.50000
1526205509,8572.00000,8574.50000
1526205510,8572.00000,8575.40000
1526205512,8570.20000,8575.40000
1526205514,8570.20000,8574.40000
1526205515,8570.20000,8576.10000
1526205516,8570.20000,8576.10000
1526205517,8572.90000,8576.10000
1526205518,8572.00000,8576.10000
1526205519,8572.10000,8576.10000
1526205520,8572.10000,8575.30000
1526205522,8572.10000,8576.10000
1526205523,8572.10000,8576.10000
1526205524,8572.10000,8575.20000
1526205526,8572.10000,8576.10000
1526205527,8572.10000,8576.10000
1526205528,8572.10000,8575.00000
1526205529,8572.10000,8576.10000
1526205536,8572.20000,8576.10000
1526205537,8572.20000,8579.00000
1526205543,8573.00000,8579.00000
1526205548,8573.40000,8579.00000
1526205551,8573.50000,8579.00000
1526205552,8572.10000,8579.00000
1526205553,8573.80000,8582.10000
1526205555,8573.60000,8582.10000
1526205556,8573.00000,8582.10000
1526205557,8573.90000,8582.10000
1526205560,8573.20000,8582.10000
1526205562,8573.20000,8587.90000
1526205563,8573.30000,8592.80000
1526205566,8573.40000,8592.80000
1526205567,8586.30000,8592.80000
1526205568,8585.60000,8592.80000
1526205569,8583.60000,8592.80000
1526205571,8583.60000,8588.60000
1526205572,8585.90000,8588.60000
1526205573,8585.90000,8589.00000
1526205575,8583.60000,8592.80000
1526205579,8583.90000,8592.80000
1526205583,8583.90000,8589.90000
1526205587,8583.90000,8594.70000
1526205588,8584.00000,8589.20000
1526205589,8584.00000,8592.80000
1526205590,8585.00000,8592.80000
1526205591,8585.00000,8594.70000
1526205592,8585.00000,8594.70000
1526205594,8587.00000,8594.70000
1526205595,8587.00000,8596.60000
1526205599,8584.00000,8596.60000
1526205600,8584.00000,8593.40000
1526205604,8587.30000,8593.40000
1526205607,8584.10000,8593.40000
1526205610,8587.60000,8593.40000
1526205614,8585.10000,8593.40000
1526205617,8587.90000,8596.50000
1526205619,8584.30000,8596.50000
1526205620,8584.20000,8593.30000
1526205621,8588.20000,8597.90000
1526205623,8588.00000,8597.90000
1526205625,8588.10000,8597.90000
1526205626,8588.10000,8594.70000
1526205627,8588.10000,8588.20000
1526205628,8584.20000,8588.20000
1526205632,8584.20000,8599.40000
1526205634,8584.30000,8596.30000
1526205635,8588.00000,8596.30000
1526205639,8588.00000,8592.90000
1526205640,8584.00000,8593.70000
1526205642,8588.30000,8596.30000
1526205643,8588.30000,8592.10000
1526205646,8588.30000,8596.30000
1526205648,8588.30000,8596.30000
1526205649,8588.30000,8591.60000
1526205650,8588.40000,8591.60000
1526205654,8588.50000,8591.60000
1526205659,8584.20000,8591.60000
1526205661,8588.10000,8591.60000
1526205663,8588.00000,8591.60000
1526205666,8584.30000,8591.60000
1526205668,8586.00000,8591.60000
1526205673,8584.00000,8591.60000
1526205675,8584.30000,8591.60000
1526205679,8584.30000,8589.10000
1526205683,8584.30000,8590.60000
1526205684,8584.30000,8588.80000
1526205687,8580.70000,8588.80000
1526205689,8580.70000,8585.50000
1526205690,8582.00000,8585.50000
1526205694,8580.70000,8585.50000
1526205705,8580.80000,8585.50000
1526205709,8580.80000,8584.70000
1526205711,8580.80000,8588.80000
1526205712,8580.80000,8584.50000
1526205716,8580.70000,8584.50000
1526205738,8580.70000,8582.10000
1526205752,8572.20000,8580.70000
1526205758,8572.20000,8580.80000
1526205759,8572.20000,8581.00000
1526205761,8572.50000,8580.90000
1526205763,8572.50000,8581.10000
1526205765,8572.20000,8576.00000
1526205766,8572.20000,8580.90000
1526205767,8573.40000,8580.90000
1526205768,8572.80000,8580.90000
1526205769,8572.80000,8575.20000
1526205770,8572.80000,8580.80000
1526205771,8572.80000,8580.80000
1526205772,8572.90000,8575.10000
1526205773,8572.90000,8575.10000
1526205774,8573.50000,8575.10000
1526205777,8573.60000,8575.10000
1526205790,8573.70000,8575.10000
1526205792,8575.00000,8575.10000
1526205796,8573.80000,8575.10000
1526205797,8575.90000,8583.10000
1526205798,8573.50000,8583.10000
1526205800,8578.00000,8583.10000
1526205803,8578.00000,8587.10000
1526205805,8578.10000,8587.10000
1526205809,8578.10000,8588.30000
1526205810,8578.20000,8588.30000
1526205811,8578.20000,8584.00000
1526205817,8573.70000,8584.00000
1526205819,8578.50000,8587.00000
1526205821,8579.00000,8588.80000
1526205822,8579.00000,8583.10000
1526205824,8579.00000,8586.90000
1526205825,8574.00000,8583.00000
1526205826,8573.80000,8583.00000
1526205828,8578.00000,8583.00000
1526205832,8573.90000,8583.00000
1526205833,8578.00000,8583.00000
1526205834,8578.10000,8588.00000
1526205835,8578.10000,8587.90000
1526205837,8578.40000,8584.70000
1526205838,8578.40000,8584.60000
1526205839,8578.40000,8587.90000
1526205843,8573.80000,8587.90000
1526205844,8573.80000,8584.70000
1526205845,8579.00000,8587.90000
1526205846,8579.00000,8584.60000
1526205850,8575.00000,8584.60000
1526205851,8579.30000,8587.00000
1526205852,8579.30000,8584.60000
1526205853,8575.10000,8587.00000
1526205854,8575.10000,8584.50000
1526205855,8579.60000,8584.50000
1526205856,8579.60000,8587.00000
1526205858,8579.60000,8587.00000
1526205860,8579.90000,8587.00000
1526205861,8579.90000,8583.20000
1526205863,8575.20000,8583.20000
1526205864,8575.50000,8583.20000
1526205866,8575.20000,8583.20000
1526205867,8575.20000,8581.60000
1526205874,8575.20000,8578.20000
1526205875,8575.20000,8575.30000
1526205878,8575.20000,8578.00000
1526205881,8575.20000,8578.00000
1526205882,8575.20000,8575.30000
1526205890,8571.20000,8575.10000
1526205894,8571.20000,8574.70000
1526205898,8571.20000,8571.30000
1526205902,8571.20000,8574.60000
1526205905,8571.20000,8571.30000
1526205918,8570.20000,8571.20000
1526205922,8570.20000,8571.10000
1526205923,8570.40000,8571.10000
1526205926,8570.20000,8571.10000
1526205927,8570.20000,8571.10000
1526205928,8567.00000,8570.00000
1526205937,8567.00000,8570.00000
1526205939,8567.70000,8570.00000
1526205943,8567.00000,8569.90000
1526205947,8567.00000,8568.00000
1526205953,8559.10000,8568.00000
1526205956,8558.00000,8568.00000
1526205958,8561.00000,8568.00000
1526205960,8561.10000,8568.00000
1526205962,8563.70000,8568.00000
1526205963,8561.10000,8568.00000
1526205964,8561.30000,8568.00000
1526205972,8561.30000,8567.50000
1526205974,8559.60000,8567.50000
1526205976,8559.60000,8567.40000
1526205979,8559.60000,8559.70000
1526205983,8559.60000,8566.80000
1526205985,8559.60000,8563.50000
1526205986,8559.60000,8561.20000
1526205987,8559.60000,8566.80000
1526205988,8559.60000,8567.40000
1526205989,8559.60000,8561.10000
1526205992,8559.60000,8567.40000
1526205993,8551.60000,8567.00000
1526205994,8559.60000,8567.00000
1526205995,8551.70000,8561.50000
1526205996,8551.70000,8567.00000
1526205998,8555.00000,8562.60000
1526205999,8561.70000,8567.00000
1526206000,8555.00000,8562.50000
1526206001,8555.10000,8562.50000
1526206003,8555.10000,8567.00000
1526206006,8555.10000,8567.00000
1526206007,8558.00000,8560.40000
1526206008,8558.00000,8566.70000
1526206011,8558.10000,8566.70000
1526206012,8558.10000,8566.60000
1526206014,8558.10000,8562.40000
1526206015,8558.10000,8566.60000
1526206016,8558.10000,8562.00000
1526206018,8558.20000,8561.60000
1526206019,8558.20000,8566.60000
1526206029,8558.20000,8563.80000
1526206030,8558.20000,8566.60000
1526206031,8558.20000,8564.10000
1526206032,8558.20000,8567.30000
1526206033,8558.10000,8567.30000
1526206034,8558.20000,8567.30000
1526206035,8558.30000,8566.30000
1526206037,8558.30000,8567.30000
1526206039,8558.40000,8564.40000
1526206040,8558.40000,8563.40000
1526206041,8558.40000,8567.00000
1526206043,8558.40000,8563.30000
1526206045,8558.40000,8563.30000
1526206048,8558.50000,8563.30000
1526206053,8555.40000,8563.30000
1526206055,8554.40000,8563.30000
1526206056,8555.50000,8563.30000
1526206058,8558.70000,8563.30000
1526206059,8555.50000,8563.20000
1526206060,8555.60000,8563.20000
1526206064,8555.70000,8563.20000
1526206067,8555.70000,8563.10000
1526206069,8554.50000,8563.10000
1526206070,8552.30000,8563.10000
1526206072,8552.30000,8563.00000
1526206078,8552.30000,8560.40000
1526206080,8549.80000,8560.40000
1526206082,8549.80000,8560.40000
1526206084,8549.80000,8560.40000
1526206086,8549.80000,8551.10000
1526206093,8549.80000,8551.00000
1526206095,8549.80000,8550.90000
1526206096,8549.80000,8551.00000
1526206097,8549.80000,8551.10000
1526206099,8549.80000,8550.80000
1526206103,8549.80000,8550.00000
1526206107,8549.90000,8550.00000
1526206112,8549.90000,8551.00000
1526206114,8550.00000,8551.00000
1526206116,8551.00000,8556.90000
1526206117,8550.00000,8556.90000
1526206118,8550.00000,8561.60000
1526206120,8550.00000,8550.90000
1526206122,8550.10000,8550.90000
1526206126,8550.90000,8561.30000
1526206128,8550.20000,8561.30000
1526206130,8550.00000,8560.00000
1526206133,8550.00000,8559.90000
1526206138,8550.00000,8556.80000
1526206139,8550.00000,8559.70000
1526206140,8550.00000,8559.90000
1526206144,8550.00000,8559.80000
1526206147,8550.00000,8550.20000
1526206150,8550.20000,8559.60000
1526206151,8550.00000,8559.60000
1526206153,8550.00000,8559.30000
1526206154,8549.90000,8559.30000
1526206158,8551.00000,8559.20000
1526206161,8551.10000,8559.20000
1526206162,8551.10000,8559.10000
1526206163,8551.10000,8559.10000
1526206168,8551.20000,8559.10000
1526206170,8558.00000,8559.10000
1526206171,8551.30000,8559.10000
1526206172,8557.80000,8559.10000
1526206181,8557.80000,8559.80000
1526206182,8557.90000,8559.80000
1526206185,8558.60000,8559.80000
1526206187,8553.00000,8559.80000
1526206188,8553.10000,8559.80000
1526206189,8558.00000,8559.80000
1526206191,8558.50000,8559.80000
1526206199,8558.10000,8558.60000
1526206200,8553.00000,8558.60000
1526206201,8553.10000,8558.60000
1526206203,8553.10000,8558.50000
1526206205,8554.00000,8558.50000
1526206207,8555.80000,8558.50000
1526206209,8555.80000,8558.20000
1526206211,8555.90000,8558.20000
1526206215,8556.00000,8558.20000
1526206221,8556.00000,8559.80000
1526206225,8556.10000,8559.80000
1526206233,8556.00000,8566.10000
1526206236,8556.00000,8565.80000
1526206238,8556.10000,8565.80000
1526206239,8556.10000,8562.10000
1526206241,8556.00000,8562.10000
1526206250,8556.00000,8562.00000
1526206251,8556.10000,8562.00000
1526206254,8549.50000,8562.00000
1526206256,8559.10000,8562.00000
1526206257,8559.20000,8562.00000
1526206258,8556.10000,8562.00000
1526206259,8556.10000,8562.00000
1526206260,8559.80000,8562.00000
1526206261,8559.90000,8562.00000
1526206262,8560.00000,8562.00000
1526206270,8560.10000,8562.00000
1526206277,8560.00000,8562.00000
1526206284,8560.10000,8562.00000
1526206307,8561.90000,8562.00000
1526206312,8561.90000,8570.00000
1526206316,8561.90000,8566.50000
1526206318,8561.90000,8566.00000
1526206321,8562.00000,8566.00000
1526206322,8562.00000,8567.00000
1526206324,8562.00000,8566.90000
1526206344,8562.10000,8566.90000
1526206345,8562.00000,8566.00000
1526206350,8562.00000,8566.90000
1526206354,8562.00000,8565.50000
1526206357,8562.00000,8566.90000
1526206358,8562.00000,8563.50000
1526206362,8562.00000,8563.40000
1526206398,8561.90000,8563.30000
1526206416,8561.90000,8563.10000
1526206421,8561.90000,8563.30000
1526206423,8561.90000,8563.30000
1526206431,8562.00000,8563.20000
1526206433,8561.90000,8563.20000
1526206434,8562.00000,8563.20000
1526206438,8562.10000,8563.20000
1526206452,8562.10000,8563.20000
1526206461,8562.20000,8563.20000
1526206463,8562.10000,8563.20000
1526206471,8562.20000,8563.20000
1526206489,8562.10000,8563.20000
1526206506,8561.90000,8563.10000
1526206507,8561.90000,8563.20000
1526206508,8561.90000,8563.10000
1526206513,8562.00000,8563.00000
1526206514,8561.90000,8562.50000
1526206515,8562.00000,8563.00000
1526206517,8562.00000,8567.50000
1526206518,8562.00000,8562.90000
1526206568,8561.90000,8562.90000
1526206570,8562.50000,8562.80000
1526206571,8562.50000,8562.90000
1526206572,8561.90000,8562.90000
1526206574,8562.80000,8562.90000
1526206577,8561.90000,8562.90000
1526206582,8562.80000,8562.90000
1526206583,8561.90000,8562.90000
1526206584,8562.80000,8562.90000
1526206588,8562.00000,8562.90000
1526206590,8561.90000,8562.90000
1526206591,8562.80000,8562.90000
1526206592,8561.90000,8562.90000
1526206593,8562.00000,8562.90000
1526206598,8561.90000,8562.90000
1526206599,8561.90000,8562.70000
1526206600,8562.00000,8562.90000
1526206602,8562.30000,8562.90000
1526206603,8562.30000,8569.70000
1526206604,8561.90000,8562.70000
1526206605,8561.90000,8566.00000
1526206607,8561.90000,8562.70000
1526206611,8561.90000,8562.60000
1526206627,8561.90000,8562.50000
1526206629,8561.90000,8562.40000
1526206641,8562.00000,8562.40000
1526206642,8561.90000,8562.40000
1526206643,8561.90000,8562.30000
1526206644,8561.90000,8562.40000
1526206645,8561.90000,8562.40000
1526206647,8561.90000,8562.10000
1526206656,8561.90000,8562.00000
1526206662,8555.40000,8561.90000
1526206663,8555.40000,8561.90000
1526206666,8555.50000,8561.90000
1526206667,8561.60000,8561.90000
1526206669,8555.50000,8561.90000
1526206670,8561.80000,8561.90000
1526206671,8555.60000,8561.90000
1526206672,8555.80000,8561.90000
1526206677,8562.10000,8569.80000
1526206679,8562.10000,8564.60000
1526206680,8562.10000,8566.00000
1526206684,8562.10000,8567.00000
1526206686,8562.10000,8569.90000
1526206687,8556.10000,8561.90000
1526206689,8555.90000,8561.90000
1526206692,8555.60000,8561.90000
1526206693,8555.70000,8561.90000
1526206694,8556.40000,8561.90000
1526206696,8555.80000,8561.90000
1526206698,8556.50000,8561.90000
1526206700,8561.80000,8561.90000
1526206751,8556.50000,8561.90000
1526206753,8561.80000,8561.90000
1526206818,8556.60000,8561.90000
1526206821,8561.80000,8561.90000
1526206852,8561.80000,8561.90000
1526206856,8558.20000,8561.90000
1526206858,8561.80000,8561.90000
1526206859,8558.20000,8561.90000
1526206860,8561.70000,8561.90000
1526206889,8558.30000,8561.80000
1526206892,8558.10000,8559.60000
1526206893,8558.10000,8561.70000
1526206895,8558.10000,8560.30000
1526206896,8558.10000,8560.10000
1526206897,8556.70000,8558.10000
1526206906,8556.80000,8558.10000
1526206909,8556.90000,8558.10000
1526206912,8556.90000,8561.90000
1526206915,8556.90000,8561.80000
1526206917,8556.90000,8558.80000
1526206918,8556.90000,8558.70000
1526206919,8556.90000,8561.80000
1526206922,8556.90000,8558.60000
1526206923,8557.00000,8561.90000
1526206924,8557.00000,8561.80000
1526206925,8557.00000,8559.30000
1526206927,8557.00000,8557.20000
1526206931,8556.90000,8557.20000
1526206936,8556.90000,8557.20000
1526206938,8557.10000,8557.20000
1526206957,8556.90000,8559.30000
1526206958,8556.90000,8557.30000
1526206965,8557.00000,8557.30000
1526206966,8557.10000,8557.30000
1526206967,8556.80000,8557.30000
1526206974,8556.90000,8557.30000
1526206975,8557.00000,8557.30000
1526206976,8556.80000,8557.30000
1526206988,8555.00000,8557.30000
1526206990,8555.10000,8557.20000
1526206994,8555.20000,8557.20000
1526206996,8557.10000,8557.20000
1526206997,8557.10000,8557.30000
1526207006,8557.10000,8560.00000
1526207007,8557.10000,8557.30000
1526207015,8557.20000,8557.30000
1526207026,8557.10000,8557.30000
1526207038,8557.20000,8557.30000
1526207042,8557.20000,8560.00000
1526207047,8557.30000,8560.00000
1526207050,8559.90000,8560.00000
1526207113,8558.10000,8560.00000
1526207115,8558.10000,8559.90000
1526207116,8558.10000,8559.90000
1526207117,8558.10000,8559.00000
1526207118,8558.10000,8560.00000
1526207119,8558.60000,8558.90000
1526207120,8558.10000,8560.00000
1526207121,8558.20000,8558.90000
1526207122,8558.20000,8559.90000
1526207123,8558.20000,8559.90000
1526207124,8558.10000,8559.90000
1526207125,8558.10000,8559.90000
1526207126,8558.10000,8559.90000
1526207127,8558.10000,8559.90000
1526207128,8558.10000,8559.60000
1526207129,8558.10000,8559.50000
1526207130,8558.10000,8559.40000
1526207131,8558.10000,8559.90000
1526207135,8558.10000,8559.50000
1526207136,8558.10000,8559.90000
1526207143,8558.10000,8559.60000
1526207144,8558.20000,8559.40000
1526207145,8558.20000,8559.60000
1526207146,8558.20000,8559.50000
1526207147,8558.10000,8560.00000
1526207153,8558.20000,8560.00000
1526207163,8558.10000,8560.00000
1526207165,8558.10000,8559.70000
1526207167,8558.10000,8560.00000
1526207169,8558.40000,8560.00000
1526207170,8558.70000,8560.00000
1526207175,8559.60000,8560.00000
1526207183,8559.60000,8559.90000
1526207188,8559.80000,8559.90000
1526207191,8559.80000,8560.00000
1526207194,8559.90000,8560.00000
1526207196,8559.60000,8560.00000
1526207198,8559.90000,8560.00000
1526207217,8559.60000,8560.00000
1526207219,8559.60000,8560.00000
1526207220,8559.60000,8559.90000
1526207221,8559.60000,8559.80000
1526207223,8559.60000,8560.00000
1526207225,8559.60000,8559.70000
1526207226,8557.40000,8559.70000
1526207228,8557.40000,8560.00000
1526207230,8557.40000,8559.60000
1526207232,8558.10000,8559.60000
1526207233,8557.40000,8559.60000
1526207234,8558.20000,8559.60000
1526207235,8557.40000,8559.60000
1526207236,8558.30000,8559.60000
1526207238,8558.40000,8560.00000
1526207239,8558.50000,8560.00000
1526207240,8558.50000,8560.00000
1526207241,8558.50000,8559.60000
1526207242,8558.60000,8560.00000
1526207245,8559.00000,8560.00000
1526207249,8558.50000,8560.00000
1526207250,8559.10000,8560.00000
1526207253,8559.20000,8560.00000
1526207264,8559.20000,8559.70000
1526207265,8559.20000,8560.00000
1526207266,8558.50000,8560.00000
1526207267,8558.50000,8560.00000
1526207268,8559.80000,8560.00000
1526207273,8559.90000,8560.00000
1526207283,8559.70000,8560.00000
1526207286,8559.90000,8560.00000
1526207301,8559.70000,8560.00000
1526207302,8559.90000,8560.00000
1526207384,8559.90000,8561.90000
1526207389,8560.00000,8561.90000
1526207441,8559.90000,8561.90000
1526207443,8560.10000,8561.90000
1526207444,8559.90000,8561.90000
1526207446,8560.00000,8561.90000
1526207462,8560.00000,8561.90000
1526207480,8559.90000,8561.90000
1526207483,8560.00000,8561.90000
1526207511,8560.00000,8561.50000
1526207512,8560.10000,8561.90000
1526207513,8560.00000,8561.90000
1526207517,8560.10000,8561.90000
1526207519,8560.10000,8561.30000
1526207522,8560.00000,8561.30000
1526207526,8561.90000,8565.00000
1526207528,8561.90000,8562.40000
1526207530,8561.90000,8562.20000
1526207532,8561.90000,8564.90000
1526207533,8561.90000,8565.00000
1526207534,8561.90000,8564.90000
1526207535,8561.90000,8565.00000
1526207536,8562.10000,8565.00000
1526207537,8562.90000,8565.00000
1526207538,8561.90000,8563.80000
1526207542,8561.90000,8563.80000
1526207557,8561.90000,8563.70000
1526207564,8561.90000,8563.80000
1526207569,8562.00000,8563.80000
1526207586,8562.40000,8563.80000
1526207587,8562.00000,8563.80000
1526207620,8562.00000,8563.70000
1526207626,8562.00000,8563.70000
1526207627,8562.00000,8563.60000
1526207630,8562.00000,8563.70000
1526207632,8562.00000,8562.20000
1526207635,8562.00000,8562.20000
1526207636,8562.10000,8562.20000
1526207638,8562.10000,8562.20000
1526207639,8562.00000,8562.20000
1526207640,8562.10000,8562.20000
1526207641,8562.00000,8562.20000
1526207644,8562.00000,8562.20000
1526207651,8562.00000,8563.70000
1526207652,8562.00000,8562.20000
1526207662,8562.00000,8563.70000
1526207663,8561.90000,8562.00000
1526207677,8561.90000,8562.10000
1526207679,8561.90000,8562.00000
1526207681,8561.90000,8562.10000
1526207683,8561.90000,8562.00000
1526207697,8560.00000,8561.90000
1526207698,8560.00000,8562.00000
1526207702,8560.00000,8561.90000
1526207704,8557.30000,8561.90000
1526207705,8556.90000,8557.30000
1526207706,8556.90000,8561.20000
1526207707,8556.90000,8560.20000
1526207708,8555.00000,8556.80000
1526207709,8555.00000,8557.00000
1526207712,8542.40000,8548.50000
1526207714,8542.40000,8555.40000
1526207715,8542.40000,8552.20000
1526207716,8542.40000,8542.50000
1526207718,8542.40000,8552.10000
1526207719,8542.00000,8552.10000
1526207721,8539.10000,8542.50000
1526207722,8538.10000,8552.00000
1526207723,8539.10000,8552.00000
1526207724,8542.40000,8552.00000
1526207730,8542.40000,8547.30000
1526207731,8542.70000,8547.10000
1526207736,8542.70000,8547.00000
1526207738,8544.30000,8547.00000
1526207746,8544.30000,8552.10000
1526207749,8544.40000,8552.10000
1526207753,8544.40000,8552.20000
1526207754,8544.40000,8552.00000
1526207759,8544.40000,8551.90000
1526207760,8544.70000,8552.00000
1526207764,8544.70000,8551.90000
1526207765,8544.70000,8552.00000
1526207768,8544.70000,8544.90000
1526207777,8544.30000,8544.90000
1526207778,8544.30000,8544.90000
1526207779,8543.90000,8544.90000
1526207780,8543.90000,8544.90000
1526207781,8543.90000,8544.90000
1526207782,8543.90000,8551.80000
1526207783,8543.90000,8544.10000
1526207788,8544.00000,8544.10000
1526207790,8543.90000,8544.10000
1526207793,8543.90000,8544.10000
1526207795,8543.90000,8544.00000
1526207796,8539.70000,8543.90000
1526207799,8539.70000,8542.00000
1526207803,8539.70000,8543.80000
1526207806,8537.90000,8543.80000
1526207815,8537.90000,8538.10000
1526207821,8538.00000,8538.10000
1526207823,8537.90000,8538.10000
1526207825,8538.00000,8538.10000
1526207826,8538.00000,8538.10000
1526207827,8538.00000,8543.90000
1526207832,8537.90000,8543.80000
1526207834,8537.90000,8543.70000
1526207836,8540.80000,8543.70000
1526207839,8540.80000,8543.90000
1526207840,8540.80000,8543.60000
1526207841,8524.50000,8526.00000
1526207844,8524.60000,8526.00000
1526207846,8531.70000,8542.90000
1526207847,8531.70000,8540.80000
1526207849,8531.80000,8540.80000
1526207850,8543.90000,8544.10000
1526207853,8543.90000,8544.00000
1526207856,8537.70000,8544.00000
1526207857,8537.70000,8543.90000
1526207862,8537.80000,8543.90000
1526207864,8540.60000,8543.90000
1526207865,8540.60000,8543.60000
1526207870,8540.60000,8543.90000
1526207872,8540.60000,8543.30000
1526207873,8540.70000,8543.30000
1526207876,8540.10000,8540.60000
1526207878,8540.20000,8540.60000
1526207881,8537.80000,8540.60000
1526207885,8537.90000,8540.60000
1526207887,8537.80000,8540.60000
1526207889,8538.00000,8540.60000
1526207894,8537.70000,8540.60000
1526207907,8537.80000,8540.60000
1526207908,8540.30000,8540.60000
1526207911,8540.40000,8540.60000
1526207922,8537.80000,8540.60000
1526207927,8537.90000,8540.60000
1526207930,8540.50000,8540.60000
1526207944,8541.60000,8543.80000
1526207947,8541.70000,8543.80000
1526207948,8543.70000,8543.80000
1526207951,8543.70000,8544.30000
1526207954,8543.80000,8544.30000
1526207955,8543.90000,8544.30000
1526207962,8544.00000,8544.30000
1526207963,8544.20000,8553.40000
1526207965,8544.20000,8554.00000
1526207967,8544.00000,8554.00000
1526207968,8544.30000,8553.90000
1526207969,8544.30000,8553.10000
1526207970,8547.00000,8553.10000
1526207971,8547.00000,8553.90000
1526207972,8547.10000,8553.90000
1526207973,8547.10000,8554.00000
1526207974,8553.00000,8554.00000
1526207976,8544.20000,8554.00000
1526207978,8544.30000,8554.00000
1526207980,8553.90000,8554.00000
1526208078,8540.60000,8554.00000
1526208080,8553.90000,8554.00000
1526208111,8540.50000,8553.90000
1526208112,8540.50000,8551.00000
1526208115,8540.50000,8550.90000
1526208116,8540.50000,8550.80000
1526208119,8540.50000,8545.10000
1526208122,8540.50000,8545.00000
1526208123,8540.60000,8544.90000
1526208126,8540.60000,8544.90000
1526208128,8540.60000,8543.70000
1526208129,8540.60000,8543.40000
1526208130,8540.60000,8545.00000
1526208131,8540.60000,8550.80000
1526208133,8540.60000,8550.70000
1526208136,8540.50000,8550.70000
1526208138,8540.50000,8546.40000
1526208141,8540.60000,8546.30000
1526208156,8540.40000,8540.80000
1526208160,8540.40000,8540.70000
1526208167,8540.40000,8540.60000
1526208169,8540.40000,8540.50000
1526208174,8538.60000,8540.40000
1526208180,8538.60000,8540.30000
1526208183,8538.60000,8540.10000
1526208185,8538.60000,8540.00000
1526208187,8533.90000,8538.60000
1526208188,8534.30000,8538.60000
1526208191,8534.00000,8538.50000
1526208193,8536.00000,8538.50000
1526208197,8536.10000,8538.50000
1526208198,8535.00000,8538.40000
1526208199,8534.00000,8538.40000
1526208202,8533.90000,8534.00000
1526208220,8533.00000,8533.90000
1526208234,8533.00000,8533.80000
1526208240,8533.00000,8533.70000
1526208247,8533.00000,8533.20000
1526208253,8533.00000,8533.10000
1526208259,8533.00000,8533.20000
1526208263,8533.00000,8533.20000
1526208266,8533.00000,8533.10000
1526208267,8533.00000,8533.20000
1526208269,8533.00000,8533.10000
1526208270,8533.00000,8533.20000
1526208273,8533.10000,8533.20000
1526208274,8533.00000,8533.10000
1526208306,8533.00000,8533.20000
1526208307,8533.00000,8535.00000
1526208308,8533.00000,8533.10000
1526208309,8533.00000,8533.20000
1526208313,8533.00000,8533.10000
1526208329,8530.00000,8533.00000
1526208331,8530.00000,8533.10000
1526208332,8530.00000,8533.00000
1526208334,8530.00000,8532.90000
1526208335,8530.00000,8531.00000
1526208338,8529.00000,8530.20000
1526208340,8529.00000,8530.10000
1526208342,8529.00000,8530.00000
1526208344,8529.00000,8529.40000
1526208345,8529.30000,8529.40000
1526208346,8529.00000,8529.40000
1526208349,8529.00000,8529.40000
1526208351,8529.00000,8529.30000
1526208352,8529.00000,8529.20000
1526208353,8529.10000,8529.20000
1526208358,8529.00000,8529.20000
1526208360,8529.00000,8529.10000
1526208370,8529.00000,8529.20000
1526208375,8529.10000,8529.20000
1526208382,8529.10000,8529.50000
1526208383,8529.10000,8529.30000
1526208394,8529.10000,8529.20000
1526208413,8529.00000,8529.20000
1526208415,8529.00000,8529.10000
1526208417,8529.00000,8529.10000
1526208424,8529.00000,8529.20000
1526208426,8529.00000,8529.10000
1526208503,8535.00000,8535.40000
1526208510,8535.30000,8535.40000
1526208513,8535.00000,8535.40000
1526208515,8535.30000,8535.40000
1526208518,8535.30000,8541.60000
1526208519,8535.00000,8535.50000
1526208521,8535.70000,8537.10000
1526208523,8535.00000,8537.10000
1526208524,8535.40000,8537.10000
1526208525,8535.40000,8537.00000
1526208527,8535.00000,8537.00000
1526208529,8535.00000,8536.90000
1526208531,8535.40000,8536.90000
1526208533,8535.00000,8536.90000
1526208534,8535.00000,8537.00000
1526208539,8535.30000,8537.00000
1526208546,8535.30000,8536.90000
1526208552,8535.30000,8537.00000
1526208558,8535.30000,8536.30000
1526208561,8535.30000,8536.20000
1526208565,8535.30000,8535.40000
1526208601,8535.30000,8536.00000
1526208602,8535.30000,8535.40000
1526208723,8535.30000,8535.60000
1526208726,8535.30000,8536.50000
1526208727,8535.30000,8536.50000
1526208729,8535.30000,8535.40000
1526208732,8535.30000,8536.50000
1526208734,8535.30000,8536.00000
1526208735,8535.40000,8536.00000
1526208736,8535.40000,8536.00000
1526208738,8535.40000,8535.70000
1526208746,8535.40000,8535.60000
1526208759,8535.40000,8535.70000
1526208775,8535.40000,8535.90000
1526208779,8535.40000,8535.60000
1526208784,8535.50000,8536.00000
1526208786,8535.40000,8536.00000
1526208787,8535.50000,8536.00000
1526208790,8535.90000,8536.00000
1526208791,8535.40000,8536.00000
1526208817,8535.50000,8536.00000
1526208829,8535.40000,8536.00000
1526208830,8535.60000,8536.00000
1526208832,8535.70000,8536.00000
1526208834,8535.80000,8536.00000
1526208837,8535.70000,8536.00000
1526208843,8536.00000,8536.50000
1526208845,8536.10000,8536.50000
1526208853,8536.20000,8536.50000
1526208855,8535.60000,8536.00000
1526208857,8535.70000,8536.00000
1526208859,8535.70000,8535.90000
1526208863,8535.60000,8535.90000
1526208865,8535.70000,8535.90000
1526208868,8535.70000,8536.00000
1526208878,8535.70000,8541.60000
1526208880,8535.80000,8541.60000
1526208882,8535.80000,8548.80000
1526208883,8536.00000,8548.80000
1526208884,8536.00000,8549.50000
1526208885,8536.10000,8549.50000
1526208886,8536.00000,8549.40000
1526208887,8536.70000,8551.60000
1526208889,8536.70000,8554.20000
1526208890,8537.00000,8551.90000
1526208891,8551.80000,8551.90000
1526208892,8537.10000,8554.20000
1526208895,8553.30000,8554.20000
1526208896,8537.10000,8554.10000
1526208897,8537.20000,8554.10000
1526208898,8553.10000,8554.10000
1526208899,8553.90000,8554.10000
1526208901,8540.20000,8554.00000
1526208903,8552.50000,8554.00000
1526208904,8552.60000,8554.00000
1526208905,8540.60000,8554.00000
1526208906,8540.60000,8554.00000
1526208908,8540.60000,8551.00000
1526208910,8548.40000,8551.00000
1526208912,8548.40000,8554.00000
1526208918,8548.50000,8554.00000
1526208919,8548.70000,8554.00000
1526208920,8548.70000,8555.60000
1526208921,8548.70000,8553.00000
1526208923,8548.50000,8553.00000
1526208925,8548.40000,8553.00000
1526208926,8549.00000,8558.30000
1526208927,8549.00000,8551.50000
1526208928,8549.00000,8551.40000
1526208930,8540.90000,8551.40000
1526208932,8546.20000,8551.40000
1526208933,8541.00000,8551.40000
1526208935,8541.00000,8549.20000
1526208937,8545.60000,8549.20000
1526208938,8540.60000,8549.20000
1526208940,8540.30000,8549.20000
1526208943,8544.70000,8549.20000
1526208944,8540.60000,8549.20000
1526208945,8544.20000,8549.20000
1526208946,8544.30000,8549.20000
1526208948,8540.70000,8549.10000
1526208949,8544.20000,8549.10000
1526208950,8544.20000,8549.00000
1526208952,8544.20000,8546.60000
1526208953,8540.80000,8546.60000
1526208954,8540.20000,8546.60000
1526208955,8540.30000,8546.60000
1526208956,8540.30000,8549.20000
1526208957,8543.50000,8546.60000
1526208958,8543.70000,8546.60000
1526208961,8543.70000,8549.20000
1526208966,8543.80000,8549.20000
1526208968,8544.00000,8549.20000
1526208971,8543.80000,8549.20000
1526208973,8543.70000,8549.20000
1526208975,8544.10000,8549.20000
1526208978,8544.10000,8545.90000
1526208981,8544.10000,8544.70000
1526208982,8540.30000,8544.70000
1526208983,8540.60000,8545.90000
1526208984,8544.30000,8545.90000
1526208985,8540.60000,8544.10000
1526208986,8540.30000,8544.10000
1526208987,8542.50000,8545.90000
1526208988,8540.30000,8545.90000
1526208990,8540.30000,8545.90000
1526208991,8540.00000,8545.90000
1526208992,8542.30000,8544.70000
1526208993,8540.40000,8544.70000
1526208998,8540.60000,8544.70000
1526209000,8542.20000,8545.90000
1526209001,8537.20000,8545.90000
1526209002,8542.00000,8545.90000
1526209004,8537.30000,8543.60000
1526209006,8537.40000,8543.60000
1526209007,8539.70000,8545.90000
1526209008,8539.70000,8544.00000
1526209009,8539.80000,8544.00000
1526209013,8539.90000,8544.00000
1526209019,8540.00000,8543.10000
1526209021,8540.00000,8544.00000
1526209023,8540.00000,8544.00000
1526209024,8540.00000,8542.50000
1526209025,8539.90000,8543.90000
1526209026,8539.90000,8543.10000
1526209027,8539.70000,8543.00000
1526209028,8539.70000,8544.00000
1526209030,8539.70000,8543.00000
1526209031,8539.80000,8543.00000
1526209033,8539.80000,8544.00000
1526209042,8539.70000,8544.00000
1526209044,8539.90000,8544.00000
1526209051,8539.90000,8543.00000
1526209052,8539.90000,8544.00000
1526209053,8540.00000,8544.00000
1526209058,8540.10000,8544.00000
1526209063,8540.10000,8543.20000
1526209065,8540.10000,8544.00000
1526209069,8540.10000,8543.20000
1526209070,8540.10000,8543.10000
1526209071,8540.10000,8544.00000
1526209073,8540.20000,8544.00000
1526209080,8540.30000,8544.00000
1526209090,8539.70000,8544.00000
1526209093,8540.40000,8544.00000
1526209095,8540.50000,8544.00000
1526209096,8540.50000,8544.00000
1526209104,8539.70000,8544.00000
1526209108,8539.70000,8543.90000
1526209113,8539.70000,8544.00000
1526209120,8539.80000,8543.90000
1526209126,8540.00000,8543.90000
1526209133,8540.10000,8543.90000
1526209138,8540.20000,8543.90000
1526209140,8540.00000,8543.90000
1526209145,8540.10000,8544.00000
1526209151,8540.20000,8544.00000
1526209156,8540.00000,8544.00000
1526209159,8540.30000,8544.00000
1526209166,8540.00000,8544.00000
1526209174,8535.00000,8544.00000
1526209175,8536.50000,8544.00000
1526209176,8543.90000,8544.00000
1526209187,8540.20000,8544.00000
1526209189,8543.90000,8544.00000
1526209218,8540.20000,8544.00000
1526209219,8540.20000,8544.00000
1526209220,8543.90000,8544.00000
1526209357,8552.00000,8553.40000
1526209360,8552.10000,8553.40000
1526209361,8552.10000,8553.10000
1526209362,8552.10000,8552.40000
1526209365,8552.00000,8552.20000
1526209368,8552.00000,8552.20000
1526209369,8552.00000,8552.40000
1526209370,8552.00000,8552.20000
1526209373,8552.00000,8552.20000
1526209374,8552.00000,8552.40000
1526209381,8552.10000,8552.40000
1526209385,8552.30000,8552.40000
1526209406,8543.90000,8550.00000
1526209410,8543.90000,8545.10000
1526209430,8543.90000,8549.60000
1526209431,8543.90000,8549.60000
1526209433,8544.60000,8549.60000
1526209434,8543.90000,8549.60000
1526209435,8544.00000,8545.20000
1526209436,8544.00000,8545.10000
1526209437,8543.90000,8545.10000
1526209438,8543.90000,8549.60000
1526209439,8543.90000,8549.60000
1526209440,8544.30000,8546.00000
1526209441,8543.90000,8549.60000
1526209443,8544.20000,8545.90000
1526209444,8544.20000,8545.80000
1526209445,8543.90000,8545.70000
1526209446,8544.20000,8545.70000
1526209448,8543.90000,8545.70000
1526209465,8544.10000,8545.70000
1526209466,8544.30000,8549.60000
1526209467,8543.90000,8545.30000
1526209468,8544.10000,8549.60000
1526209469,8543.90000,8549.60000
1526209470,8543.90000,8545.10000
1526209471,8543.90000,8549.60000
1526209474,8543.90000,8546.10000
1526209475,8543.90000,8549.60000
1526209476,8543.90000,8546.40000
1526209477,8544.00000,8545.90000
1526209478,8544.20000,8549.60000
1526209480,8544.20000,8546.00000
1526209481,8544.20000,8549.60000
1526209483,8544.20000,8549.60000
1526209485,8544.20000,8549.60000
1526209492,8544.50000,8549.60000
1526209499,8545.50000,8549.60000
1526209500,8545.50000,8550.00000
1526209501,8549.90000,8550.00000
1526209567,8549.90000,8555.10000
1526209570,8550.00000,8555.10000
1526209573,8550.10000,8556.60000
1526209577,8550.20000,8556.60000
1526209579,8550.70000,8556.60000
1526209580,8550.70000,8562.00000
1526209581,8550.70000,8554.30000
1526209582,8550.70000,8562.00000
1526209583,8550.70000,8557.00000
1526209584,8550.70000,8561.90000
1526209589,8550.70000,8561.90000
1526209590,8550.70000,8557.20000
1526209591,8550.70000,8557.10000
1526209592,8550.70000,8561.90000
1526209593,8550.70000,8560.00000
1526209594,8550.70000,8557.20000
1526209595,8550.80000,8557.20000
1526209597,8550.80000,8559.90000
1526209598,8551.10000,8559.90000
1526209601,8551.10000,8560.00000
1526209602,8551.10000,8560.90000
1526209603,8550.90000,8559.90000
1526209604,8551.00000,8559.90000
1526209605,8551.40000,8559.90000
1526209606,8551.40000,8560.90000
1526209607,8556.00000,8560.90000
1526209610,8556.10000,8558.40000
1526209611,8556.10000,8558.40000
1526209612,8556.10000,8560.80000
1526209613,8556.10000,8557.90000
1526209614,8556.00000,8557.90000
1526209615,8556.00000,8560.80000
1526209616,8556.00000,8557.90000
1526209618,8556.00000,8560.80000
1526209619,8556.00000,8561.90000
1526209620,8556.00000,8564.30000
1526209621,8556.10000,8564.80000
1526209626,8556.10000,8564.70000
1526209627,8556.00000,8564.70000
1526209632,8556.40000,8564.70000
1526209633,8556.40000,8561.30000
1526209634,8556.40000,8561.20000
1526209643,8556.00000,8561.20000
1526209646,8556.00000,8561.10000
1526209647,8556.00000,8561.00000
1526209648,8556.00000,8561.10000
1526209653,8556.00000,8561.00000
1526209654,8556.10000,8561.00000
1526209662,8556.00000,8560.90000
1526209669,8556.00000,8561.00000
1526209680,8556.00000,8560.90000
1526209683,8556.00000,8560.80000
1526209685,8556.00000,8560.90000
1526209687,8556.00000,8564.40000
1526209689,8556.00000,8559.00000
1526209690,8556.00000,8564.40000
1526209691,8556.00000,8564.40000
1526209692,8556.00000,8558.80000
1526209693,8556.00000,8564.40000
1526209694,8556.00000,8564.00000
1526209697,8556.00000,8563.90000
1526209701,8556.00000,8564.40000
1526209702,8556.30000,8564.40000
1526209703,8556.30000,8563.80000
1526209705,8556.30000,8563.70000
1526209708,8556.30000,8564.40000
1526209712,8556.30000,8560.90000
1526209713,8556.30000,8561.30000
1526209714,8556.30000,8564.40000
1526209715,8556.30000,8561.20000
1526209716,8556.30000,8564.40000
1526209719,8556.30000,8560.60000
1526209722,8556.00000,8564.30000
1526209728,8556.00000,8561.20000
1526209730,8556.00000,8564.30000
1526209731,8556.00000,8564.40000
1526209732,8556.30000,8564.40000
1526209734,8556.00000,8564.40000
1526209735,8556.60000,8564.40000
1526209747,8550.20000,8564.40000
1526209750,8552.00000,8564.30000
1526209753,8556.90000,8564.00000
1526209755,8552.10000,8564.00000
1526209757,8552.10000,8564.30000
1526209761,8552.40000,8564.30000
1526209762,8552.40000,8564.40000
1526209768,8552.40000,8564.30000
1526209769,8552.30000,8564.30000
1526209772,8552.70000,8564.80000
1526209773,8552.70000,8559.30000
1526209774,8552.70000,8564.80000
1526209776,8552.70000,8564.20000
1526209778,8552.80000,8559.60000
1526209781,8552.80000,8564.20000
1526209793,8552.90000,8564.20000
1526209797,8552.90000,8564.80000
1526209805,8561.20000,8564.80000
1526209810,8561.20000,8563.60000
1526209812,8561.20000,8563.70000
1526209819,8561.20000,8564.80000
1526209820,8561.20000,8563.40000
1526209821,8561.20000,8564.80000
1526209822,8561.20000,8564.80000
1526209827,8561.20000,8564.00000
1526209828,8561.20000,8564.80000
1526209831,8561.20000,8563.90000
1526209832,8561.20000,8564.80000
1526209838,8561.20000,8563.90000
1526209839,8561.20000,8563.70000
1526209840,8561.20000,8564.70000
1526209841,8561.20000,8563.90000
1526209845,8561.20000,8564.70000
1526209850,8561.20000,8563.50000
1526209851,8561.20000,8563.30000
1526209852,8561.20000,8564.70000
1526209854,8561.20000,8563.90000
1526209859,8561.20000,8564.80000
1526209864,8561.20000,8563.90000
1526209867,8561.20000,8563.70000
1526209871,8553.10000,8563.70000
1526209873,8562.70000,8564.80000
1526209877,8565.00000,8565.50000
1526209881,8554.70000,8565.00000
1526209883,8554.80000,8565.00000
1526209884,8554.80000,8565.10000
1526209886,8560.90000,8565.10000
1526209887,8554.80000,8565.10000
1526209888,8554.80000,8565.10000
1526209891,8554.80000,8565.00000
1526209892,8554.90000,8565.00000
1526209915,8555.00000,8565.00000
1526209920,8555.10000,8565.00000
1526209931,8563.50000,8565.00000
1526209932,8562.30000,8565.00000
1526209940,8562.30000,8564.90000
1526209946,8560.00000,8564.90000
1526209947,8555.20000,8564.90000
1526209952,8559.30000,8564.90000
1526209954,8555.30000,8564.90000
1526209956,8559.60000,8564.90000
1526209959,8555.40000,8564.90000
1526209965,8555.50000,8564.90000
1526210018,8555.60000,8564.90000
1526210040,8555.60000,8562.40000
1526210045,8555.60000,8557.00000
1526210046,8555.50000,8557.00000
1526210047,8556.80000,8557.00000
1526210062,8555.50000,8557.00000
1526210063,8556.80000,8557.00000
1526210112,8556.80000,8557.00000
1526210122,8556.80000,8562.40000
1526210127,8556.80000,8558.50000
1526210138,8558.30000,8558.50000
1526210155,8558.30000,8562.40000
1526210157,8558.30000,8563.60000
1526210158,8558.30000,8563.60000
1526210159,8558.30000,8561.00000
1526210162,8558.30000,8560.90000
1526210163,8558.30000,8564.80000
1526210164,8558.30000,8560.20000
1526210165,8558.30000,8564.80000
1526210166,8558.30000,8564.90000
1526210167,8557.00000,8559.90000
1526210169,8558.40000,8564.90000
1526210174,8558.40000,8559.90000
1526210182,8557.00000,8559.90000
1526210183,8559.70000,8559.90000
1526210197,8557.00000,8559.90000
1526210198,8559.70000,8559.90000
1526210216,8557.00000,8559.90000
1526210229,8557.10000,8559.90000
1526210243,8557.00000,8559.90000
1526210244,8557.20000,8559.90000
1526210272,8557.00000,8559.90000
1526210273,8557.30000,8559.90000
1526210299,8557.30000,8560.00000
1526210301,8557.30000,8559.40000
1526210307,8559.20000,8559.40000
1526210311,8559.20000,8559.30000
1526210312,8559.20000,8560.00000
1526210313,8559.20000,8559.30000
1526210317,8557.00000,8559.30000
1526210318,8559.10000,8559.30000
1526210324,8559.20000,8559.30000
1526210326,8559.10000,8559.30000
1526210330,8557.00000,8559.00000
1526210337,8557.00000,8558.90000
1526210339,8557.00000,8559.00000
1526210348,8557.10000,8559.00000
1526210352,8557.10000,8558.50000
1526210353,8557.10000,8558.40000
1526210354,8557.10000,8559.00000
1526210359,8557.10000,8558.60000
1526210360,8557.10000,8557.20000
1526210361,8557.10000,8558.90000
1526210362,8558.40000,8558.90000
1526210363,8558.40000,8559.00000
1526210371,8557.00000,8559.00000
1526210378,8557.10000,8559.00000
1526210386,8552.80000,8559.00000
1526210387,8552.70000,8558.90000
1526210388,8552.70000,8557.20000
1526210389,8557.20000,8558.90000
1526210391,8557.20000,8559.00000
1526210393,8557.30000,8559.00000
1526210405,8552.70000,8559.00000
1526210407,8552.80000,8559.00000
1526210409,8556.00000,8559.00000
1526210413,8556.10000,8559.00000
1526210414,8552.90000,8559.00000
1526210415,8556.10000,8559.00000
1526210417,8553.10000,8559.00000
1526210421,8556.00000,8559.00000
1526210425,8554.00000,8559.00000
1526210426,8556.10000,8559.00000
1526210428,8554.10000,8559.00000
1526210431,8553.40000,8559.00000
1526210432,8556.00000,8559.00000
1526210435,8556.10000,8559.00000
1526210437,8552.70000,8559.00000
1526210438,8556.20000,8559.00000
1526210440,8556.20000,8558.30000
1526210441,8556.20000,8559.00000
1526210442,8556.20000,8559.00000
1526210444,8556.20000,8558.20000
1526210447,8556.20000,8559.00000
1526210448,8556.20000,8558.20000
1526210452,8556.30000,8558.20000
1526210454,8556.30000,8558.10000
1526210468,8556.30000,8558.20000
1526210471,8552.70000,8558.20000
1526210472,8556.40000,8558.20000
1526210479,8556.40000,8559.00000
1526210480,8556.40000,8559.00000
1526210483,8556.50000,8557.20000
1526210484,8556.50000,8559.00000
1526210485,8556.50000,8559.00000
1526210486,8556.50000,8557.70000
1526210497,8556.60000,8557.70000
1526210498,8556.60000,8557.60000
1526210502,8552.70000,8552.90000
1526210514,8549.90000,8552.90000
1526210519,8550.00000,8552.90000
1526210528,8550.10000,8552.90000
1526210532,8550.10000,8552.90000
1526210533,8550.20000,8552.90000
1526210541,8550.30000,8551.00000
1526210543,8550.30000,8552.90000
1526210548,8550.20000,8552.90000
1526210586,8548.40000,8552.90000
1526210589,8550.90000,8552.90000
1526210590,8551.40000,8552.90000
1526210591,8550.20000,8552.90000
1526210592,8551.10000,8552.90000
1526210593,8548.50000,8552.90000
1526210596,8548.40000,8552.90000
1526210597,8548.60000,8552.90000
1526210601,8548.40000,8552.90000
1526210602,8548.70000,8552.90000
1526210604,8550.20000,8552.90000
1526210609,8550.30000,8552.90000
1526210614,8550.40000,8552.90000
1526210619,8550.50000,8552.90000
1526210627,8550.30000,8552.90000
1526210649,8548.40000,8552.90000
1526210651,8548.50000,8552.90000
1526210654,8548.40000,8552.90000
1526210655,8548.60000,8552.90000
1526210657,8548.50000,8552.90000
1526210658,8548.70000,8552.90000
1526210659,8550.10000,8552.90000
1526210662,8548.60000,8552.90000
1526210665,8550.20000,8552.90000
1526210666,8550.20000,8552.90000
1526210667,8551.30000,8552.90000
1526210668,8548.70000,8552.90000
1526210669,8551.40000,8552.90000
1526210670,8552.00000,8552.90000
1526210671,8548.70000,8552.90000
1526210673,8551.60000,8552.90000
1526210674,8548.80000,8552.90000
1526210675,8548.60000,8552.90000
1526210676,8551.70000,8552.90000
1526210678,8548.70000,8552.90000
1526210679,8550.20000,8552.90000
1526210680,8548.60000,8552.90000
1526210681,8550.30000,8552.90000
1526210684,8548.60000,8552.90000
1526210685,8548.70000,8552.90000
1526210686,8549.10000,8552.90000
1526210688,8550.50000,8552.90000
1526210690,8549.10000,8552.90000
1526210692,8550.60000,8552.90000
1526210693,8549.10000,8552.90000
1526210694,8548.60000,8552.90000
1526210695,8548.80000,8552.90000
1526210697,8548.60000,8552.90000
1526210698,8548.90000,8552.90000
1526210701,8549.00000,8552.90000
1526210703,8548.40000,8552.90000
1526210704,8549.10000,8552.90000
1526210708,8552.70000,8552.90000
1526210723,8552.70000,8552.90000
1526210739,8552.80000,8552.90000
1526210742,8552.70000,8552.90000
1526210797,8549.20000,8552.80000
1526210798,8552.70000,8552.80000
1526210803,8552.70000,8552.90000
1526210804,8552.70000,8552.80000
1526210805,8549.10000,8552.80000
1526210807,8552.00000,8552.80000
1526210810,8549.20000,8552.80000
1526210811,8552.10000,8552.90000
1526210812,8552.10000,8552.80000
1526210815,8549.20000,8552.80000
1526210816,8552.60000,8552.90000
1526210817,8552.70000,8552.80000
1526210818,8550.00000,8552.90000
1526210819,8550.00000,8552.90000
1526210820,8551.20000,8552.90000
1526210824,8551.20000,8552.90000
1526210825,8551.30000,8552.90000
1526210826,8551.30000,8557.70000
1526210828,8551.00000,8557.70000
1526210830,8549.20000,8557.70000
1526210834,8551.00000,8557.70000
1526210837,8551.10000,8557.70000
1526210840,8549.20000,8557.70000
1526210841,8549.30000,8557.70000
1526210842,8551.40000,8557.70000
1526210847,8551.50000,8557.70000
1526210849,8551.60000,8557.70000
1526210850,8551.70000,8557.70000
1526210853,8551.60000,8557.70000
1526210854,8551.70000,8557.70000
1526210859,8552.00000,8557.70000
1526210861,8551.80000,8557.70000
1526210864,8552.30000,8557.70000
1526210868,8552.30000,8557.60000
1526210869,8552.40000,8557.60000
1526210870,8552.30000,8557.60000
1526210872,8552.40000,8557.70000
1526210873,8552.40000,8557.50000
1526210874,8551.10000,8557.50000
1526210875,8552.70000,8557.50000
1526210877,8552.50000,8557.50000
1526210878,8551.10000,8557.50000
1526210879,8551.30000,8557.50000
1526210881,8552.00000,8557.50000
1526210885,8552.10000,8557.50000
1526210887,8552.10000,8557.70000
1526210888,8551.50000,8557.70000
1526210890,8552.00000,8557.70000
1526210891,8552.00000,8557.60000
1526210892,8552.00000,8557.20000
1526210893,8552.10000,8557.20000
1526210894,8552.10000,8557.10000
1526210898,8551.00000,8557.10000
1526210899,8551.70000,8557.10000
1526210900,8551.70000,8557.10000
1526210902,8552.10000,8556.80000
1526210904,8552.10000,8556.80000
1526210905,8554.00000,8557.70000
1526210906,8554.10000,8557.70000
1526210907,8552.20000,8557.70000
1526210910,8552.10000,8557.70000
1526210911,8554.90000,8557.70000
1526210912,8554.10000,8557.70000
1526210913,8552.10000,8557.70000
1526210914,8552.20000,8557.60000
1526210915,8552.20000,8557.40000
1526210917,8552.20000,8557.60000
1526210919,8552.20000,8557.30000
1526210922,8552.40000,8557.30000
1526210933,8554.30000,8557.30000
1526210934,8552.40000,8557.30000
1526210936,8554.40000,8557.30000
1526210938,8551.00000,8557.30000
1526210939,8551.10000,8557.30000
1526210942,8552.00000,8557.30000
1526210945,8552.00000,8557.60000
1526210946,8552.10000,8557.60000
1526210948,8552.30000,8557.60000
1526210950,8552.20000,8557.60000
1526210952,8552.30000,8557.60000
1526210957,8552.40000,8557.60000
1526210959,8552.30000,8557.60000
1526210962,8552.60000,8557.60000
1526210967,8554.40000,8557.60000
1526210968,8554.60000,8557.60000
1526210969,8552.60000,8557.60000
1526210970,8555.00000,8557.60000
1526210974,8555.10000,8557.70000
1526210980,8555.20000,8557.70000
1526210985,8555.30000,8559.00000
1526210987,8555.30000,8557.70000
1526210988,8555.30000,8558.90000
1526210989,8555.30000,8557.60000
1526210990,8555.30000,8558.90000
1526210991,8555.30000,8557.70000
1526210994,8555.00000,8557.70000
1526210995,8555.10000,8557.70000
1526211005,8555.20000,8557.70000
1526211009,8551.00000,8557.70000
1526211010,8551.10000,8557.70000
1526211013,8554.10000,8557.70000
1526211014,8551.20000,8557.70000
1526211016,8554.30000,8557.70000
1526211021,8554.40000,8557.70000
1526211036,8554.40000,8562.80000
1526211039,8554.40000,8557.70000
1526211040,8554.50000,8557.70000
1526211041,8554.50000,8562.80000
1526211042,8554.60000,8562.80000
1526211045,8554.60000,8558.50000
1526211046,8554.60000,8558.80000
1526211047,8554.60000,8558.80000
1526211048,8554.60000,8558.60000
1526211052,8554.30000,8558.60000
1526211053,8554.40000,8558.60000
1526211054,8554.70000,8558.60000
1526211060,8554.80000,8558.60000
1526211068,8554.80000,8558.50000
1526211073,8551.10000,8558.50000
1526211074,8551.20000,8558.50000
1526211077,8551.20000,8558.60000
1526211078,8554.60000,8558.60000
1526211081,8551.20000,8558.60000
1526211082,8551.50000,8558.60000
1526211084,8551.10000,8558.50000
1526211085,8554.70000,8558.50000
1526211086,8551.20000,8558.50000
1526211088,8556.60000,8558.50000
1526211089,8553.60000,8558.50000
1526211091,8551.20000,8558.50000
1526211093,8555.50000,8558.50000
1526211094,8551.20000,8558.50000
1526211095,8554.50000,8558.50000
1526211097,8555.60000,8558.50000
1526211098,8555.60000,8558.60000
1526211099,8554.60000,8558.60000
1526211103,8554.70000,8558.60000
1526211116,8554.80000,8558.60000
1526211122,8554.90000,8558.60000
1526211124,8555.00000,8558.60000
1526211127,8556.20000,8558.60000
1526211129,8555.10000,8558.60000
1526211133,8556.50000,8558.60000
1526211134,8555.20000,8558.60000
1526211138,8556.70000,8557.00000
1526211139,8555.00000,8557.00000
1526211140,8555.10000,8557.00000
1526211152,8549.20000,8557.00000
1526211154,8553.40000,8556.90000
1526211155,8549.20000,8557.00000
1526211156,8556.90000,8557.00000
1526211161,8553.60000,8557.00000
1526211162,8553.70000,8557.00000
1526211168,8553.80000,8557.00000
1526211171,8553.90000,8557.00000
1526211179,8554.00000,8557.00000
1526211182,8554.10000,8557.00000
1526211188,8553.80000,8557.00000
1526211191,8553.90000,8557.00000
1526211195,8554.00000,8557.00000
1526211199,8557.00000,8562.80000
1526211203,8557.10000,8562.80000
1526211204,8557.10000,8559.20000
1526211207,8557.10000,8562.80000
1526211208,8557.00000,8562.80000
1526211210,8557.00000,8562.80000
1526211211,8557.00000,8560.40000
1526211215,8557.00000,8560.30000
1526211218,8557.40000,8560.30000
1526211223,8557.40000,8562.80000
1526211224,8557.00000,8562.80000
1526211225,8559.50000,8562.80000
1526211239,8559.50000,8561.70000
1526211240,8557.00000,8559.40000
1526211250,8557.00000,8559.40000
1526211251,8557.10000,8559.40000
1526211252,8557.10000,8565.00000
1526211255,8557.20000,8565.00000
1526211257,8557.30000,8565.00000
1526211259,8564.90000,8565.00000
1526211262,8557.30000,8565.00000
1526211263,8564.90000,8565.00000
1526211265,8557.50000,8565.00000
1526211266,8564.90000,8565.00000
1526211271,8558.10000,8565.00000
1526211273,8564.90000,8565.00000
1526211305,8560.20000,8565.00000
1526211308,8562.10000,8565.00000
1526211311,8562.10000,8564.90000
1526211312,8562.10000,8565.00000
1526211313,8560.30000,8565.00000
1526211314,8560.30000,8564.90000
1526211317,8562.30000,8564.90000
1526211318,8562.60000,8564.90000
1526211320,8560.30000,8564.90000
1526211321,8563.10000,8564.90000
1526211322,8564.70000,8564.90000
1526211324,8564.70000,8565.00000
1526211326,8564.70000,8564.90000
1526211338,8562.10000,8564.90000
1526211339,8564.70000,8564.90000
1526211353,8564.70000,8564.80000
1526211354,8564.70000,8565.00000
1526211361,8564.70000,8564.80000
1526211362,8564.70000,8565.00000
1526211363,8564.70000,8564.80000
1526211368,8564.60000,8564.90000
1526211369,8564.60000,8565.00000
1526211373,8564.60000,8565.00000
1526211376,8564.80000,8565.00000
1526211378,8564.60000,8565.00000
1526211380,8564.70000,8565.00000
1526211384,8564.80000,8565.00000
1526211393,8564.90000,8565.00000
1526211401,8564.90000,8570.00000
1526211404,8565.10000,8570.00000
1526211406,8565.20000,8570.00000
1526211412,8569.80000,8570.00000
1526211426,8565.10000,8570.00000
1526211428,8570.00000,8575.20000
1526211429,8569.80000,8575.20000
1526211437,8569.80000,8573.30000
1526211438,8569.80000,8575.20000
1526211440,8569.80000,8575.10000
1526211441,8565.50000,8575.20000
1526211442,8569.90000,8575.20000
1526211445,8570.00000,8575.20000
1526211449,8570.10000,8575.20000
1526211454,8570.20000,8575.20000
1526211457,8570.30000,8575.20000
1526211459,8571.00000,8575.20000
1526211464,8571.00000,8575.20000
1526211475,8571.10000,8575.20000
1526211478,8571.20000,8572.90000
1526211479,8571.20000,8575.20000
1526211482,8573.40000,8575.20000
1526211483,8571.30000,8575.20000
1526211484,8573.50000,8575.20000
1526211490,8573.50000,8578.20000
1526211492,8573.50000,8578.70000
1526211494,8573.60000,8578.70000
1526211499,8573.70000,8578.70000
1526211503,8573.80000,8578.70000
1526211504,8578.50000,8578.70000
1526211506,8578.50000,8578.60000
1526211507,8578.60000,8580.00000
1526211512,8578.50000,8579.60000
1526211513,8578.50000,8580.00000
1526211515,8578.50000,8578.70000
1526211516,8578.50000,8580.00000
1526211517,8579.90000,8580.00000
1526211537,8579.80000,8580.00000
1526211540,8579.80000,8585.00000
1526211541,8579.80000,8580.00000
1526211544,8579.80000,8585.00000
1526211545,8579.80000,8585.00000
1526211546,8579.80000,8579.90000
1526211547,8579.80000,8585.00000
1526211548,8579.80000,8585.00000
1526211550,8580.20000,8585.00000
1526211551,8579.80000,8584.90000
1526211552,8578.50000,8584.90000
1526211553,8581.50000,8584.90000
1526211554,8573.80000,8583.10000
1526211555,8581.90000,8584.90000
1526211556,8581.90000,8584.20000
1526211557,8582.30000,8584.20000
1526211570,8582.90000,8584.10000
1526211572,8582.90000,8584.20000
1526211577,8582.90000,8585.90000
1526211578,8583.20000,8585.90000
1526211580,8582.30000,8585.10000
1526211581,8583.50000,8585.90000
1526211583,8582.30000,8584.50000
1526211584,8583.20000,8585.90000
1526211585,8583.30000,8585.90000
1526211587,8582.30000,8585.90000
1526211588,8583.40000,8584.60000
1526211589,8582.30000,8584.60000
1526211590,8584.10000,8584.60000
1526211591,8582.30000,8584.60000
1526211594,8580.00000,8584.60000
1526211595,8580.00000,8584.10000
1526211596,8582.00000,8584.00000
1526211597,8580.00000,8581.30000
1526211599,8580.00000,8580.10000
1526211602,8573.50000,8580.10000
1526211606,8573.50000,8580.00000
1526211607,8573.60000,8579.10000
1526211608,8573.60000,8579.10000
1526211609,8573.60000,8573.70000
1526211610,8573.60000,8575.90000
1526211612,8573.80000,8575.90000
1526211614,8573.60000,8575.30000
1526211622,8573.50000,8575.30000
1526211623,8575.10000,8575.30000
1526211643,8575.10000,8575.30000
1526211646,8575.20000,8575.30000
1526211647,8575.10000,8575.30000
1526211655,8575.10000,8575.20000
1526211656,8575.10000,8575.30000
1526211660,8575.10000,8575.30000
1526211677,8575.10000,8575.20000
1526211682,8575.00000,8575.20000
1526211699,8575.00000,8575.20000
1526211700,8575.00000,8575.30000
1526211701,8575.00000,8575.20000
1526211702,8575.10000,8575.20000
1526211705,8575.00000,8575.20000
1526211712,8575.00000,8575.10000
1526211728,8574.90000,8575.10000
1526211742,8574.90000,8575.10000
1526211781,8574.90000,8575.00000
1526211787,8573.50000,8575.00000
1526211789,8574.80000,8575.00000
1526211809,8574.90000,8575.00000
1526211843,8573.50000,8574.70000
1526211844,8573.50000,8575.00000
1526211846,8573.50000,8574.40000
1526211855,8573.50000,8575.00000
1526211856,8570.10000,8573.00000
1526211859,8566.70000,8569.80000
1526211860,8566.70000,8570.10000
1526211861,8566.40000,8570.10000
1526211862,8565.00000,8569.80000
1526211863,8565.00000,8569.40000
1526211867,8565.00000,8565.10000
1526211870,8565.00000,8569.30000
1526211871,8565.00000,8569.40000
1526211873,8565.00000,8565.10000
1526211901,8559.80000,8565.10000
1526211904,8559.80000,8565.00000
1526211906,8559.80000,8560.90000
1526211907,8559.80000,8564.10000
1526211908,8559.90000,8564.10000
1526211909,8559.90000,8560.90000
1526211911,8559.90000,8560.80000
1526211915,8559.90000,8560.00000
1526211923,8559.80000,8560.00000
1526211938,8553.80000,8560.00000
1526211940,8552.80000,8560.00000
1526211941,8552.90000,8560.00000
1526211944,8553.00000,8560.00000
1526211948,8553.00000,8558.30000
1526211950,8553.30000,8560.00000
1526211952,8555.00000,8560.00000
1526211955,8555.10000,8560.00000
1526211960,8555.00000,8560.00000
1526211962,8553.40000,8560.00000
1526211963,8553.40000,8559.70000
1526211964,8556.70000,8559.70000
1526211965,8544.20000,8559.70000
1526211966,8544.20000,8559.70000
1526211967,8544.30000,8559.70000
1526211968,8544.40000,8559.70000
1526211969,8551.00000,8559.70000
1526211970,8553.00000,8559.70000
1526211972,8549.10000,8559.70000
1526211973,8549.10000,8559.60000
1526211977,8545.60000,8559.60000
1526211979,8553.60000,8559.60000
1526211980,8549.20000,8559.60000
1526211981,8549.20000,8559.60000
1526211982,8552.90000,8559.60000
1526211984,8549.30000,8559.60000
1526211988,8550.00000,8559.60000
1526211990,8549.30000,8559.60000
1526211993,8549.40000,8559.60000
1526211995,8550.00000,8559.60000
1526211997,8550.10000,8559.60000
1526211999,8550.20000,8559.60000
1526212002,8550.30000,8559.60000
1526212006,8550.30000,8556.80000
1526212010,8552.60000,8556.80000
1526212013,8552.70000,8556.60000
1526212021,8552.70000,8556.50000
1526212032,8549.70000,8556.50000
1526212033,8549.80000,8556.50000
1526212036,8550.00000,8556.50000
1526212038,8552.30000,8556.50000
1526212039,8556.80000,8559.90000
1526212040,8552.30000,8559.90000
1526212041,8559.90000,8560.00000
1526212042,8552.40000,8560.00000
1526212046,8552.50000,8560.00000
1526212049,8552.70000,8560.00000
1526212051,8552.60000,8560.00000
1526212054,8552.30000,8560.00000
1526212056,8552.40000,8560.00000
1526212057,8552.40000,8559.90000
1526212062,8552.90000,8559.90000
1526212064,8552.90000,8560.00000
1526212065,8553.20000,8560.00000
1526212067,8555.50000,8560.00000
1526212068,8555.50000,8559.90000
1526212069,8553.20000,8559.90000
1526212070,8555.60000,8559.90000
1526212071,8553.20000,8559.90000
1526212072,8553.20000,8559.40000
1526212074,8553.30000,8559.40000
1526212076,8548.30000,8559.40000
1526212077,8548.30000,8559.40000
1526212078,8554.80000,8559.40000
1526212079,8550.00000,8559.40000
1526212080,8554.40000,8559.40000
1526212081,8550.10000,8559.40000
1526212082,8554.00000,8559.40000
1526212083,8548.30000,8559.40000
1526212084,8550.10000,8559.40000
1526212087,8553.50000,8559.40000
1526212089,8553.80000,8559.40000
1526212090,8550.20000,8559.40000
1526212091,8554.10000,8559.40000
1526212094,8554.30000,8559.40000
1526212096,8554.40000,8559.40000
1526212102,8554.40000,8559.40000
1526212103,8556.00000,8559.40000
1526212106,8556.10000,8559.40000
1526212110,8556.10000,8560.90000
1526212111,8556.20000,8560.90000
1526212113,8556.10000,8560.90000
1526212114,8556.10000,8559.70000
1526212116,8556.20000,8559.30000
1526212122,8556.90000,8559.30000
1526212123,8556.90000,8560.90000
1526212124,8557.40000,8560.90000
1526212125,8556.20000,8558.80000
1526212128,8556.20000,8560.90000
1526212129,8556.60000,8558.60000
1526212130,8556.20000,8560.90000
1526212131,8556.60000,8560.90000
1526212132,8556.70000,8560.90000
1526212134,8556.30000,8560.90000
1526212135,8556.20000,8560.90000
1526212137,8557.60000,8560.90000
1526212138,8554.70000,8559.40000
1526212139,8554.30000,8559.40000
1526212140,8554.80000,8559.40000
1526212143,8556.20000,8559.40000
1526212144,8556.30000,8558.70000
1526212145,8554.40000,8558.60000
1526212146,8556.50000,8558.60000
1526212147,8556.60000,8558.60000
1526212148,8557.00000,8558.60000
1526212149,8557.00000,8558.70000
1526212153,8557.00000,8558.70000
1526212156,8557.00000,8558.60000
1526212193,8557.00000,8559.40000
1526212195,8557.00000,8558.50000
1526212200,8557.00000,8558.40000
1526212201,8557.00000,8557.10000
1526212220,8548.40000,8557.00000
1526212221,8548.40000,8556.90000
1526212222,8548.30000,8557.00000
1526212223,8546.60000,8557.00000
1526212225,8546.70000,8557.00000
1526212226,8546.70000,8549.30000
1526212229,8546.70000,8546.80000
1526212244,8546.70000,8546.80000
1526212245,8546.80000,8548.50000
1526212250,8546.80000,8546.90000
1526212260,8540.40000,8546.90000
1526212263,8540.40000,8546.80000
1526212264,8540.50000,8546.80000
1526212265,8540.50000,8546.90000
1526212266,8540.50000,8546.50000
1526212267,8540.50000,8541.80000
1526212268,8536.40000,8540.40000
1526212269,8536.60000,8540.40000
1526212271,8538.70000,8540.40000
1526212272,8536.60000,8540.40000
1526212273,8536.60000,8539.60000
1526212274,8539.10000,8539.60000
1526212275,8536.70000,8539.60000
1526212278,8539.50000,8539.60000
1526212279,8536.70000,8539.50000
1526212280,8538.40000,8539.50000
1526212281,8536.70000,8539.20000
1526212282,8536.70000,8539.50000
1526212283,8535.20000,8538.90000
1526212285,8536.30000,8538.90000
1526212286,8536.40000,8539.50000
1526212287,8536.40000,8540.40000
1526212294,8536.50000,8539.60000
1526212296,8536.60000,8539.60000
1526212304,8536.60000,8537.40000
1526212305,8535.10000,8536.50000
1526212309,8535.10000,8536.40000
1526212310,8535.10000,8535.60000
1526212313,8535.40000,8536.40000
1526212314,8535.40000,8536.50000
1526212316,8535.40000,8536.20000
1526212317,8535.40000,8536.50000
1526212318,8535.40000,8536.10000
1526212323,8535.40000,8536.00000
1526212327,8535.10000,8535.80000
1526212328,8535.50000,8535.80000
1526212331,8535.00000,8535.80000
1526212334,8535.00000,8535.70000
1526212343,8535.00000,8535.10000
1526212360,8535.10000,8536.00000
1526212361,8535.00000,8536.00000
1526212362,8535.20000,8536.00000
1526212364,8535.00000,8536.00000
1526212374,8535.10000,8536.00000
1526212385,8535.20000,8536.00000
1526212387,8535.20000,8536.00000
1526212395,8535.30000,8536.00000
1526212396,8535.40000,8536.00000
1526212404,8535.50000,8536.00000
1526212409,8535.60000,8536.00000
1526212414,8535.70000,8536.00000
1526212420,8535.80000,8536.00000
1526212424,8535.90000,8536.00000
1526212449,8536.00000,8540.20000
1526212452,8540.10000,8540.20000
1526212455,8540.10000,8543.90000
1526212459,8540.20000,8543.90000
1526212463,8540.20000,8546.50000
