time,bid,ask
1526988800,12.700300,12.729500
1526988804,12.700300,12.729400
1526988805,12.700300,12.729300
1526988806,12.700400,12.729300
1526988808,12.700400,12.729200
1526988809,12.700400,12.729100
1526988810,12.700400,12.729000
1526988813,12.700400,12.728900
1526934189,13.286000,13.355700
1527010648,12.829000,12.900000
1526988818,12.663900,12.729500
1526988819,12.665100,12.729600
1526988825,12.662500,12.729600
1526988830,12.662600,12.729600
1526988832,12.662700,12.729600
1526988834,12.662900,12.729600
1526988839,12.663200,12.729600
1526988840,12.663300,12.729600
1526988841,12.664800,12.729600
1526988844,12.664900,12.729600
1526988846,12.664900,12.729700
1526988847,12.664900,12.749200
1526988849,12.665100,12.749100
1526988852,12.665200,12.749100
1526988856,12.665300,12.765300
1526988859,12.665400,12.765300
1526988860,12.665400,12.783400
1526988862,12.665800,12.765200
1526988863,12.665900,12.765200
1526988865,12.665900,12.783000
1526988867,12.665900,12.765100
1526988869,12.665900,12.764500
1526988871,12.666000,12.764500
1526988874,12.666000,12.764200
1526988877,12.666000,12.764000
1526988881,12.677800,12.764000
1526988884,12.677800,12.764100
1526988890,12.678000,12.764100
1526988891,12.677900,12.764000
1526988893,12.678100,12.764000
1526988894,12.678000,12.764000
1526988896,12.677800,12.764000
1527021584,12.630000,12.679100
1526988898,12.678300,12.764000
1526988901,12.678100,12.764000
1526988902,12.677800,12.764000
1526988908,12.677800,12.764100
1526988910,12.677800,12.764000
1526988911,12.677800,12.763900
1526988912,12.671500,12.763900
1526988913,12.671500,12.763800
1526988915,12.671500,12.763700
1526988917,12.671400,12.763700
1526988918,12.671400,12.763500
1526988922,12.665200,12.763400
1526988923,12.680000,12.763300
1526988924,12.680000,12.763400
1526988925,12.680000,12.763000
1526988933,12.680000,12.763200
1527021592,12.630000,12.679900
1526988948,12.680100,12.763100
1526988965,12.680100,12.763200
1527010673,12.829400,12.900000
1526988969,12.680200,12.763200
1526988974,12.680400,12.763200
1526988976,12.680400,12.764100
1526988977,12.680400,12.763100
1526988979,12.680400,12.763000
1526988980,12.680500,12.763000
1527021598,12.630100,12.679900
1526988982,12.680700,12.764200
1526988983,12.680700,12.762900
1526988984,12.680800,12.762900
1526988987,12.680900,12.762900
1526988988,12.680900,12.762600
1526988990,12.680900,12.762500
1526988991,12.710000,12.762500
1527021601,12.630100,12.679800
1527021602,12.640000,12.679800
1526989009,12.710100,12.762600
1526989012,12.710100,12.762500
1526989023,12.710100,12.792600
1526989024,12.710100,12.792500
1526989025,12.710000,12.762400
1526977915,12.940000,12.993300
1526989032,12.711000,12.762300
1526989037,12.711000,12.778500
1526989039,12.711000,12.778400
1526989043,12.711000,12.778600
1526989044,12.711000,12.778300
1526989046,12.711000,12.792100
1527021609,12.640100,12.689900
1526989048,12.711100,12.792000
1526989049,12.711100,12.778200
1526989051,12.711100,12.791900
1526989056,12.711100,12.791800
1526989057,12.711000,12.791800
1527021611,12.623000,12.687000
1526989062,12.711000,12.791600
1527010689,12.825500,12.910000
1526989064,12.711000,12.791500
1526989066,12.711000,12.791400
1526989067,12.710000,12.791400
1526989068,12.710000,12.791300
1526989070,12.710000,12.791200
1526989071,12.711100,12.791200
1526989073,12.711100,12.791100
1526989076,12.711100,12.791000
1526989079,12.711100,12.790900
1526989082,12.711400,12.790800
1526989084,12.711400,12.790700
1526989086,12.711400,12.790600
1527010693,12.825600,12.910000
1526989088,12.711400,12.790500
1527021616,12.630000,12.687000
1526989092,12.711400,12.790400
1526989094,12.711400,12.790400
1526989096,12.711400,12.790500
1526989097,12.711400,12.790400
1526989100,12.711400,12.790100
1527021618,12.630100,12.687000
1526989102,12.711400,12.790000
1526989107,12.711600,12.790000
1526989110,12.711600,12.789900
1526989111,12.711600,12.789800
1526989114,12.711600,12.789700
1526989115,12.711600,12.789600
1526989116,12.711600,12.789700
1526989117,12.711600,12.789600
1526989120,12.711600,12.789500
1526989122,12.711600,12.789400
1526989124,12.711600,12.789300
1526989125,12.711600,12.789200
1526989127,12.711600,12.789100
1526989131,12.711600,12.789000
1526989137,12.711600,12.788900
1526989143,12.711600,12.788800
1526989145,12.711600,12.788900
1526989146,12.711600,12.788700
1526989151,12.711600,12.788600
1526989153,12.711800,12.788600
1526989158,12.711800,12.802600
1526989161,12.712000,12.802600
1526989162,12.712000,12.802400
1526989163,12.712000,12.802300
1526989165,12.712000,12.802200
1526989167,12.800000,12.802200
1526989168,12.800000,12.802100
1526934248,13.280800,13.340000
1527021630,12.630000,12.686800
1526989178,12.800000,12.802000
1527010710,12.826000,12.910000
1526989190,12.711700,12.798000
1526989191,12.711800,12.798000
1526989193,12.711900,12.798000
1526989195,12.711800,12.798000
1526989197,12.712000,12.798000
1526989198,12.711800,12.797900
1526989200,12.711800,12.797900
1526989201,12.711800,12.797900
1526989202,12.712200,12.797900
1526989206,12.712400,12.797900
1527021636,12.640000,12.686800
1526989210,12.712500,12.797900
1526989211,12.712400,12.797900
1526989212,12.712600,12.797900
1527010714,12.826100,12.900000
1526989214,12.712700,12.797900
1526989215,12.712700,12.815400
1526989216,12.712800,12.815400
1526989217,12.712800,12.815300
1526989219,12.712700,12.815300
1526989220,12.712900,12.815300
1526989221,12.712800,12.815300
1526989222,12.713000,12.815200
1527010716,12.826100,12.899900
1526989226,12.713100,12.815200
1526989227,12.713700,12.815300
1526999794,12.859100,12.904300
1526989230,12.713800,12.815300
1526989231,12.713700,12.816200
1526989232,12.713900,12.816200
1526989233,12.714100,12.816200
1526989236,12.714200,12.816300
1526989238,12.714300,12.816300
1526989242,12.714400,12.816300
1526989244,12.714500,12.816300
1527021642,12.640300,12.686700
1526989246,12.714600,12.816300
1526989248,12.714700,12.816300
1526989249,12.714800,12.816300
1526989252,12.714900,12.816300
1526989253,12.715100,12.816300
1527010721,12.826100,12.909900
1526989256,12.715200,12.816300
1526989257,12.715100,12.816300
1526989258,12.715200,12.816300
1526989259,12.715700,12.816300
1526989261,12.715800,12.816300
1526989262,12.715900,12.816300
1526989263,12.715700,12.816300
1526989264,12.715900,12.816300
1526989266,12.716000,12.816300
1526989269,12.716000,12.816300
1526989271,12.716100,12.816300
1526989273,12.716400,12.816300
1526989274,12.716700,12.816300
1526989275,12.716800,12.816300
1527010725,12.826200,12.900000
1526989281,12.717200,12.816300
1526989284,12.717300,12.816300
1526989286,12.717900,12.816300
1526989288,12.717900,12.816200
1526989292,12.717900,12.816100
1526989293,12.718000,12.816100
1526989294,12.718000,12.816000
1526989296,12.718000,12.815900
1526989297,12.718300,12.816000
1526989298,12.718300,12.815800
1526989299,12.730700,12.815800
1526989301,12.730800,12.815800
1527010729,12.826400,12.900000
1526989304,12.731000,12.815700
1526989305,12.731100,12.815700
1526989306,12.731100,12.815600
1527021653,12.640000,12.687500
1526989312,12.731100,12.816300
1526989314,12.731100,12.816300
1526989317,12.731000,12.816300
1526989319,12.731300,12.816200
1526989332,12.731600,12.816200
1526989336,12.731600,12.816000
1526989338,12.731600,12.815900
1527010735,12.826400,12.909800
1526989340,12.731100,12.815900
1526989342,12.731000,12.815900
1526989345,12.731100,12.815900
1526989351,12.731000,12.815900
1526989352,12.731300,12.815900
1526989353,12.731300,12.815600
1526989355,12.731400,12.815500
1526989356,12.731300,12.815500
1527010738,12.826400,12.919100
1526989358,12.731400,12.816300
1526989359,12.731400,12.815400
1526989362,12.731500,12.815400
1526989365,12.731000,12.815400
1526989366,12.731600,12.816300
1526989367,12.731600,12.815300
1526989368,12.731100,12.816300
1526989369,12.731700,12.815200
1526989372,12.731100,12.815200
1526989374,12.731200,12.815200
1526989376,12.731300,12.816300
1526989378,12.731500,12.816300
1526989382,12.731800,12.816300
1526989385,12.732100,12.816300
1526989391,12.732200,12.816300
1526989395,12.732600,12.816300
1526989398,12.732600,12.816000
1526989399,12.732700,12.816000
1526989401,12.732900,12.816000
1526989403,12.733000,12.816000
1526989405,12.733100,12.816000
1526989409,12.733200,12.816000
1526989412,12.733300,12.816000
1526989413,12.733500,12.816000
1526989415,12.733500,12.816300
1526989416,12.733600,12.816300
1526989419,12.733700,12.816300
1526989422,12.734000,12.816300
1526989424,12.734100,12.816300
1526989428,12.734400,12.816300
1527021673,12.630000,12.687400
1526989432,12.734500,12.816300
1526989434,12.734700,12.816300
1526989435,12.734800,12.816300
1527021674,12.630400,12.687300
1526989440,12.734900,12.816300
1526989441,12.735200,12.816300
1526989445,12.735300,12.816300
1526989451,12.735400,12.816300
1526989454,12.735500,12.816300
1526989458,12.735600,12.816300
1526989462,12.735700,12.816300
1526989467,12.735800,12.816300
1526989472,12.740500,12.816300
1526989475,12.740600,12.816300
1526989476,12.740900,12.816300
1526989479,12.741000,12.816300
1526989482,12.741200,12.816300
1526989493,12.740900,12.816300
1526989497,12.741000,12.816300
1526989498,12.741200,12.816300
1526989499,12.741200,12.816000
1526989500,12.741300,12.816000
1526989502,12.741400,12.816000
1526989510,12.741500,12.816000
1526989512,12.750000,12.816000
1526989518,12.750100,12.816000
1526989519,12.750100,12.816300
1526989521,12.750200,12.816300
1526962364,12.970300,13.025800
1526989526,12.750300,12.816300
1526989531,12.750400,12.816300
1527021690,12.630100,12.687100
1526989539,12.750700,12.816300
1526989546,12.751000,12.816300
1526934311,13.282700,13.340000
1526989548,12.751100,12.816300
1526962365,12.959200,13.025800
1527010771,12.826000,12.909900
1526989561,12.751200,12.816300
1526989562,12.751300,12.816300
1527021695,12.640000,12.687000
1526989565,12.751900,12.816300
1526989568,12.752000,12.816300
1526989569,12.752100,12.816300
1526989574,12.752200,12.816300
1526989575,12.752300,12.816300
1526989577,12.752400,12.816300
1527010775,12.826400,12.920800
1526989580,12.752500,12.816300
1526989583,12.752600,12.816300
1527010776,12.826400,12.920700
1526989587,12.752700,12.816300
1526989588,12.752800,12.816300
1526989589,12.753200,12.816300
1527010777,12.826400,12.909700
1526989592,12.753300,12.816300
1526989595,12.753600,12.816300
1526989596,12.753700,12.816300
1526989597,12.754000,12.816300
1526989599,12.754100,12.816300
1526989601,12.754300,12.816300
1526989603,12.754400,12.816300
1526989604,12.754500,12.816300
1527021702,12.630100,12.687000
1526989607,12.754600,12.816300
1526989608,12.754600,12.816300
1526989609,12.754700,12.816300
1526989612,12.754800,12.816300
1526989613,12.754900,12.816300
1526989614,12.755200,12.816300
1526989617,12.755300,12.816300
1526989619,12.755700,12.816300
1526989621,12.755800,12.816300
1526989624,12.755900,12.816300
1526989625,12.756000,12.816300
1526989627,12.756500,12.816300
1526989630,12.756600,12.816300
1526989632,12.756700,12.816300
1526989635,12.756800,12.816300
1526934326,13.283100,13.340000
1526989638,12.756900,12.816300
1526978017,12.940000,12.992900
1526989641,12.757000,12.816300
1526989642,12.757200,12.816300
1526989643,12.757300,12.816300
1526989646,12.757400,12.816300
1526989650,12.757500,12.816300
1527021710,12.640000,12.686900
1526989654,12.757600,12.816300
1526989656,12.757700,12.816300
1527010788,12.826300,12.909900
1526989658,12.757800,12.816300
1526989659,12.757900,12.816300
1526989660,12.757800,12.816300
1526989661,12.757900,12.816300
1526989663,12.758100,12.816300
1526989665,12.758200,12.816300
1526989668,12.758300,12.816300
1526989669,12.758400,12.816300
1526989671,12.758500,12.816300
1526989673,12.758600,12.816300
1526989675,12.758700,12.816300
1526934333,13.283400,13.340000
1526989680,12.758800,12.816300
1526989683,12.758900,12.816300
1526989685,12.759000,12.816300
1526989688,12.759100,12.816300
1526989690,12.759200,12.816300
1526989692,12.759300,12.816300
1527021717,12.630000,12.686800
1526989696,12.759400,12.816300
1526989699,12.759500,12.816300
1526989701,12.759600,12.816300
1526989702,12.759700,12.816300
1526989704,12.759800,12.816300
1526989705,12.759900,12.816300
1526989707,12.760400,12.816300
1526989711,12.760500,12.816300
1526989716,12.760600,12.816300
1526989719,12.760700,12.816300
1526989721,12.760800,12.816300
1526989722,12.761100,12.816300
1526989724,12.761200,12.816300
1526989726,12.766700,12.816300
1526989727,12.766800,12.816300
1526989729,12.767200,12.816300
1526989732,12.767500,12.816300
1526999878,12.841100,12.904200
1526989734,12.767600,12.816300
1526989735,12.768100,12.816300
1526989738,12.768200,12.816300
1526989739,12.768300,12.816300
1526989741,12.768400,12.816300
1526989743,12.768500,12.816300
1526989744,12.768600,12.816300
1526989746,12.768700,12.816300
1526989748,12.768800,12.816300
1527021726,12.640000,12.686600
1526989750,12.769100,12.816300
1526989752,12.769200,12.816300
1526989754,12.769300,12.816300
1526989755,12.769600,12.816300
1526989757,12.769700,12.816300
1526989758,12.769800,12.816300
1526989759,12.769900,12.816300
1526989762,12.770400,12.816300
1526989765,12.770700,12.816300
1526989766,12.770800,12.816300
1527030540,12.183700,12.281500
1526989768,12.771000,12.816300
1526989772,12.771100,12.816300
1527021730,12.630100,12.686600
1526989777,12.771400,12.816300
1526989779,12.771500,12.816300
1526989782,12.771600,12.816300
1526989784,12.771700,12.816300
1526989787,12.771800,12.816300
1526989788,12.772400,12.816300
1526989791,12.772600,12.816300
1526989795,12.772800,12.816300
1526989797,12.772900,12.816300
1526989798,12.773000,12.816300
1526989801,12.773100,12.816300
1526989804,12.773200,12.816300
1526989806,12.773300,12.816300
1526989807,12.800000,12.816300
1527021736,12.630700,12.686500
1526989816,12.800100,12.816300
1526934358,13.284300,13.340000
1526945281,13.406100,13.482900
1526999896,12.837400,12.891600
1527010823,12.826400,12.909800
1527021749,12.640000,12.686200
1526989888,12.800200,12.816300
1526978063,12.940200,12.992800
1527019116,12.629800,12.693200
1527021755,12.620300,12.686100
1526989933,12.800300,12.816300
1526989936,12.800400,12.816300
1526989946,12.800300,12.816300
1527021760,12.630000,12.686000
1527010840,12.825000,12.909300
1526989997,12.800000,12.816300
1527010852,12.825000,12.909900
1526990048,12.800000,12.816000
1526990050,12.800000,12.816300
1526990053,12.800000,12.815900
1526990056,12.800000,12.816000
1526934397,13.285100,13.340000
1526990065,12.800000,12.815900
1526990071,12.800000,12.815800
1526934399,13.285200,13.340000
1526990095,12.800000,12.815700
1526990096,12.750000,12.799700
1527021784,12.620400,12.685700
1526990098,12.750000,12.799600
1526990099,12.750000,12.798700
1526990100,12.750000,12.798600
1526990105,12.750000,12.790000
1526990107,12.750000,12.789900
1526990111,12.750000,12.789800
1526990112,12.750000,12.789700
1526990118,12.750000,12.789600
1526990121,12.750000,12.789500
1526990124,12.750100,12.789400
1526990131,12.750100,12.789300
1526990137,12.750100,12.789200
1526990140,12.750100,12.789100
1526990141,12.728500,12.789100
1526940562,13.246100,13.323600
1526990143,12.728500,12.789000
1526990145,12.728500,12.788900
1526990151,12.728500,12.788800
1527030979,12.168900,12.227900
1526990157,12.728500,12.788700
1526990162,12.728500,12.788600
1526990165,12.728500,12.788500
1526990170,12.728500,12.788400
1526990172,12.728500,12.788300
1526990174,12.728500,12.788400
1526990177,12.728500,12.788300
1526990182,12.728500,12.788200
1526990183,12.728500,12.788100
1526990186,12.728500,12.788000
1526990189,12.728500,12.787900
1527010877,12.825100,12.909000
1526990192,12.728500,12.787700
1526990195,12.728500,12.787600
1526940564,13.246100,13.323500
1526990206,12.714400,12.787600
1527010881,12.825200,12.909000
1526990217,12.714600,12.787600
1526990218,12.725300,12.787600
1526979042,12.908300,12.948600
1526951476,12.962900,12.993100
1526990224,12.725300,12.787500
1526934424,13.285900,13.340000
1526990233,12.725300,12.787500
1526990248,12.725300,12.787400
1526990249,12.725300,12.787300
1526990263,12.725300,12.750000
1526938889,13.350100,13.409900
1527010892,12.825600,12.909000
1527004793,12.810800,12.889500
1527010897,12.825700,12.909000
1527010898,12.825700,12.919700
1527010900,12.825800,12.908900
1526990331,12.725300,12.787700
1526990333,12.725300,12.787600
1526990339,12.725300,12.787500
1526990341,12.725300,12.787400
1526990345,12.725300,12.787700
1526990347,12.725300,12.787300
1526990357,12.725400,12.787300
1526990359,12.725500,12.787300
1526990365,12.725600,12.787300
1526990367,12.725500,12.787300
1526990372,12.725400,12.787000
1526990374,12.725400,12.787100
1526990377,12.725400,12.786900
1526990385,12.725400,12.786600
1526990389,12.725400,12.786500
1526990393,12.725400,12.786400
1526990395,12.725400,12.786300
1526990400,12.725400,12.786200
1526990401,12.725400,12.786100
1526990403,12.725100,12.786100
1526990407,12.725100,12.786000
1526990410,12.725100,12.785900
1527010914,12.825800,12.919700
1526990415,12.725100,12.785800
1526990418,12.725100,12.785700
1526990422,12.725100,12.785600
1526990425,12.725100,12.785500
1527010917,12.825800,12.910000
1526990432,12.725100,12.785400
1526990437,12.725100,12.785300
1526990438,12.725300,12.785300
1526990440,12.725300,12.785200
1526990442,12.725400,12.785200
1526990446,12.725400,12.785100
1526990448,12.725400,12.785000
1526990450,12.725700,12.785200
1526990451,12.725700,12.784900
1526990453,12.725800,12.784900
1526990455,12.725900,12.784900
1527021844,12.630100,12.684700
1526990467,12.725800,12.784900
1526990470,12.726000,12.784900
1526990475,12.726100,12.784900
1526990482,12.725100,12.784900
1526990496,12.725300,12.784900
1526990497,12.725100,12.784900
1526990499,12.725300,12.784900
1526990503,12.725400,12.784900
1527010930,12.826300,12.909900
1526990513,12.725500,12.784900
1526990520,12.725600,12.784900
1527000010,12.830100,12.886500
1526990526,12.725700,12.784900
1526934475,13.287300,13.340000
1527006104,12.951700,13.048900
1526934477,13.287400,13.340000
1526990544,12.725900,12.784900
1526990552,12.726000,12.784900
1526990565,12.726300,12.784900
1526934481,13.287500,13.340000
1526990568,12.726400,12.784800
1526990574,12.726300,12.797700
1526990575,12.726300,12.784700
1526990578,12.726300,12.784600
1526990580,12.726300,12.790000
1526990581,12.726300,12.784500
1526990618,12.726600,12.784500
1527016957,12.724300,12.779300
1526940579,13.246600,13.322900
1526990658,12.726600,12.770000
1526990659,12.726600,12.769900
1526990660,12.726600,12.770000
1526990661,12.726600,12.769800
1526990663,12.725000,12.769800
1527010956,12.826700,12.918600
1526990668,12.725000,12.769700
1526990679,12.725000,12.769600
1526990683,12.725000,12.760000
1526990685,12.725000,12.759900
1526990687,12.725000,12.759800
1526990693,12.694900,12.759800
1526990694,12.694900,12.759700
1526990697,12.694900,12.759600
1526990699,12.694800,12.759600
1526990700,12.694800,12.759500
1526990704,12.694800,12.759400
1526990707,12.694800,12.750000
1526990710,12.694800,12.749900
1526990713,12.694800,12.749800
1526990714,12.694800,12.749900
1526990715,12.694800,12.740000
1526990716,12.679100,12.740000
1526990718,12.679100,12.739900
1526990719,12.683400,12.739900
1526990720,12.679400,12.739900
1526931036,13.171700,13.249100
1526990739,12.679100,12.739900
1526990741,12.679100,12.739800
1526990745,12.679100,12.739700
1526990747,12.679100,12.739600
1526990751,12.679100,12.739500
1526990752,12.679100,12.739300
1526990755,12.679100,12.700000
1526990764,12.674700,12.700000
1527016962,12.724300,12.779000
1526990773,12.650100,12.700000
1526990774,12.650000,12.700000
1526990775,12.650200,12.700000
1526990777,12.650300,12.700000
1526990778,12.650300,12.699900
1526990779,12.650500,12.699900
1526990782,12.650600,12.699900
1526990784,12.650700,12.699900
1526990785,12.650800,12.699900
1526990788,12.650900,12.699900
1526990795,12.651000,12.699900
1526990796,12.650900,12.699900
1526990797,12.651000,12.699900
1526990800,12.651100,12.699900
1526990802,12.651200,12.699900
1526990803,12.651300,12.699900
1526990804,12.651400,12.699900
1526990806,12.651600,12.699900
1526990810,12.651700,12.699900
1526990813,12.651800,12.699900
1526990817,12.652000,12.699900
1526990820,12.652100,12.699900
1526990821,12.652200,12.699900
1526990825,12.652000,12.699900
1526990826,12.652100,12.699900
1526990830,12.652200,12.699900
1526990833,12.652300,12.699900
1526990834,12.652200,12.699900
1526990835,12.652400,12.699900
1526990837,12.652500,12.699900
1526990841,12.652600,12.699900
1526990842,12.652700,12.699900
1526990844,12.652800,12.699900
1526990847,12.652900,12.699900
1526990850,12.653000,12.699900
1526990851,12.653100,12.699900
1526990852,12.667000,12.699900
1526950189,13.181500,13.250600
1526990855,12.667100,12.699900
1526990857,12.701200,12.722500
1526990860,12.667300,12.722500
1526990861,12.667300,12.722400
1526990862,12.667400,12.722400
1526990863,12.704100,12.722400
1526990865,12.704100,12.762700
1526990866,12.704100,12.759400
1526990867,12.704200,12.759400
1527010990,12.826200,12.930800
1526990870,12.704200,12.759300
1526990873,12.667400,12.759300
1526990875,12.667400,12.759300
1526990877,12.667700,12.759100
1526990879,12.667700,12.759000
1526990883,12.668000,12.759000
1526990884,12.704300,12.758600
1526990890,12.704300,12.758500
1526990893,12.704300,12.750000
1526990895,12.704300,12.749900
1526990899,12.704300,12.749800
1526990902,12.704300,12.749700
1526990904,12.704300,12.740000
1526990910,12.704300,12.739900
1526990915,12.704300,12.739800
1526990916,12.700000,12.739800
1526990920,12.700000,12.739700
1526934540,13.286800,13.340000
1526990923,12.700100,12.739700
1526990926,12.700100,12.749700
1526990927,12.700100,12.756400
1526990928,12.700100,12.739600
1526990930,12.700000,12.739600
1526990932,12.700000,12.739500
1526990937,12.700000,12.749400
1526990938,12.700000,12.740000
1526990941,12.700000,12.739900
1527010421,12.848300,12.918600
1526990944,12.700000,12.739800
1526990946,12.700000,12.739700
1526934545,13.287100,13.340000
1526990952,12.700000,12.730000
1526990954,12.700000,12.729900
1526990962,12.700000,12.729800
1526990976,12.700000,12.745500
1526990977,12.700000,12.740000
1526990979,12.700000,12.739900
1526990981,12.700000,12.739600
1526990983,12.710000,12.739600
1526990987,12.710000,12.730000
1526990991,12.710000,12.729900
1527011011,12.826100,12.930000
1526991001,12.710000,12.729800
1526991005,12.710000,12.754400
1526991006,12.710000,12.729700
1526991007,12.710000,12.729600
1526991008,12.710000,12.729700
1526991010,12.710000,12.729600
1526940591,13.246700,13.322300
1526991016,12.710000,12.729500
1527014788,12.800800,12.864900
1526945479,13.390400,13.466300
1526991020,12.710000,12.729400
1526991024,12.710000,12.729300
1526991027,12.710000,12.729200
1527011017,12.826300,12.920000
1526991034,12.651000,12.729200
1526991035,12.651000,12.729100
1526991037,12.651000,12.729000
1526991039,12.651100,12.729000
1526991040,12.651100,12.728900
1526991042,12.651100,12.728800
1526991045,12.651100,12.728700
1526991046,12.651100,12.728600
1527014789,12.800700,12.864900
1526991049,12.651100,12.728500
1526991050,12.651100,12.728400
1526991053,12.651100,12.728300
1526991054,12.644300,12.728300
1526991056,12.644400,12.728200
1526991057,12.644300,12.728200
1526991059,12.636300,12.728200
1526991061,12.644300,12.728200
1526991062,12.644300,12.727600
1526991064,12.644300,12.720000
1526945487,13.390600,13.466300
1526991068,12.637000,12.719900
1527016972,12.710700,12.778600
1526991071,12.637100,12.719800
1526991074,12.637100,12.719700
1526991075,12.637200,12.719700
1526991077,12.637200,12.719600
1526991078,12.637200,12.719500
1526991080,12.637200,12.719400
1526991083,12.637200,12.710000
1526991084,12.637200,12.709900
1526991086,12.637200,12.709800
1526991088,12.637300,12.709700
1526991091,12.637300,12.709600
1526991093,12.637400,12.709600
1526991096,12.637400,12.709500
1526991097,12.637500,12.709500
1526991098,12.637500,12.709400
1526991100,12.637600,12.709300
1526991103,12.637700,12.709200
1526991105,12.637700,12.709100
1526991106,12.637800,12.709000
1526991107,12.637800,12.708900
1526991109,12.637800,12.708800
1526991110,12.637800,12.708700
1526991111,12.637800,12.708600
1526991112,12.637800,12.708700
1526991113,12.650000,12.708500
1526991114,12.650000,12.700000
1526991115,12.650000,12.699900
1526991120,12.650100,12.699900
1526991121,12.650100,12.699800
1526991122,12.650100,12.690000
1526991126,12.650100,12.689900
1526991134,12.637900,12.649500
1526991136,12.625600,12.649400
1526991137,12.638000,12.649400
1526991138,12.638000,12.649500
1526991139,12.625600,12.649500
1526991145,12.625700,12.649500
1526991146,12.625700,12.649400
1526945501,13.390900,13.465600
1526991154,12.625700,12.649300
1526991160,12.625700,12.676800
1526991163,12.625500,12.676800
1526991165,12.625500,12.700000
1526991166,12.625500,12.676700
1526991169,12.625500,12.676600
1526991171,12.622100,12.676600
1526991172,12.621800,12.676600
1526991174,12.630000,12.700000
1526991176,12.630100,12.680100
1526991180,12.630100,12.676600
1527011042,12.827700,12.918100
1526991182,12.630400,12.676600
1526991183,12.630500,12.676600
1527000120,12.836900,12.895500
1526991186,12.630500,12.680100
1526945507,13.391100,13.465900
1526991189,12.630500,12.719100
1526991192,12.630400,12.719000
1526991194,12.630400,12.718900
1526991197,12.630400,12.710000
1526991198,12.630400,12.709900
1526991201,12.620000,12.709800
1526991202,12.620100,12.709800
1526991203,12.620100,12.700000
1526991204,12.620200,12.700000
1526991206,12.620200,12.699900
1526991207,12.620200,12.699700
1526991209,12.620300,12.699600
1527015810,12.820500,12.865000
1526991216,12.620300,12.699600
1526991217,12.620400,12.699600
1526991227,12.620700,12.699600
1526991231,12.620800,12.699600
1526991233,12.620800,12.709800
1526991235,12.620800,12.709600
1526991237,12.620800,12.709500
1526991238,12.620800,12.709300
1526991241,12.620900,12.709200
1526991242,12.621000,12.709200
1526991245,12.621000,12.709200
1526991249,12.620900,12.709200
1526991250,12.621000,12.709200
1526991251,12.620700,12.709800
1526991253,12.620800,12.709100
1526991254,12.620800,12.709800
1526991256,12.620900,12.709800
1526991257,12.621000,12.709800
1526991260,12.621100,12.709700
1526991261,12.621400,12.709700
1526991262,12.621400,12.709600
1526991264,12.621500,12.709600
1526991265,12.621600,12.709600
1526991267,12.621400,12.709600
1526967366,12.902200,12.939000
1526991270,12.621100,12.709600
1526991271,12.621400,12.702000
1526991272,12.621500,12.702000
1526991273,12.621500,12.701900
1526991275,12.621600,12.701900
1526991276,12.621700,12.701900
1526991283,12.621800,12.701900
1526991289,12.621800,12.700000
1526991290,12.621800,12.699900
1526991292,12.621900,12.699900
1526991293,12.621900,12.699600
1526991294,12.621900,12.699500
1527011061,12.828200,12.929500
1526991298,12.621500,12.699500
1526991308,12.621500,12.690000
1526991310,12.621500,12.689900
1526991317,12.621400,12.689900
1526991318,12.621400,12.689600
1526991321,12.621400,12.689500
1526991333,12.620000,12.689400
1526991335,12.621400,12.689500
1527011070,12.828500,12.929200
1526991356,12.621500,12.689500
1526945536,13.391900,13.465700
1526991362,12.621500,12.689400
1526991363,12.621500,12.689500
1526991365,12.621500,12.689300
1526991366,12.621500,12.689200
1526991370,12.621500,12.689500
1526991371,12.621500,12.689100
1526991372,12.621500,12.689500
1526991373,12.621500,12.689100
1527000152,12.836700,12.895400
1526991379,12.621500,12.689500
1526991381,12.621500,12.689000
1526991382,12.621500,12.689500
1526991384,12.621500,12.688900
1526991385,12.621700,12.688900
1526991386,12.621800,12.688800
1526991387,12.621800,12.689500
1526991389,12.621800,12.688800
1526991390,12.621800,12.689500
1526991391,12.621800,12.688700
1526991392,12.621800,12.689500
1526991393,12.621700,12.688600
1526991397,12.621700,12.689500
1526991403,12.621800,12.689500
1526991415,12.621900,12.689500
1526991417,12.622000,12.689500
1526991423,12.622100,12.689500
1526991424,12.622000,12.689500
1526991425,12.622200,12.689500
1526991427,12.622300,12.689500
1526991428,12.622400,12.689500
1526991432,12.622500,12.689500
1526991435,12.622600,12.689500
1526991439,12.622700,12.689500
1526991441,12.622800,12.689500
1526991442,12.622900,12.689500
1526991444,12.622900,12.700000
1526991445,12.622900,12.699900
1526991449,12.622600,12.699900
1526991451,12.623000,12.699900
1526991456,12.622600,12.699900
1526991459,12.623100,12.699900
1526991467,12.623200,12.699900
1526991468,12.623100,12.699900
1526991470,12.623300,12.699900
1526991472,12.623100,12.699900
1527021350,12.620800,12.683500
1526991476,12.623200,12.699900
1526991478,12.623400,12.699900
1526991479,12.623500,12.699900
1526991481,12.623600,12.699900
1526991482,12.623700,12.699900
1526991484,12.623800,12.699900
1526991487,12.623900,12.699900
1526991491,12.624000,12.699900
1526991493,12.624100,12.699900
1526991495,12.624200,12.699900
1526991496,12.624100,12.699900
1526991497,12.624300,12.699900
1526991498,12.630000,12.699900
1526991500,12.630100,12.699900
1526991503,12.630200,12.699900
1526991504,12.630300,12.699900
1526991506,12.630400,12.699900
1526991507,12.630500,12.699900
1526991510,12.630600,12.699900
1526991512,12.630700,12.699900
1526991513,12.640000,12.700000
1526991516,12.660900,12.700000
1526991518,12.661000,12.700000
1526991519,12.661000,12.699900
1526991520,12.661100,12.699900
1526991521,12.661200,12.699900
1526991523,12.700600,12.760200
1526940608,13.235500,13.321500
1526991526,12.700700,12.760100
1526991529,12.700700,12.760300
1526991530,12.700700,12.760200
1526991531,12.700700,12.760000
1526991535,12.700600,12.760000
1526991536,12.700800,12.760000
1526991538,12.700800,12.759900
1526991542,12.700600,12.759900
1526991543,12.700900,12.777200
1526991544,12.700600,12.759800
1526991545,12.701000,12.759800
1526991546,12.701100,12.777100
1526991547,12.701100,12.759700
1526991548,12.701100,12.777100
1526991550,12.701200,12.777100
1526991551,12.701200,12.776900
1526991552,12.701300,12.776900
1526991553,12.701300,12.776800
1526991555,12.701300,12.776900
1526991556,12.701300,12.776700
1526991557,12.701200,12.776700
1526991559,12.701200,12.776700
1526991560,12.701200,12.776600
1526991564,12.700600,12.776500
1526991566,12.701500,12.776200
1526991570,12.701500,12.776100
1526951521,12.912200,12.992600
1526991576,12.701500,12.776000
1527011108,12.827700,12.919300
1526991578,12.701500,12.776100
1526991581,12.701500,12.776000
1526991587,12.701500,12.788700
1526991588,12.701500,12.788600
1526991590,12.701500,12.788500
1526991591,12.701600,12.788500
1526991593,12.701600,12.780000
1526991596,12.701600,12.779900
1526991597,12.701600,12.770000
1526991602,12.701600,12.769900
1526991605,12.701500,12.769900
1526942793,13.290200,13.334100
1526991609,12.701800,12.769800
1527011114,12.828100,12.919200
1526991614,12.701500,12.769700
1526991615,12.701900,12.769700
1526991617,12.701900,12.769500
1526945579,13.393000,13.464900
1526991622,12.701500,12.769500
1526934657,13.290200,13.340000
1526991626,12.701500,12.769400
1526991628,12.701500,12.769500
1526991630,12.701600,12.769500
1526991636,12.701600,12.769400
1527011118,12.828100,12.920000
1526991638,12.701500,12.769400
1526991640,12.701800,12.769400
1526991642,12.701800,12.769300
1526991646,12.701800,12.769200
1526991649,12.701800,12.778900
1526991651,12.701800,12.779000
1526991652,12.701800,12.784000
1526991653,12.701800,12.778900
1526991654,12.701800,12.784000
1526991655,12.702100,12.778800
1526991656,12.702100,12.778700
1526991660,12.702100,12.778600
1526991662,12.702100,12.778700
1526991664,12.701900,12.799500
1526991667,12.701900,12.799100
1526991668,12.702500,12.791100
1526991669,12.702500,12.791000
1526991670,12.702500,12.790000
1526991671,12.702500,12.789900
1526991674,12.702500,12.789600
1526991675,12.702500,12.789500
1526991676,12.701900,12.780000
1526991677,12.701900,12.779900
1526991678,12.701900,12.779800
1526991679,12.701800,12.779800
1526991683,12.701800,12.779700
1526991685,12.701900,12.779700
1526991687,12.701900,12.779600
1526991689,12.702000,12.779600
1526991693,12.702000,12.779500
1526991695,12.702600,12.779500
1526991703,12.702000,12.779500
1526991707,12.702300,12.779500
1526991708,12.702300,12.794600
1526991711,12.702300,12.794500
1526991712,12.702300,12.794400
1526991713,12.702400,12.794400
1526991715,12.702400,12.794300
1526991719,12.702400,12.794200
1526991721,12.702200,12.794200
1526991722,12.703000,12.794100
1526991723,12.703000,12.793700
1526991725,12.703000,12.793600
1526991729,12.702200,12.793600
1526991730,12.702200,12.793800
1526991731,12.702200,12.793700
1526991733,12.702300,12.793700
1526991734,12.702200,12.793700
1526991736,12.702400,12.793700
1526991738,12.702500,12.793600
1527011135,12.828700,12.920000
1526991740,12.702800,12.793300
1526991741,12.702800,12.793200
1526991743,12.710000,12.793200
1527006112,12.960100,13.048800
1526991745,12.710100,12.793200
1526991746,12.710000,12.793200
1526991747,12.710300,12.793200
1526991750,12.710400,12.793100
1526991752,12.710500,12.793100
1526991753,12.729900,12.793100
1526991756,12.730000,12.793100
1526991760,12.730200,12.793000
1526991762,12.730300,12.793000
1526991767,12.730300,12.792900
1526991770,12.730200,12.793100
1526991775,12.730300,12.793100
1526991782,12.730200,12.793100
1527000221,12.830100,12.884800
1527004803,12.810400,12.889300
1527014655,12.772500,12.853800
1526945610,13.378100,13.463700
1527000225,12.830000,12.884700
1526999539,12.837800,12.893500
1527002621,12.869900,12.880000
1526991838,12.718100,12.793100
1526991840,12.730200,12.793100
1526991852,12.730500,12.793100
1527011154,12.828900,12.928300
1526945620,13.393700,13.463600
1526991872,12.730700,12.793100
1527010452,12.849100,12.918700
1526991882,12.730200,12.793100
1526934702,13.289800,13.340000
1526991896,12.730200,12.792900
1526991898,12.730200,12.792800
1526991899,12.730200,12.792900
1526991900,12.730200,12.792700
1526991901,12.704800,12.792700
1526991903,12.710400,12.792700
1526991906,12.710400,12.792800
1526991907,12.710500,12.792800
1526991908,12.710500,12.792600
1526991909,12.710500,12.792700
1526991910,12.710500,12.792500
1526991912,12.710500,12.792700
1526991915,12.710500,12.792600
1526991916,12.710500,12.792500
1526991917,12.710500,12.792400
1526991919,12.710500,12.792300
1526991922,12.710600,12.792300
1526991923,12.710700,12.792300
1526991926,12.710700,12.792200
1526991928,12.710800,12.792200
1526991929,12.710800,12.792100
1526991930,12.710500,12.792100
1526991932,12.710800,12.792100
1526991933,12.720000,12.792000
1526991935,12.720000,12.791900
1526991936,12.720100,12.791900
1526991939,12.730000,12.791900
1526991940,12.730000,12.791800
1526991942,12.730100,12.791800
1526991943,12.793400,12.799900
1526991944,12.793400,12.799800
1526991947,12.730400,12.800000
1526991948,12.762500,12.799700
1527014819,12.810200,12.864900
1526991950,12.762600,12.799700
1526991951,12.762600,12.799900
1526991952,12.736700,12.799600
1526991953,12.746200,12.799600
1526991955,12.746300,12.799600
1526991958,12.763200,12.799600
1526991959,12.763200,12.799900
1526991965,12.763300,12.799900
1526991969,12.763200,12.799900
1527000251,12.830100,12.884400
1526991972,12.763200,12.799800
1526991976,12.763200,12.799700
1526991978,12.763200,12.799600
1526991981,12.763200,12.799500
1526991984,12.763200,12.799400
1526991986,12.763200,12.799300
1526991988,12.763200,12.799200
1526934718,13.289200,13.340000
1526991990,12.763200,12.799100
1526945641,13.393700,13.463500
1526991992,12.763200,12.799000
1526991994,12.763200,12.798900
1526991996,12.763200,12.798800
1526991998,12.763200,12.798700
1527022101,12.620300,12.649200
1526992001,12.763300,12.798700
1526992004,12.763300,12.798600
1526992008,12.763300,12.798500
1526992010,12.763300,12.798400
1526992013,12.763300,12.798300
1526992014,12.763300,12.798200
1526992018,12.763300,12.798100
1526992023,12.763300,12.798000
1526992024,12.763300,12.797800
1526992028,12.763300,12.797700
1526958083,12.921600,13.002000
1526949812,13.292300,13.369900
1526992034,12.795000,12.797700
1526992037,12.795000,12.797600
1527014822,12.773100,12.864800
1526992040,12.795000,12.797500
1526992044,12.795000,12.797400
1526992047,12.795000,12.797300
1526992048,12.763200,12.794500
1526992050,12.763200,12.794400
1526992051,12.763200,12.793100
1526992053,12.763200,12.793000
1526992054,12.763200,12.792900
1526992058,12.763200,12.792800
1526992060,12.763200,12.792700
1526992064,12.763200,12.792400
1526992066,12.763200,12.792300
1527000267,12.830400,12.884200
1526992068,12.763200,12.792200
1526992074,12.763200,12.792100
1526992075,12.763200,12.792000
1526992077,12.763200,12.791900
1526992078,12.763200,12.780000
1526992079,12.763200,12.779900
1526992082,12.763200,12.779800
1526992085,12.763200,12.779700
1527001730,12.800000,12.847500
1526992089,12.763200,12.779600
1526992092,12.726800,12.779500
1526992093,12.726800,12.779400
1526992094,12.726800,12.779300
1526992098,12.726800,12.779600
1527014824,12.773200,12.864800
1526992100,12.726900,12.779600
1526992101,12.726800,12.779600
1526992102,12.726800,12.785800
1526992103,12.726800,12.779500
1526992106,12.726800,12.785600
1526992109,12.726800,12.785500
1526992110,12.726800,12.785400
1526992112,12.726800,12.785300
1527010460,12.849200,12.918600
1526992115,12.726800,12.785000
1526992117,12.726800,12.784900
1526992124,12.726800,12.784800
1526992129,12.726800,12.784700
1526992131,12.726800,12.784600
1526992134,12.726800,12.784500
1526992136,12.726800,12.784400
1526992138,12.726800,12.784300
1526992139,12.726800,12.784200
1526992140,12.726800,12.784300
1526992141,12.726800,12.784100
1526992144,12.726800,12.784000
1526992145,12.726800,12.784100
1526992147,12.726800,12.783900
1526992149,12.726800,12.783800
1526992151,12.726800,12.783700
1526949358,13.340500,13.409700
1526992154,12.726800,12.783600
1526992155,12.726800,12.783500
1526992158,12.701400,12.783500
1526992160,12.701400,12.783400
1526992163,12.726800,12.783400
1526992166,12.726900,12.783400
1526992167,12.726900,12.783300
1526992169,12.726900,12.799400
1526992171,12.726900,12.799300
1526992172,12.726900,12.799200
1526992175,12.726800,12.790000
1526992176,12.726800,12.789900
1526992178,12.726800,12.789800
1526992179,12.726800,12.789700
1526992180,12.726800,12.789800
1526992181,12.726800,12.789700
1526992184,12.726800,12.789600
1526992186,12.726800,12.789000
1526992189,12.726800,12.788900
1526992191,12.726800,12.788800
1526992192,12.726800,12.788600
1526992195,12.726800,12.788500
1526992198,12.726800,12.750000
1527000289,12.830100,12.884000
1526992205,12.726800,12.749900
1526992206,12.681300,12.750000
1526992207,12.681400,12.750000
1526992208,12.681500,12.750000
1526992211,12.681600,12.750000
1526992213,12.681700,12.750000
1526992214,12.681700,12.749900
1526992215,12.681800,12.749900
1526992218,12.681900,12.749900
1526992222,12.682000,12.749900
1526992224,12.682100,12.749900
1526992226,12.682200,12.749900
1526992228,12.682300,12.749900
1526992232,12.682300,12.749900
1526992233,12.682400,12.749900
1526992234,12.682500,12.749900
1526992235,12.691700,12.749900
1526992237,12.691800,12.749900
1526934760,13.290100,13.340000
1526992243,12.691900,12.749900
1526992245,12.692000,12.749900
1526992248,12.692000,12.750000
1526992249,12.691900,12.750000
1526992252,12.691900,12.788700
1526992254,12.691900,12.788600
1526992256,12.691900,12.788500
1526992257,12.691900,12.780000
1526992258,12.692300,12.779900
1526992267,12.691900,12.779800
1526992269,12.691900,12.787900
1526992270,12.691900,12.779700
1526992272,12.691900,12.787900
1526992273,12.691900,12.787800
1526992275,12.691900,12.779600
1526992282,12.692000,12.779600
1526992283,12.692000,12.787700
1526992284,12.692000,12.779500
1526992285,12.692000,12.787700
1526992286,12.692000,12.779500
1526992288,12.692000,12.779400
1526992289,12.691900,12.787700
1526992290,12.692000,12.787700
1526992291,12.692000,12.787100
1526992292,12.692600,12.787100
1526992300,12.692200,12.787500
1526992305,12.692200,12.799500
1526992307,12.692200,12.799400
1526992309,12.692200,12.799300
1526992310,12.692300,12.799000
1526992312,12.692500,12.799000
1526992316,12.692500,12.790000
1526992317,12.692800,12.789600
1526992322,12.693200,12.789600
1526992323,12.693200,12.789300
1527010467,12.849500,12.918600
1526992326,12.693300,12.789300
1526992327,12.702500,12.789300
1526992330,12.702700,12.789300
1526992331,12.702700,12.799700
1526992337,12.702700,12.799600
1526992338,12.702900,12.799600
1526992342,12.703000,12.799600
1526992343,12.703000,12.798900
1526992344,12.703200,12.798900
1526992348,12.703300,12.798900
1526992349,12.703200,12.798900
1526992350,12.703700,12.798300
1526992352,12.703800,12.798300
1526992354,12.703900,12.798300
1526992356,12.704100,12.798300
1526992358,12.704100,12.798500
1526992361,12.704100,12.790000
1526992362,12.704100,12.789900
1526992363,12.704100,12.789800
1526992364,12.704200,12.789800
1526992365,12.704200,12.789700
1526992367,12.704200,12.789600
1526992369,12.704200,12.789500
1526992370,12.704200,12.789200
1526992372,12.704500,12.789200
1526945705,13.393700,13.462700
1526992376,12.704600,12.789200
1526992379,12.676500,12.789100
1526992380,12.676200,12.789100
1526992381,12.676600,12.789000
1526992382,12.676600,12.789000
1526992383,12.676800,12.788900
1526992384,12.676900,12.788900
1526992386,12.676900,12.788800
1526992388,12.677000,12.788700
1526992389,12.677000,12.780000
1526992390,12.677100,12.780000
1526992391,12.677200,12.780000
1526992392,12.677200,12.779900
1526992393,12.677200,12.779800
1526992394,12.677200,12.779700
1526992396,12.677300,12.779600
1526992397,12.677700,12.779200
1526992400,12.693500,12.779200
1526992405,12.693500,12.779600
1526992406,12.693800,12.779600
1526992427,12.693800,12.779500
1526992428,12.693800,12.779400
1526992430,12.693800,12.779300
1526992432,12.693800,12.779200
1526992434,12.693800,12.779100
1526992437,12.693800,12.779000
1526992439,12.693800,12.778900
1526992441,12.693800,12.778800
1526992442,12.693800,12.778600
1526992444,12.693800,12.778500
1526992446,12.677800,12.778500
1526992447,12.680800,12.778500
1526992448,12.680800,12.770000
1526992449,12.680800,12.769900
1526992450,12.680800,12.769800
1526992452,12.680800,12.769500
1526992453,12.680800,12.760000
1526992455,12.680100,12.759900
1526992457,12.680100,12.759700
1526992458,12.680100,12.759600
1526992459,12.680100,12.750000
1526992461,12.680100,12.749900
1526992464,12.678200,12.749800
1526992465,12.678200,12.749700
1526992466,12.678200,12.749600
1526992468,12.675900,12.749500
1527011257,12.840300,12.926300
1526992472,12.675900,12.749200
1526951551,12.913300,12.987800
1526992478,12.675900,12.749100
1526992483,12.675900,12.749000
1526992490,12.675900,12.768900
1526992494,12.675900,12.788600
1526992495,12.675900,12.788600
1526992496,12.676100,12.768700
1526992498,12.676200,12.768700
1526992501,12.676300,12.768600
1526992502,12.676300,12.768500
1526992503,12.676300,12.768400
1526992504,12.676300,12.768300
1526992508,12.676300,12.768200
1526992510,12.676300,12.768100
1526992511,12.676600,12.768000
1526992516,12.676600,12.767700
1526992517,12.676700,12.767700
1526992522,12.676700,12.767600
1526992523,12.676900,12.767000
1526992530,12.676900,12.766900
1526992531,12.676500,12.766800
1526992533,12.676500,12.766700
1526992536,12.676500,12.766600
1526992537,12.676300,12.766600
1526992538,12.676300,12.766500
1526992540,12.676300,12.766400
1527000346,12.815400,12.884500
1526992546,12.676300,12.766300
1526992548,12.676300,12.766200
1526992549,12.676300,12.766100
1526992552,12.676300,12.766000
1526992558,12.676300,12.765900
1526934813,13.290700,13.340000
1526992560,12.722400,12.765900
1526992561,12.722400,12.765800
1526992565,12.722400,12.765700
1526992568,12.722400,12.765600
1527022196,12.620300,12.646600
1526992571,12.722400,12.765500
1526992573,12.722400,12.765400
1526992574,12.722400,12.765300
1526992575,12.722400,12.765200
1526992577,12.722400,12.765100
1526992581,12.722400,12.765000
1526992583,12.722400,12.764900
1527020084,12.620000,12.682900
1526992587,12.722400,12.764800
1526992590,12.722400,12.764700
1526992593,12.722400,12.764600
1526992595,12.722400,12.764500
1526992596,12.722400,12.764400
1526992597,12.722400,12.764300
1526992600,12.722400,12.764200
1527017023,12.710600,12.769800
1526992602,12.722400,12.764100
1526992603,12.722400,12.764000
1526992605,12.722400,12.764100
1526992607,12.722400,12.764000
1526992608,12.722400,12.763900
1526992611,12.722400,12.763800
1526992613,12.722400,12.763700
1526992614,12.722400,12.763600
1526992617,12.722400,12.763500
1526992620,12.722400,12.763400
1526992621,12.722400,12.763300
1526992622,12.722400,12.763000
1526992625,12.722400,12.762900
1526992629,12.722400,12.762800
1526992630,12.722400,12.762700
1526992632,12.722400,12.762600
1526992635,12.722400,12.762500
1526992637,12.722400,12.762400
1526992639,12.722400,12.762300
1526992647,12.722400,12.762200
1526992648,12.722400,12.762100
1526992650,12.722400,12.762000
1526992652,12.722400,12.761900
1526992654,12.722400,12.761800
1526992657,12.722400,12.761700
1526992658,12.722400,12.761600
1526992659,12.722400,12.750000
1526992661,12.722400,12.749900
1526992662,12.722400,12.749900
1526992665,12.722400,12.749800
1526992668,12.722400,12.749700
1526992670,12.722400,12.749600
1526992671,12.722400,12.749500
1526992673,12.722400,12.749400
1526992676,12.722400,12.749300
1526992680,12.722400,12.749200
1526945756,13.393700,13.440200
1526992682,12.722400,12.749100
1526992685,12.722400,12.749000
1526992689,12.722400,12.748900
1526992691,12.722400,12.748800
1527011294,12.828900,12.919500
1526992695,12.722400,12.748700
1526992702,12.722400,12.748600
1526992704,12.722400,12.748700
1527011296,12.828900,12.919600
1526992706,12.722400,12.752200
1526992709,12.722400,12.752300
1526945761,13.393700,13.429900
1527015284,12.781600,12.864400
1527014845,12.795100,12.864800
1526951654,12.917600,12.984300
1526992738,12.722400,12.752200
1527022225,12.620300,12.636700
1526992747,12.722400,12.752300
1527011306,12.829200,12.928900
1526992786,12.722400,12.752200
1526992792,12.722400,12.752100
1526934852,13.292500,13.340000
1526992794,12.722400,12.752000
1526945775,13.332200,13.420000
1526992796,12.722400,12.776900
1526992798,12.722400,12.776800
1526992799,12.722400,12.776700
1526992801,12.722400,12.776600
1526992803,12.722400,12.776500
1526992804,12.722400,12.776200
1526992807,12.722400,12.770000
1526992808,12.722400,12.769900
1527022236,12.620300,12.636400
1526992810,12.722400,12.769800
1526992811,12.722400,12.769700
1526992812,12.722400,12.769500
1526992814,12.722400,12.769400
1526992816,12.722400,12.769200
1526992819,12.722400,12.769100
1526992821,12.722400,12.769000
1526992822,12.722400,12.768900
1526992823,12.722400,12.768800
1526992826,12.722400,12.768700
1526992827,12.722400,12.768600
1526992829,12.722400,12.768500
1526992832,12.722400,12.768400
1526992833,12.722400,12.768300
1526992834,12.722400,12.768200
1526992837,12.722400,12.768100
1526992839,12.722400,12.768000
1526992841,12.722400,12.767900
1526945783,13.332200,13.404100
1526992844,12.722400,12.767700
1526992845,12.722400,12.767800
1526992846,12.722400,12.767600
1526992849,12.722400,12.767500
1526940652,13.236100,13.320100
1526992858,12.722400,12.767400
1526992860,12.722400,12.767300
1526992863,12.722400,12.766900
1526992868,12.722400,12.766500
1526992870,12.722400,12.766400
1526992872,12.722400,12.766300
1526992874,12.722400,12.766100
1527011325,12.828800,12.928200
1526992882,12.722400,12.765800
1527011326,12.829100,12.927900
1526992886,12.722400,12.765700
1526992888,12.722400,12.765600
1526992894,12.722400,12.765000
1526992900,12.722400,12.764900
1526992902,12.722400,12.764800
1526992911,12.722400,12.764700
1527004374,12.850000,12.889900
1526992913,12.722400,12.764500
1526992918,12.722400,12.764200
1527011332,12.829300,12.927200
1526992926,12.722400,12.764100
1526992927,12.722400,12.764000
1526992931,12.722400,12.763700
1526992932,12.722400,12.763600
1526992934,12.722400,12.763500
1526992937,12.722400,12.763400
1527011335,12.829300,12.927100
1526992940,12.722400,12.763300
1526992941,12.722400,12.763200
1526992943,12.722400,12.763100
1527022260,12.620300,12.635300
1526992955,12.722400,12.750000
1526992956,12.722400,12.749900
1526992957,12.722400,12.749800
1526992959,12.722400,12.749700
1526992960,12.722400,12.749600
1526992962,12.722400,12.749500
1526992966,12.722400,12.749400
1526992967,12.722400,12.749300
1526992968,12.722400,12.749200
1526992970,12.722400,12.749100
1527006124,12.957100,13.048500
1526992976,12.722400,12.749000
1526992978,12.722400,12.748900
1527011342,12.840200,12.926800
1526992986,12.722400,12.748800
1526992988,12.722400,12.748700
1526956730,12.970300,13.000000
1527000425,12.810200,12.889700
1527011349,12.840200,12.928200
1526934891,13.293600,13.370000
1526945814,13.310100,13.402700
1527022274,12.620300,12.635000
1527011354,12.840200,12.930900
1527020960,12.620400,12.666400
1527018082,12.690100,12.736500
1526982989,12.709200,12.738600
1526993070,12.722400,12.748400
1526993071,12.722400,12.748300
1526993073,12.722400,12.748200
1526993075,12.722400,12.748100
1526993076,12.722400,12.748000
1526993079,12.722400,12.747900
1526993082,12.722400,12.747800
1526993083,12.722400,12.748000
1526993084,12.722400,12.747700
1526993085,12.722400,12.747600
1526993088,12.722400,12.747500
1526993090,12.722400,12.747400
1526993091,12.722400,12.747300
1526993096,12.722400,12.747200
1526993100,12.722400,12.747100
1526993102,12.722400,12.747000
1526993107,12.722400,12.760900
1526993109,12.722400,12.746900
1526993111,12.722400,12.746800
1526993115,12.722400,12.746700
1526993118,12.722400,12.746600
1527011365,12.840800,12.930600
1526993123,12.722400,12.746500
1526993129,12.722400,12.746400
1526993131,12.722400,12.746300
1526993134,12.722400,12.746200
1527010494,12.850000,12.918400
1526993138,12.671400,12.701300
1526993140,12.671400,12.701200
1526993144,12.671700,12.701200
1526993147,12.671700,12.725000
1526993148,12.671700,12.701100
1526993151,12.671700,12.701000
1526993155,12.671700,12.700900
1526993156,12.671700,12.701000
1526993157,12.671700,12.723600
1526993158,12.671700,12.723500
1526993162,12.671700,12.723400
1526993164,12.671700,12.723300
1526993166,12.671700,12.723200
1526993168,12.671700,12.723100
1526993175,12.671700,12.723000
1526993178,12.670000,12.723000
1526993179,12.670000,12.722900
1526993180,12.671700,12.722800
1526993181,12.670000,12.722700
1527000453,12.810100,12.899900
1526993185,12.670000,12.722600
1526993187,12.670000,12.722500
1526993191,12.670000,12.722400
1526993193,12.670000,12.722300
1526934919,13.300200,13.370000
1526993198,12.670000,12.722200
1526993199,12.670000,12.722100
1526993200,12.670300,12.722100
1526993201,12.670000,12.722100
1526993204,12.670000,12.722000
1526993206,12.670000,12.721900
1526993207,12.670000,12.721800
1526993210,12.670000,12.721700
1526993212,12.670000,12.721600
1526993215,12.670000,12.721500
1526993216,12.670000,12.721400
1526993218,12.670000,12.721300
1526993219,12.670000,12.721200
1526993221,12.670000,12.710000
1526993223,12.670000,12.709900
1526993227,12.670000,12.709800
1526993229,12.670000,12.709700
1526993230,12.670000,12.709400
1526993232,12.670000,12.709300
1526993234,12.664300,12.709200
1526993237,12.664300,12.709100
1526993241,12.664300,12.709000
1526993242,12.664400,12.709000
1527000463,12.820000,12.899000
1526993244,12.664400,12.708900
1526993245,12.664400,12.708800
1526993248,12.664400,12.708700
1526993249,12.664400,12.708600
1526993250,12.664400,12.708500
1526993252,12.664400,12.708400
1526993255,12.664400,12.708300
1526993257,12.664500,12.708200
1526993261,12.664500,12.708100
1526993262,12.664600,12.708100
1526993263,12.664600,12.708000
1526993266,12.664600,12.694200
1526993267,12.664600,12.694100
1526993269,12.664600,12.694000
1526993271,12.664600,12.694000
1526993273,12.664600,12.693900
1526993274,12.664600,12.693800
1527011391,12.829200,12.930000
1526993278,12.643900,12.664600
1526993282,12.643800,12.664600
1526993284,12.620100,12.664600
1526993288,12.620000,12.664600
1526993291,12.620200,12.664600
1526993293,12.620200,12.693400
1526993296,12.620200,12.693300
1526993297,12.620200,12.693200
1527011395,12.829300,12.929900
1527011396,12.840000,12.929900
1526993307,12.620200,12.693100
1526993309,12.620200,12.693000
1526993310,12.620300,12.693000
1527011397,12.840000,12.929800
1526993317,12.620300,12.692900
1526993318,12.620200,12.692900
1526993319,12.620200,12.692800
1526993329,12.620500,12.692800
1526945865,13.300600,13.401400
1526993341,12.620600,12.692800
1526993344,12.620300,12.692800
1526993345,12.620300,12.692800
1526993346,12.620300,12.692700
1526945867,13.301200,13.400800
1526993348,12.620300,12.692600
1526993350,12.620200,12.692600
1526993351,12.620400,12.692600
1526993353,12.620400,12.692500
1526993354,12.620400,12.692400
1526993355,12.620200,12.692400
1526993358,12.620200,12.692300
1527011405,12.840200,12.930000
1526993360,12.620200,12.692200
1526993362,12.620200,12.692100
1526934947,13.301000,13.370000
1526993366,12.620200,12.692000
1526993368,12.620200,12.691900
1526993369,12.620200,12.691800
1526993370,12.620200,12.691700
1526993371,12.620500,12.691600
1526993373,12.620500,12.691700
1526993374,12.620500,12.691500
1526993376,12.620500,12.691400
1526993379,12.620500,12.691300
1526993380,12.620200,12.691300
1526993382,12.620200,12.691200
1526993383,12.620200,12.691100
1526993386,12.620200,12.691000
1526993388,12.620200,12.690900
1526993389,12.620200,12.690800
1526993391,12.620200,12.690700
1526993392,12.620200,12.690500
1526993393,12.620200,12.690400
1526993395,12.620200,12.690300
1526993396,12.620000,12.690200
1526993398,12.620000,12.690100
1526993399,12.620000,12.690000
1526993400,12.620200,12.690000
1526993401,12.620200,12.689900
1526993402,12.620200,12.689800
1526993405,12.620200,12.689700
1526993406,12.620200,12.689600
1526993409,12.620200,12.689500
1526993411,12.620200,12.689400
1526993412,12.620200,12.689300
1526993415,12.620200,12.689200
1526993416,12.620200,12.689100
1526993419,12.620200,12.689000
1527006139,12.957700,13.047900
1526993422,12.620200,12.688900
1526993426,12.620200,12.688800
1526993429,12.620200,12.688700
1526993430,12.620200,12.688600
1526993432,12.620200,12.688500
1526934959,13.300700,13.379100
1526993437,12.620200,12.688400
1526993440,12.620200,12.688300
1526993442,12.620200,12.688200
1526993443,12.620200,12.688100
1526993445,12.620200,12.688000
1526993451,12.620200,12.687900
1526993453,12.620200,12.687800
1526993455,12.620200,12.687700
1526993457,12.620200,12.687600
1526993458,12.620200,12.687500
1526993460,12.620200,12.687400
1526993462,12.620200,12.687300
1526993467,12.620200,12.687200
1526993470,12.620200,12.687100
1526993471,12.620200,12.687000
1526993474,12.620200,12.686900
1526993475,12.620200,12.686800
1526993477,12.620200,12.686700
1526993479,12.620200,12.686600
1526993480,12.620200,12.686500
1526993483,12.620200,12.686400
1526993486,12.620200,12.686300
1526993487,12.620200,12.686200
1526993489,12.620200,12.686100
1526993490,12.620200,12.686000
1526993492,12.620200,12.685900
1526993494,12.620200,12.685800
1526993495,12.620200,12.685700
1526993496,12.620200,12.685600
1526993497,12.620200,12.685500
1526993499,12.620200,12.685400
1526993502,12.620200,12.685300
1526993506,12.620200,12.685200
1526993507,12.620200,12.685100
1526993510,12.620200,12.685000
1526993511,12.620200,12.684900
1526993514,12.620200,12.684800
1526993515,12.620200,12.684900
1526993516,12.620200,12.684700
1527021418,12.630000,12.682100
1526993519,12.620200,12.684600
1526993524,12.620200,12.684500
1526993530,12.620200,12.684400
1526993533,12.620200,12.684300
1526993541,12.620200,12.684200
1526993543,12.620300,12.684200
1526993568,12.620400,12.684200
1526993569,12.620300,12.684200
1526993570,12.620500,12.684200
1526993572,12.630000,12.684200
1526993574,12.630100,12.684200
1526993577,12.630400,12.684200
1526993581,12.630500,12.684200
1526993584,12.630500,12.684200
1526993587,12.630600,12.684200
1526993588,12.630500,12.684200
1526969375,12.845000,12.955700
1526945909,13.330400,13.433400
1526993601,12.630400,12.684200
1526993602,12.636700,12.684200
1526993606,12.636900,12.684200
1526993612,12.637000,12.684200
1527015290,12.790000,12.864200
1527011453,12.840300,12.930000
1527031089,12.151900,12.226400
1526934998,13.302500,13.394100
1526993670,12.650000,12.684200
1526993672,12.650200,12.684200
1526993675,12.650300,12.684200
1526993677,12.660000,12.684200
1526993678,12.660100,12.684200
1527000536,12.820000,12.870000
1526993682,12.685300,12.765200
1526993683,12.685300,12.765100
1526993684,12.685400,12.765100
1526993686,12.685400,12.765000
1526993687,12.685400,12.764900
1526993688,12.685400,12.742500
1527011460,12.840600,12.930000
1526993691,12.685400,12.742400
1526993693,12.685600,12.742400
1527011461,12.840700,12.930000
1526993700,12.685600,12.742400
1526993701,12.685600,12.742500
1526993702,12.685600,12.742300
1526993706,12.686800,12.742300
1526993709,12.686800,12.742400
1527011466,12.840900,12.930000
1526993726,12.686800,12.764800
1526993728,12.686800,12.764700
1526993730,12.686800,12.764600
1526993731,12.686800,12.764500
1526993733,12.686800,12.764400
1526993736,12.686800,12.764300
1526993740,12.686800,12.764200
1526993741,12.685600,12.764200
1526993743,12.685600,12.764100
1526993746,12.685600,12.764000
1526993748,12.685600,12.763900
1526993751,12.685600,12.763800
1526993753,12.685600,12.763700
1526993754,12.685600,12.763600
1526993756,12.685600,12.763500
1526993760,12.685600,12.763400
1526993761,12.685600,12.763300
1526993764,12.685600,12.763200
1526993766,12.685600,12.763000
1527011473,12.841000,12.930600
1526993768,12.685600,12.762900
1526993770,12.685600,12.763000
1526993771,12.685600,12.762800
1526993773,12.685600,12.762700
1526993774,12.685600,12.762700
1526993777,12.685600,12.762600
1526993779,12.685600,12.762500
1526993782,12.685600,12.762400
1526993784,12.685600,12.762300
1527011476,12.841000,12.930600
1526993787,12.685600,12.762200
1526993789,12.685600,12.762100
1526993790,12.685600,12.762000
1526993791,12.685600,12.761900
1526993792,12.685700,12.761900
1526993796,12.685700,12.761800
1526993797,12.685700,12.733200
1526993799,12.685700,12.733100
1526993800,12.685600,12.733100
1526993801,12.685600,12.733100
1526993802,12.685600,12.685700
1526993807,12.660100,12.685700
1526993810,12.656300,12.685700
1526993812,12.660400,12.685700
1526993815,12.660500,12.685700
1526935023,13.303700,13.392600
1526993822,12.660600,12.685700
1526993825,12.690400,12.695300
1526993827,12.690400,12.733100
1526993837,12.690400,12.733000
1526993838,12.678800,12.733000
1526993840,12.670100,12.733000
1526993841,12.678900,12.733000
1526993845,12.679200,12.732900
1526993847,12.679300,12.732900
1526993848,12.679300,12.733000
1526993851,12.679300,12.761400
1526993855,12.679300,12.761100
1526993856,12.679300,12.761000
1526993858,12.679300,12.760900
1526993863,12.690000,12.760900
1526993867,12.690200,12.760900
1526993872,12.690200,12.760800
1526935032,13.303900,13.392300
1526993879,12.690200,12.760700
1527011492,12.840300,12.930600
1526993885,12.690200,12.760600
1526993887,12.690200,12.760500
1527017066,12.711000,12.768900
1526993896,12.690200,12.760400
1526935036,13.304000,13.392200
1527011495,12.840300,12.930300
1526993909,12.690200,12.760300
1527011497,12.829300,12.930500
1527011498,12.829400,12.930300
1526993921,12.690200,12.761400
1527011499,12.829600,12.930300
1526993934,12.690300,12.761400
1526993941,12.690400,12.761400
1526993942,12.690400,12.761300
1526993944,12.690500,12.761300
1526993945,12.700000,12.761200
1526993947,12.700100,12.761200
1526993948,12.700200,12.761200
1526993951,12.710000,12.761200
1526993953,12.710100,12.761200
1526993959,12.698900,12.761200
1526993960,12.710200,12.761200
1526993961,12.710200,12.761100
1526993964,12.710400,12.761100
1526993965,12.710500,12.761100
1526993978,12.710500,12.761200
1526993982,12.710500,12.761100
1526993986,12.710500,12.788400
1526993987,12.710500,12.788300
1526994016,12.720000,12.788300
1526994018,12.720100,12.788300
1526994021,12.720100,12.798200
1526994022,12.720100,12.788200
1526994023,12.720400,12.788200
1526994026,12.720500,12.798100
1526994035,12.720500,12.798000
1526994040,12.720500,12.797900
1526994042,12.720500,12.797800
1527017071,12.711000,12.768800
1526949421,13.341800,13.390000
1526994046,12.720500,12.797700
1526994051,12.720500,12.797600
1526994060,12.720500,12.797500
1526994061,12.720500,12.797400
1526994062,12.730000,12.797400
1526994064,12.730000,12.797500
1526994065,12.730100,12.797500
1526994066,12.730100,12.797300
1526994071,12.730400,12.797300
1526994073,12.730400,12.800000
1526994074,12.730500,12.797200
1526994078,12.740000,12.797100
1526994080,12.740100,12.797100
1526994081,12.740100,12.797200
1526994083,12.740100,12.797000
1526994085,12.740100,12.796900
1526994091,12.730400,12.796900
1526994092,12.740200,12.796900
1526994098,12.740100,12.796900
1526994099,12.740300,12.796900
1526994102,12.740100,12.796900
1526994105,12.740100,12.797200
1526994108,12.730400,12.797200
1526994109,12.750000,12.797200
1526994111,12.750000,12.800000
1526954711,12.871900,12.964800
1526994113,12.750100,12.800000
1526929783,13.170000,13.211900
1526994116,12.750200,12.800000
1526994117,12.750100,12.800000
1526994118,12.760000,12.800000
1526994120,12.760100,12.800000
1526994122,12.760100,12.798900
1526994123,12.760200,12.798900
1526994128,12.770000,12.798900
1526994129,12.770100,12.798900
1526994133,12.770200,12.798900
1526994134,12.770300,12.798900
1526994135,12.770400,12.798900
1526994136,12.770300,12.798900
1526994137,12.770500,12.798900
1526994139,12.780000,12.798900
1526994141,12.799300,12.800000
1526928625,13.190000,13.223700
1526928628,13.190000,13.223600
1526928630,13.190000,13.223500
1526994170,12.766900,12.790000
1526928635,13.190000,13.223400
1526928638,13.190000,13.223300
1526928641,13.190000,13.223200
1526928643,13.190000,13.223100
1526928644,13.190000,13.223000
1526928645,13.190000,13.222900
1526928648,13.190000,13.222800
1526969903,13.011900,13.083800
1526928652,13.190000,13.222700
1526928654,13.190000,13.222600
1526928656,13.190000,13.222500
1526928657,13.190000,13.222400
1526928661,13.190000,13.222300
1526928662,13.190000,13.222200
1526928665,13.190000,13.222100
1526928666,13.190000,13.222000
1526928669,13.190000,13.221900
1526928671,13.190000,13.221800
1526928673,13.190000,13.221700
1526928676,13.190000,13.221600
1526928682,13.190000,13.221500
1526994221,12.775500,12.790000
1526928686,13.190000,13.221300
1527017077,12.710900,12.768800
1526928689,13.190000,13.221200
1526940698,13.236800,13.318900
1526928693,13.190000,13.221100
1526928694,13.190000,13.221000
1526928696,13.190000,13.220900
1526928697,13.190000,13.220800
1526928698,13.190000,13.221000
1526928700,13.190000,13.221000
1526928701,13.190000,13.220700
1526928702,13.190000,13.220600
1526928704,13.190000,13.220500
1526994241,12.775600,12.790000
1526928706,13.190000,13.220400
1526928709,13.190000,13.220300
1526928712,13.190000,13.220200
1526928714,13.190000,13.220100
1526928716,13.190000,13.220000
1526928719,13.190000,13.219900
1526928721,13.190000,13.219800
1526928723,13.190000,13.219700
1527023625,12.450200,12.498000
1526994261,12.775800,12.790000
1526928728,13.190000,13.219600
1526928731,13.190000,13.219500
1526928732,13.190000,13.219400
1526928735,13.190000,13.219300
1526994272,12.775900,12.790000
1526928739,13.190000,13.219100
1526928742,13.190000,13.219000
1526928744,13.190000,13.218900
1526928745,13.190000,13.218800
1526928747,13.190000,13.218700
1526994286,12.776100,12.790000
1526928752,13.190000,13.218500
1526928754,13.190000,13.218400
1526994291,12.776200,12.790000
1527000638,12.820000,12.889700
1526928758,13.190000,13.218300
1526928759,13.190000,13.218200
1526994298,12.776200,12.789900
1526928763,13.190000,13.218100
1526994300,12.776200,12.790000
1526928766,13.190000,13.217900
1526928768,13.190000,13.217800
1526935104,13.340100,13.408600
1526928770,13.190000,13.217700
1526994308,12.790200,12.800000
1526928774,13.190000,13.217500
1526928775,13.190000,13.217400
1526928778,13.190000,13.217300
1526928781,13.190000,13.217200
1526994318,12.790200,12.816300
1526994319,12.825900,12.850300
1526994320,12.826000,12.850300
1526955977,12.946100,13.026200
1526928787,13.190000,13.217000
1526994324,12.795300,12.850300
1526994325,12.795300,12.862500
1526994326,12.794600,12.862500
1526994327,12.795400,12.862500
1526928793,13.190000,13.216800
1526994330,12.795500,12.886800
1526928795,13.190000,13.216600
1526994332,12.795600,12.886700
1526994333,12.795700,12.886700
1526928798,13.190000,13.216400
1526994335,12.795700,12.886500
1526994336,12.795700,12.886300
1526994337,12.796100,12.886300
1526994339,12.796300,12.886300
1526994340,12.796300,12.886200
1526928805,13.190000,13.215900
1526994342,12.796400,12.886100
1526928807,13.190000,13.215800
1526928809,13.190000,13.215700
1526994346,12.796600,12.886100
1526928811,13.190000,13.215600
1526994349,12.796700,12.886000
1526928816,13.190000,13.215400
1526994353,12.796800,12.886000
1526928819,13.190000,13.215300
1526994356,12.796900,12.886000
1526928823,13.190000,13.215200
1527005693,12.815900,12.901300
1526994361,12.797100,12.886000
1526994362,12.797100,12.885900
1526994363,12.797200,12.885900
1526994364,12.797600,12.885900
1526928829,13.190000,13.215000
1526994367,12.797700,12.885800
1526994370,12.798000,12.885700
1526994371,12.798600,12.885700
1526994373,12.798700,12.885700
1526928838,13.190000,13.227100
1526956961,12.975800,13.000000
1526994376,12.798700,12.885600
1526994378,12.798700,12.885500
1526994379,12.798700,12.865300
1526994380,12.798800,12.865200
1526928846,13.190000,13.226800
1526928848,13.190000,13.226700
1526928850,13.190000,13.226600
1526994387,12.798900,12.865100
1526928852,13.190000,13.226500
1526994389,12.798900,12.837000
1526994390,12.799000,12.837000
1526994391,12.799000,12.836900
1526994392,12.799000,12.836800
1526928858,13.190000,13.226300
1526994395,12.769900,12.836600
1526928860,13.190000,13.226200
1526928861,13.190000,13.225800
1526928862,13.190000,13.225700
1526994399,12.760300,12.798800
1526928864,13.190000,13.225600
1526928865,13.190000,13.225500
1526928868,13.190000,13.225400
1526928871,13.190000,13.225300
1526928873,13.190000,13.225200
1526928875,13.190000,13.225100
1526928876,13.190000,13.225000
1526928878,13.190000,13.221800
1526928883,13.190000,13.221700
1526928885,13.190000,13.221600
1526928887,13.190000,13.221500
1526928888,13.190000,13.221400
1526928891,13.190000,13.220100
1526994428,12.760400,12.811100
1526994429,12.760300,12.811100
1526994430,12.761000,12.810200
1526928895,13.190000,13.219900
1526928896,13.190000,13.220000
1526928897,13.190000,13.219800
1526928898,13.157000,13.219800
1526928899,13.157100,13.219800
1526928901,13.157100,13.219700
1526994438,12.760400,12.810200
1526928906,13.157100,13.219600
1526928907,13.157100,13.219500
1526928908,13.157100,13.219400
1526928912,13.157100,13.219300
1526928914,13.157100,13.219200
1526928915,13.157100,13.208100
1526928917,13.157100,13.208000
1526928919,13.157100,13.207900
1526928920,13.157100,13.207800
1526928922,13.157100,13.207600
1526994459,12.760400,12.865200
1526928925,13.157100,13.207500
1526994462,12.760400,12.864900
1526994463,12.760600,12.864700
1526994464,12.760700,12.864700
1526928930,13.157300,13.207300
1526994469,12.760700,12.864600
1526994470,12.760700,12.864500
1526928935,13.157400,13.207300
1526928936,13.157400,13.207200
1526928937,13.157400,13.207200
1526994474,12.760700,12.864400
1526994476,12.760800,12.864200
1526928941,13.157500,13.207100
1526994478,12.760800,12.864100
1526928943,13.157500,13.207000
1526994480,12.760400,12.864000
1526994481,12.760900,12.864000
1526994482,12.760900,12.863600
1526928947,13.157500,13.206900
1526994484,12.760900,12.863300
1526994485,12.760900,12.863200
1526928952,13.157500,13.206800
1526994489,12.761000,12.862600
1526928955,13.157500,13.206900
1526928956,13.157500,13.206600
1527017086,12.710800,12.768500
1526928958,13.157500,13.219000
1526994495,12.764700,12.848900
1526994497,12.764900,12.848900
1526994498,12.765000,12.848900
1526928963,13.150000,13.206400
1526994501,12.765000,12.862900
1526928966,13.150100,13.206300
1526994504,12.765000,12.862700
1526994505,12.765000,12.862600
1526994506,12.765100,12.862600
1526928971,13.150100,13.218900
1526928972,13.150100,13.206200
1526994509,12.765400,12.862200
1527003993,12.850000,12.869400
1526928975,13.150200,13.206200
1526928978,13.150200,13.206100
1526928982,13.150200,13.206000
1526994519,12.765600,12.861400
1526994521,12.765600,12.861200
1526994522,12.765700,12.861200
1526994523,12.765200,12.861200
1526994524,12.765200,12.861100
1526994528,12.765200,12.861000
1526994529,12.765200,12.860700
1526994530,12.765200,12.860700
1526994532,12.765200,12.860600
1526994533,12.765300,12.860600
1526994534,12.765300,12.860500
1526928999,13.150200,13.203100
1526994536,12.765300,12.860100
1526929002,13.150100,13.203100
1526929004,13.150100,13.203000
1526994542,12.765600,12.860100
1526994543,12.765600,12.850700
1526994545,12.768900,12.850600
1526929010,13.150100,13.210000
1526994547,12.769000,12.850600
1526929016,13.150200,13.202900
1526994553,12.768900,12.850300
1526994554,12.768900,12.850200
1526994556,12.768900,12.850100
1527000682,12.820000,12.860000
1526994559,12.768900,12.850000
1526994561,12.768900,12.849900
1526994563,12.768900,12.849800
1526994565,12.768900,12.849700
1527000684,12.820000,12.859900
1526994571,12.768900,12.849600
1526994572,12.753900,12.849600
1526994574,12.753900,12.849500
1526929039,13.150200,13.202900
1526994576,12.753900,12.849400
1527022531,12.580000,12.606300
1526994581,12.754200,12.849400
1526994583,12.754500,12.849200
1526994587,12.754500,12.849100
1526929053,13.150200,13.202800
1526994591,12.754600,12.849100
1526929059,13.150200,13.202700
1526994597,12.754800,12.848400
1526994602,12.754800,12.848100
1526994604,12.744800,12.848000
1526929069,13.150200,13.198200
1526994606,12.744900,12.848000
1526994609,12.744900,12.847700
1526929075,13.150200,13.198100
1526929077,13.150200,13.198000
1526994614,12.744900,12.847600
1526994615,12.744900,12.847200
1526994616,12.745000,12.847200
1526935156,13.344800,13.429300
1526994619,12.745000,12.847100
1526929084,13.150200,13.197900
1526994621,12.745100,12.847100
1526929086,13.150200,13.197800
1526938918,13.350100,13.399100
1526929090,13.150200,13.196900
1526994627,12.745200,12.846300
1526994628,12.745200,12.846200
1526994629,12.745200,12.846100
1526994630,12.745300,12.846100
1526994632,12.745300,12.825000
1526994634,12.745600,12.825000
1526994636,12.745700,12.825000
1526994639,12.746000,12.825000
1526994645,12.746100,12.825000
1526929110,13.150200,13.196700
1526929111,13.150200,13.196600
1526994648,12.746200,12.825000
1526929113,13.150000,13.150100
1526994652,12.746300,12.825000
1526994655,12.746400,12.825000
1526935163,13.345100,13.429200
1526994660,12.746500,12.825000
1526994662,12.746600,12.825000
1526994665,12.756700,12.825000
1526994667,12.756800,12.825000
1526994669,12.756900,12.825000
1526994671,12.757000,12.825000
1526994672,12.757200,12.853900
1526994673,12.757300,12.853900
1526994675,12.757400,12.853500
1526994676,12.757500,12.853400
1526994678,12.757500,12.853300
1526994679,12.757600,12.853300
1526994681,12.757600,12.853200
1526994682,12.758100,12.852700
1526994689,12.758200,12.852600
1526994692,12.757900,12.853100
1526994693,12.758000,12.853000
1526994694,12.758300,12.853000
1526994695,12.758600,12.853000
1526994696,12.758600,12.852700
1526994698,12.758700,12.852700
1526994699,12.758800,12.852600
1526994702,12.759100,12.852600
1526994705,12.759200,12.852400
1526994706,12.759200,12.852300
1526994708,12.759200,12.851700
1526994709,12.759800,12.851700
1526994711,12.759900,12.851600
1526994713,12.760000,12.851600
1526994715,12.760100,12.851600
1526994717,12.760200,12.851600
1526994718,12.760300,12.852000
1526994719,12.760400,12.852000
1526994722,12.760600,12.852000
1526994723,12.760600,12.831000
1526994724,12.768000,12.831000
1526994727,12.768100,12.831000
1527011634,12.828800,12.929800
1526994734,12.768400,12.831000
1526994735,12.768500,12.831000
1527011638,12.828700,12.920000
1526994763,12.768500,12.864200
1526994765,12.768500,12.864100
1526994766,12.769100,12.863500
1526994769,12.769100,12.863400
1526994771,12.769100,12.863300
1526994774,12.768700,12.863100
1526994776,12.768800,12.863000
1526994777,12.768800,12.863100
1526994780,12.768900,12.863100
1526994781,12.769100,12.862800
1526994782,12.769200,12.862800
1526929247,13.150100,13.182400
1526994784,12.769300,12.862800
1526994785,12.769300,12.862800
1526994786,12.769200,12.862700
1526994787,12.769700,12.862500
1526994788,12.769800,12.862400
1526994789,12.770000,12.862400
1526994790,12.770100,12.862400
1526994794,12.770700,12.861900
1526994797,12.770700,12.861800
1526994799,12.770800,12.861800
1526994804,12.770800,12.862300
1526994805,12.770800,12.861700
1526994807,12.770400,12.861700
1526994809,12.770500,12.861700
1526994810,12.770500,12.862100
1526994812,12.770500,12.862200
1526994813,12.770500,12.861600
1526994815,12.770500,12.861500
1527010550,12.825300,12.909600
1526994819,12.770600,12.853800
1526994820,12.770700,12.853800
1526929285,13.150000,13.182400
1526994822,12.770700,12.853500
1526994823,12.770800,12.853500
1526994825,12.770800,12.853400
1526994826,12.770900,12.853400
1526994832,12.771000,12.853400
1526935192,13.360300,13.440300
1526994834,12.771100,12.853400
1527030191,12.158000,12.232500
1526994839,12.771200,12.853400
1526994845,12.770900,12.853400
1526994848,12.770300,12.853400
1526994858,12.770300,12.863400
1526994859,12.770300,12.853300
1526994867,12.770100,12.853300
1527000734,12.820000,12.839500
1526994873,12.770100,12.853100
1526994874,12.770700,12.853100
1526994875,12.770800,12.862400
1526994877,12.770800,12.862300
1526994878,12.770800,12.862000
1526994881,12.770800,12.861800
1526994882,12.770700,12.861800
1526994883,12.770800,12.861800
1526994884,12.770800,12.861700
1526994886,12.770800,12.861600
1526994887,12.770800,12.861500
1526994893,12.770800,12.861400
1526994894,12.770800,12.861200
1526994896,12.770800,12.861100
1526994900,12.770500,12.860700
1526994901,12.770500,12.860600
1526994902,12.770500,12.846100
1526994904,12.770500,12.846000
1526994909,12.770100,12.846000
1526994910,12.770200,12.846000
1526994911,12.770300,12.846000
1526994913,12.770200,12.846000
1526994914,12.770400,12.846000
1527022587,12.534300,12.561900
1526949450,13.342300,13.389900
1526940721,13.237300,13.318300
1526929383,13.163300,13.182400
1526994921,12.770500,12.846000
1526929386,13.163300,13.201300
1526994923,12.770600,12.846000
1526994927,12.770700,12.846000
1526929393,13.163300,13.229200
1526929394,13.163300,13.229100
1526929395,13.163300,13.229000
1526929397,13.163300,13.228900
1526929398,13.163300,13.228800
1526929400,13.163300,13.228700
1526994937,12.771000,12.846100
1526929402,13.163300,13.228600
1526929403,13.163300,13.228500
1526994940,12.780000,12.867500
1526929405,13.163300,13.228400
1526994942,12.780100,12.868200
1526994943,12.780200,12.867200
1526994945,12.780300,12.867200
1526994947,12.780400,12.867100
1526994948,12.780400,12.867100
1526994949,12.780500,12.867100
1526994950,12.780400,12.867100
1526994951,12.780600,12.867100
1526994952,12.780700,12.867100
1526994954,12.780800,12.867100
1526994955,12.780900,12.867100
1526994957,12.781000,12.867100
1526994958,12.781100,12.867100
1526994959,12.789400,12.867100
1526994960,12.789500,12.867100
1526929425,13.163300,13.228200
1526994962,12.789600,12.871500
1526929427,13.163300,13.228100
1526994964,12.789600,12.867000
1526994965,12.789600,12.881000
1526929430,13.163300,13.228200
1526929431,13.163300,13.228000
1526994969,12.789900,12.866900
1526929435,13.163300,13.227900
1526994972,12.790000,12.880800
1526994977,12.790000,12.880600
1526994978,12.790000,12.880500
1526929445,13.163300,13.227800
1526994983,12.790100,12.880500
1526994984,12.790000,12.880500
1526994985,12.790200,12.880500
1526994987,12.790300,12.880500
1526994990,12.790300,12.880500
1526994991,12.790400,12.880500
1526994992,12.790500,12.880500
1526929457,13.163300,13.227600
1526994994,12.790500,12.866800
1526994995,12.790500,12.866700
1526994997,12.790600,12.866700
1526929463,13.163300,13.227400
1526935220,13.361400,13.430000
1526995002,12.790700,12.866700
1526995004,12.790600,12.866700
1526995006,12.790600,12.866600
1526929471,13.163300,13.227300
1526929472,13.163300,13.227200
1526929473,13.163300,13.227100
1526929474,13.163300,13.227000
1526929476,13.163300,13.226900
1526929477,13.163300,13.226800
1526929479,13.163300,13.226700
1527022604,12.560000,12.570000
1526929482,13.163300,13.218400
1526929484,13.163300,13.218300
1526929486,13.163400,13.218300
1526929487,13.163300,13.218300
1526929490,13.163400,13.218200
1526995027,12.790700,12.880900
1526995028,12.790700,12.880800
1526929493,13.163500,13.218200
1526929494,13.163500,13.218100
1526995033,12.791000,12.880800
1526995037,12.791000,12.880900
1526929503,13.163700,13.217900
1526929509,13.163700,13.219500
1526929510,13.163700,13.217800
1526929513,13.163700,13.217700
1526995050,12.791800,12.880700
1526995051,12.791900,12.880700
1526995052,12.792000,12.880700
1526995053,12.792000,12.880600
1526929519,13.163700,13.217500
1526995056,12.792100,12.880500
1526995057,12.792200,12.880400
1526929523,13.163700,13.217400
1526929525,13.163700,13.217300
1526929526,13.163300,13.217300
1526929527,13.163300,13.217200
1526929528,13.163300,13.217100
1526995065,12.792300,12.880300
1526929530,13.163300,13.217000
1526995067,12.790000,12.880000
1526929533,13.163300,13.216800
1526995070,12.790100,12.879800
1526929535,13.163300,13.216700
1526929536,13.163300,13.216600
1526929537,13.163300,13.216500
1526995074,12.790300,12.879600
1526929540,13.163300,13.216400
1526995077,12.790300,12.879500
1526995078,12.790400,12.879500
1526929543,13.163300,13.216200
1526995080,12.790500,12.879400
1526995081,12.790500,12.866700
1526995082,12.790600,12.866700
1526995084,12.792300,12.866700
1526929549,13.163300,13.216000
1526995087,12.792400,12.866700
1526929552,13.163300,13.216200
1526929553,13.163300,13.215900
1526929554,13.163300,13.233700
1526929555,13.163300,13.215800
1527011694,12.829300,12.919400
1526929560,13.163300,13.215700
1526929562,13.163300,13.215600
1526929564,13.170000,13.215600
1526929570,13.170000,13.215400
1526929575,13.163300,13.215400
1526929577,13.163300,13.215300
1526995115,12.792400,12.910400
1526995116,12.792700,12.910300
1526995117,12.792800,12.910200
1526995118,12.792800,12.882400
1526929583,13.163300,13.215100
1526929586,13.163300,13.215000
1526929587,13.163300,13.214900
1527017107,12.710800,12.767900
1526929591,13.163300,13.214800
1526995128,12.792800,12.897200
1526995129,12.792800,12.897100
1526995130,12.793100,12.896800
1526995133,12.793200,12.896800
1526995135,12.793200,12.886900
1526995136,12.793600,12.886900
1526995137,12.793600,12.886800
1526995138,12.793700,12.886800
1526995140,12.793800,12.873900
1526995143,12.793900,12.873900
1526929609,13.163300,13.214700
1526951640,12.916900,12.984700
1526995150,12.793900,12.886200
1526995151,12.793900,12.886800
1526995152,12.792800,12.886800
1526995153,12.794000,12.886800
1526995154,12.794000,12.886700
1526995155,12.792800,12.886700
1526995156,12.794300,12.886500
1526929625,13.163300,13.214400
1526995162,12.794300,12.886400
1526995164,12.792900,12.886400
1526995165,12.792900,12.886000
1526995168,12.789900,12.886000
1526995169,12.793000,12.886000
1526995171,12.793000,12.885500
1526995173,12.790600,12.885500
1526995175,12.790700,12.885500
1526929641,13.163300,13.214200
1526995178,12.790700,12.886000
1526995179,12.790800,12.886000
1526929644,13.163300,13.214100
1526995183,12.793900,12.886000
1526995184,12.793900,12.897200
1526995185,12.794000,12.886000
1526995190,12.794400,12.885600
1526995195,12.794600,12.885600
1526995196,12.794600,12.885400
1527011712,12.829100,12.918900
1526995204,12.794200,12.885400
1526995209,12.794200,12.885100
1526929675,13.163300,13.213800
1526995212,12.794200,12.884800
1527011714,12.829200,12.928100
1526995214,12.794200,12.884700
1526995217,12.789900,12.884300
1526995218,12.790000,12.884300
1526929683,13.163300,13.213600
1526929684,13.163300,13.213500
1526995222,12.790600,12.884100
1526929688,13.163300,13.213400
1526995226,12.790600,12.854300
1526929692,13.163300,13.213300
1526995231,12.789400,12.854300
1526929696,13.163300,13.213200
1526929701,13.163300,13.213100
1526995238,12.783400,12.854300
1526995242,12.789500,12.854300
1526929707,13.163300,13.213000
1526995247,12.783500,12.854300
1526995257,12.777800,12.854300
1526995259,12.777700,12.854300
1526995260,12.777700,12.854200
1526995261,12.777800,12.854200
1526995263,12.777900,12.854200
1527028023,12.387600,12.439900
1526995266,12.789500,12.854200
1526929731,13.163300,13.212800
1526929735,13.163300,13.212700
1526929743,13.163300,13.212600
1526995282,12.789500,12.854300
1526929748,13.163300,13.212500
1526995285,12.789500,12.854100
1526995286,12.789500,12.854300
1526995289,12.789500,12.854000
1526995290,12.789500,12.854300
1526995291,12.789500,12.853900
1526929758,13.163300,13.212400
1526929762,13.163300,13.212300
1526995299,12.789900,12.853800
1526995301,12.789900,12.853500
1526995302,12.777900,12.853500
1526929767,13.163300,13.212200
1526995304,12.778000,12.853500
1526929772,13.163300,13.212100
1526995311,12.767400,12.853500
1526929776,13.163300,13.212000
1526995315,12.767400,12.854200
1526995317,12.767500,12.854200
1526929782,13.170000,13.212000
1526995319,12.767500,12.854200
1526995320,12.767700,12.854200
1526929787,13.170000,13.211800
1526995325,12.767800,12.854200
1527011733,12.828800,12.910000
1526929792,13.170000,13.211700
1526995329,12.767900,12.854200
1526995331,12.768100,12.854200
1526995333,12.768200,12.854200
1526941105,13.240100,13.310100
1526995338,12.768400,12.843600
1526995340,12.768500,12.843600
1526995342,12.768600,12.843600
1526995343,12.768500,12.843600
1526995344,12.768600,12.843600
1526995347,12.768700,12.843500
1526995349,12.768800,12.843500
1526929815,13.170000,13.211600
1526929819,13.170000,13.211500
1526995356,12.768800,12.843600
1526995358,12.768900,12.843600
1526995362,12.769000,12.843600
1527011739,12.829100,12.910000
1526995367,12.769100,12.843600
1526995369,12.769100,12.854200
1526995370,12.769200,12.854200
1526929836,13.170000,13.211400
1526995373,12.769300,12.854200
1526995376,12.769500,12.854200
1526995379,12.769600,12.854200
1526995381,12.769700,12.873000
1526995382,12.770000,12.872900
1526995383,12.770000,12.854200
1526929849,13.170100,13.211500
1526995386,12.770100,12.854200
1526995388,12.770200,12.854200
1526995392,12.770300,12.854200
1526929862,13.168500,13.211500
1526929863,13.170200,13.211500
1526929864,13.168500,13.211500
1526929866,13.170300,13.211500
1526995403,12.769900,12.854200
1526995404,12.769900,12.854100
1526995406,12.769900,12.854000
1526995410,12.770000,12.854000
1526929875,13.180000,13.249800
1526995413,12.770000,12.854200
1526929878,13.180000,13.249700
1526929879,13.180000,13.238900
1526995416,12.770100,12.854200
1526995417,12.770100,12.854100
1526995420,12.770100,12.854000
1526995421,12.770100,12.838800
1526929887,13.168400,13.238700
1526929889,13.163400,13.238700
1526929890,13.163500,13.238700
1526929892,13.168500,13.238700
1526929896,13.163400,13.238700
1526929897,13.168800,13.238600
1527011751,12.829300,12.918900
1526929901,13.168800,13.238500
1526929903,13.168800,13.238400
1526929904,13.168900,13.238400
1526929906,13.168900,13.238300
1526929909,13.168900,13.238200
1526929912,13.168900,13.238400
1526929913,13.168900,13.238100
1526929916,13.168800,13.238100
1526929917,13.168900,13.238100
1526929919,13.168900,13.238000
1526995458,12.769800,12.838800
1526929923,13.180000,13.238000
1526929924,13.180000,13.249500
1526929925,13.180000,13.237900
1526929926,13.180200,13.237900
1526929929,13.180300,13.237900
1526929930,13.180300,13.237800
1526929931,13.180300,13.237700
1527000834,12.820000,12.869300
1526929934,13.180300,13.200000
1526995471,12.769800,12.838700
1526929937,13.180200,13.200000
1526995475,12.769600,12.838700
1526995477,12.769600,12.838700
1526995478,12.800000,12.838700
1526929943,13.186800,13.200000
1526935300,13.364900,13.429700
1526995482,12.800000,12.838800
1526929948,13.186900,13.200000
1526929950,13.200000,13.235400
1526929952,13.200200,13.235400
1526929956,13.200200,13.237500
1526995493,12.800000,12.838700
1526929958,13.200200,13.237400
1526995495,12.800000,12.838600
1526929962,13.200200,13.237300
1526995499,12.800000,12.838500
1526995502,12.800000,12.838400
1526929968,13.200200,13.237400
1526929972,13.200500,13.237400
1526929974,13.200600,13.237400
1526935305,13.365000,13.429700
1526929976,13.200600,13.250000
1526995515,12.800000,12.838300
1526995519,12.800000,12.838200
1527000843,12.820000,12.869100
1526995527,12.800000,12.838100
1526995529,12.800000,12.838000
1526995530,12.800000,12.837900
1526995298,12.789900,12.854100
1526995534,12.800000,12.837700
1526995535,12.800000,12.837600
1526995540,12.800000,12.837500
1526935310,13.365100,13.429600
1526995543,12.800000,12.837400
1526930008,13.200600,13.249900
1526995547,12.800000,12.837300
1526995548,12.800000,12.837200
1526930014,13.200300,13.249900
1526930015,13.200700,13.249900
1526995552,12.800000,12.837100
1526930018,13.200200,13.250000
1526930019,13.200800,13.250000
1526995557,12.800000,12.836900
1526995559,12.800000,12.836800
1526995561,12.800000,12.836700
1526995562,12.800000,12.836600
1526995564,12.800000,12.836500
1526995565,12.800000,12.836400
1526995567,12.800000,12.836400
1526930032,13.210200,13.250000
1526930033,13.206400,13.250000
1526930034,13.210200,13.250000
1526995571,12.800000,12.836300
1526995572,12.766100,12.836300
1526995573,12.766100,12.836200
1526995575,12.766100,12.836100
1526995576,12.766100,12.836200
1526930041,13.204700,13.250000
1526930042,13.210300,13.250000
1526930043,13.210300,13.250100
1526930048,13.220000,13.250100
1526930050,13.220100,13.250100
1526995590,12.800000,12.836100
1526995598,12.800000,12.836200
1526995599,12.800000,12.836000
1526930064,13.202100,13.250100
1526930065,13.202600,13.250100
1526930066,13.220200,13.250100
1527011779,12.828600,12.909900
1526930069,13.220300,13.250100
1526968089,12.948700,12.986300
1526995609,12.800000,12.835900
1526930075,13.202500,13.250100
1526930076,13.220400,13.250100
1526995613,12.800000,12.836200
1526995614,12.800000,12.835800
1526995616,12.800000,12.836200
1526930081,13.220500,13.250100
1526995619,12.800000,12.836100
1526930084,13.220600,13.250100
1526930091,13.207000,13.250100
1526995628,12.800000,12.836100
1526930093,13.207100,13.250100
1526930095,13.220000,13.250100
1526930097,13.220100,13.250100
1526930113,13.209700,13.250100
1526930114,13.220200,13.250100
1526935329,13.365800,13.429900
1526995656,12.800100,12.836100
1526930121,13.220300,13.250100
1526930123,13.209800,13.250100
1526930124,13.209900,13.250100
1526930125,13.210000,13.250100
1526930129,13.220000,13.250100
1526995666,12.800400,12.836100
1526995667,12.800500,12.836100
1526930133,13.220400,13.250100
1526995670,12.800600,12.836100
1526995671,12.800100,12.836100
1526938925,13.350100,13.398800
1526995680,12.800400,12.836100
1526995682,12.800500,12.836100
1526995704,12.800500,12.870500
1526995705,12.800500,12.836100
1526995706,12.800100,12.836100
1526995707,12.800600,12.836100
1526995709,12.800000,12.836100
1526995710,12.800700,12.836100
1526995717,12.800400,12.836100
1526930185,13.220600,13.250100
1526930188,13.220700,13.250100
1526930196,13.220800,13.250100
1526930197,13.220900,13.250100
1526930201,13.221000,13.250100
1526930204,13.221100,13.250100
1526930209,13.221200,13.250100
1527011803,12.828800,12.909900
1526930213,13.221300,13.250100
1526930219,13.221400,13.250100
1526930221,13.221500,13.250100
1526930225,13.221600,13.250100
1526930229,13.221700,13.250100
1526995766,12.800300,12.875900
1526995767,12.800300,12.836100
1526930235,13.221800,13.250100
1526930238,13.221900,13.250100
1526930240,13.221800,13.250100
1526930241,13.222100,13.250100
1526930245,13.222200,13.250100
1526930247,13.222300,13.250100
1526995785,12.800300,12.836000
1526930251,13.222400,13.250100
1526930253,13.222500,13.250100
1526930258,13.222600,13.250100
1526995795,12.800300,12.836100
1526930261,13.222700,13.250100
1526930263,13.222800,13.250100
1526995800,12.800000,12.836100
1527011812,12.828600,12.909900
1526995802,12.800000,12.836000
1526930267,13.222900,13.250100
1526995807,12.800300,12.836000
1526930272,13.222800,13.250100
1526995809,12.800300,12.836100
1526930274,13.223000,13.250100
1526930276,13.223100,13.250100
1526930279,13.223200,13.250100
1526995817,12.800000,12.836100
1526995818,12.800400,12.836100
1526995820,12.800600,12.836000
1527022738,12.570200,12.625300
1526930289,13.223600,13.250100
1526988761,12.730200,12.748900
1526930291,13.223500,13.250100
1526930293,13.223600,13.250100
1526930294,13.223700,13.250100
1526930298,13.223800,13.250100
1526930301,13.223900,13.250100
1526930303,13.224000,13.250100
1526995840,12.800600,12.835900
1526995843,12.800700,12.835900
1526930309,13.224100,13.250100
1526930313,13.224200,13.250100
1526930314,13.224300,13.250100
1526930315,13.224400,13.250100
1526930317,13.224500,13.250100
1526995858,12.800600,12.835900
1526930324,13.224700,13.250100
1526930325,13.224800,13.250100
1526930328,13.224900,13.250100
1526930331,13.225000,13.250100
1526995868,12.800700,12.835900
1526930334,13.225100,13.250100
1526995871,12.800700,12.835900
1526995872,12.801000,12.835900
1526995873,12.800700,12.835900
1526995876,12.800600,12.835900
1526930341,13.225200,13.250100
1526930344,13.225300,13.250100
1526930348,13.225400,13.255000
1526930350,13.225500,13.255000
1526995888,12.800800,12.835900
1526995890,12.800800,12.836000
1526995891,12.800800,12.859600
1526995892,12.800800,12.836000
1526995909,12.800700,12.836000
1526995910,12.800700,12.835900
1526930378,13.225400,13.255000
1526995915,12.800600,12.835900
1527021498,12.630100,12.680300
1526930396,13.225500,13.255000
1526930405,13.225400,13.255000
1526995942,12.800000,12.835900
1527006140,12.957800,13.047900
1527011838,12.828700,12.900000
1526930422,13.225500,13.255000
1526996438,12.810000,12.904000
1526930427,13.225700,13.255000
1526995965,12.800700,12.835900
1526930430,13.225700,13.255000
1526930434,13.225800,13.255000
1526944937,13.397800,13.469900
1526995979,12.800800,12.835900
1526995981,12.800700,12.835900
1526930447,13.225400,13.255000
1526995984,12.800900,12.835900
1526995988,12.800800,12.835900
1526995991,12.801000,12.835900
1526995992,12.801100,12.835900
1526995995,12.801100,12.835900
1526995997,12.800800,12.835900
1526995998,12.801200,12.835900
1526995999,12.801300,12.835900
1526996001,12.800800,12.835900
1526996002,12.801400,12.835900
1526996005,12.800800,12.835900
1526996007,12.801500,12.835900
1526996008,12.800800,12.835900
1526935388,13.365200,13.429900
1526996011,12.801600,12.835900
1526996013,12.800800,12.835900
1526996017,12.800100,12.835900
1526996018,12.800900,12.835900
1526996019,12.800100,12.835900
1526996038,12.800400,12.835900
1526996039,12.800000,12.835900
1526996043,12.800400,12.835900
1526996051,12.800700,12.835900
1526996058,12.800300,12.835900
1526996059,12.800600,12.835900
1526996060,12.800700,12.835900
1526996079,12.800700,12.841800
1526996081,12.800700,12.841700
1527011859,12.808300,12.820000
1526996084,12.800700,12.841600
1526930549,13.225300,13.255000
1526930550,13.191900,13.255000
1526930553,13.192000,13.255000
1526930557,13.200000,13.255000
1526930559,13.200100,13.255000
1526930564,13.200200,13.255000
1526996103,12.801300,12.841700
1526996105,12.801400,12.841700
1526996106,12.801300,12.841700
1526996107,12.801500,12.841700
1526996108,12.801300,12.841700
1526930573,13.200300,13.254900
1526996111,12.801600,12.841700
1526930577,13.200400,13.254900
1526996114,12.801900,12.841700
1526996115,12.802000,12.841700
1526996117,12.802100,12.841700
1526996119,12.802200,12.841700
1526996121,12.802400,12.841700
1526930588,13.200500,13.254900
1526996125,12.802500,12.841700
1526996128,12.870000,12.896000
1526930594,13.200600,13.254900
1526996131,12.870000,12.895900
1526996132,12.870000,12.895800
1526996133,12.870000,12.895300
1526996134,12.802800,12.895300
1526930600,13.200900,13.254900
1526996137,12.802800,12.895200
1526957255,13.000500,13.050000
1526996141,12.802900,12.894900
1526930607,13.201000,13.254900
1526996144,12.802900,12.895000
1526996145,12.803000,12.894800
1526996146,12.803000,12.894500
1526996153,12.803300,12.894500
1526996154,12.803300,12.895000
1527011871,12.808500,12.820000
1526996158,12.803700,12.894900
1526996160,12.803700,12.894800
1526996164,12.803700,12.894700
1526996165,12.803700,12.894600
1526996167,12.803300,12.894600
1526996170,12.803400,12.894500
1527000951,12.800300,12.859600
1526996173,12.803700,12.894200
1526930638,13.201100,13.254900
1526930639,13.201100,13.249300
1526996179,12.803900,12.894000
1526930648,13.201200,13.249300
1526996185,12.804200,12.894000
1526996186,12.804200,12.893900
1526996188,12.804200,12.893800
1526996189,12.870000,12.893800
1526996192,12.870000,12.893700
1526996194,12.803600,12.866500
1526996196,12.803600,12.866400
1526930661,13.201200,13.249200
1526930665,13.201300,13.249200
1526996202,12.803600,12.866700
1526996204,12.803600,12.866300
1526930670,13.201400,13.249200
1527000957,12.800300,12.873800
1526996211,12.803800,12.866300
1526996212,12.803800,12.891800
1526996213,12.803800,12.866200
1526930678,13.189100,13.249200
1526996215,12.803800,12.891600
1526996216,12.803800,12.866100
1526930681,13.189200,13.249200
1526930684,13.189300,13.249200
1526996222,12.803800,12.891400
1526930687,13.189500,13.249200
1526996224,12.803800,12.891200
1526996225,12.803800,12.866000
1526930691,13.189600,13.249200
1526930692,13.189700,13.249200
1526930693,13.189800,13.249200
1526996230,12.803800,12.891100
1526996231,12.803800,12.865900
1526996232,12.803800,12.888300
1526996233,12.803800,12.865900
1526930699,13.190000,13.249200
1526996236,12.803800,12.865800
1526930701,13.190100,13.249200
1526930703,13.190200,13.249200
1526930704,13.190300,13.249200
1526930705,13.190400,13.249200
1526996242,12.803800,12.865800
1526996243,12.803800,12.888200
1526996244,12.803800,12.888100
1526996246,12.803800,12.888000
1526930711,13.190500,13.249200
1526996248,12.803800,12.887900
1526996249,12.803900,12.887900
1526996250,12.803900,12.887800
1526930715,13.190600,13.249200
1526996252,12.803900,12.887700
1526996253,12.803800,12.887700
1526996254,12.803800,12.887600
1527000965,12.800300,12.873400
1526996256,12.803800,12.887500
1526996257,12.803800,12.887400
1526930722,13.190700,13.249200
1526996259,12.803800,12.887300
1526996261,12.803800,12.887200
1526930726,13.190900,13.249200
1526996263,12.803900,12.887100
1526996265,12.803900,12.887000
1526930731,13.191000,13.249200
1526996270,12.803900,12.886900
1526996272,12.803900,12.886800
1526996274,12.803900,12.886700
1526930739,13.191300,13.249200
1526996276,12.803900,12.886600
1526930743,13.191400,13.249200
1526996282,12.803900,12.886500
1526996284,12.803800,12.886400
1526930749,13.191500,13.249200
1526996287,12.803800,12.886300
1526930755,13.163500,13.249200
1526930757,13.163700,13.249200
1526930758,13.163800,13.249200
1526996295,12.803800,12.886100
1526930760,13.170000,13.249200
1526996297,12.803600,12.886000
1526996299,12.803600,12.885900
1526930764,13.170300,13.249200
1526996301,12.803600,12.885800
1526996302,12.803600,12.885900
1526996303,12.803600,12.885800
1526996304,12.803600,12.885700
1526996305,12.803900,12.885600
1526930770,13.170600,13.249200
1526996307,12.803900,12.885500
1526996308,12.803900,12.885400
1526930773,13.170700,13.249200
1526996311,12.803900,12.885300
1526930776,13.170800,13.249200
1526930777,13.170900,13.249200
1526996314,12.804000,12.885300
1526996315,12.804000,12.885200
1526930780,13.171000,13.249200
1526930781,13.171100,13.249200
1526930783,13.171200,13.249200
1526996320,12.804000,12.885100
1526996321,12.803900,12.885100
1526930786,13.171300,13.249200
1526996324,12.803900,12.885000
1526996325,12.803900,12.884900
1526930790,13.171400,13.249200
1526930791,13.180000,13.249200
1526930792,13.180100,13.249200
1526996329,12.803900,12.884600
1526996331,12.803900,12.884500
1526930796,13.171500,13.249200
1526996333,12.803900,12.884300
1526930798,13.171600,13.249200
1526996335,12.804200,12.884200
1526996337,12.804200,12.884100
1526996338,12.804200,12.884000
1526930804,13.171700,13.249200
1526996341,12.804200,12.883900
1526930808,13.171800,13.249200
1526996345,12.804200,12.883800
1526996346,12.804200,12.883700
1526996350,12.804200,12.883600
1526996351,12.804200,12.883500
1526996352,12.804200,12.883400
1526930817,13.171600,13.249200
1527017148,12.710900,12.766800
1526996356,12.804200,12.883300
1526996357,12.804200,12.883200
1526930823,13.171700,13.249100
1526996360,12.804200,12.883100
1526996367,12.804300,12.883000
1526996368,12.804300,12.882900
1526930833,13.164000,13.249100
1526930834,13.164100,13.249200
1526930835,13.164200,13.249200
1526930836,13.170000,13.249200
1527022830,12.549500,12.622900
1526930838,13.170100,13.249200
1526930839,13.170200,13.249100
1526930842,13.170200,13.249200
1526930843,13.170300,13.249000
1526996380,12.804300,12.882700
1526935450,13.367100,13.429900
1526996382,12.804300,12.882600
1526930847,13.170400,13.249000
1526930850,13.170400,13.249100
1526930851,13.170500,13.249100
1526930852,13.170500,13.249200
1526930854,13.170600,13.249200
1526996392,12.804400,12.882400
1526930859,13.170800,13.249200
1526996396,12.804500,12.882400
1526996398,12.804500,12.907100
1526930863,13.170900,13.249200
1526996401,12.804500,12.906900
1526996402,12.804500,12.906800
1526930867,13.171100,13.249200
1526930868,13.171200,13.249200
1526930870,13.171300,13.249200
1526930871,13.171400,13.249200
1526996408,12.805100,12.906200
1526996410,12.805100,12.906000
1526996411,12.805100,12.905900
1526996413,12.804700,12.905800
1526930878,13.171600,13.249200
1526996415,12.804700,12.905700
1526930880,13.171700,13.249200
1526996417,12.804700,12.905600
1526930883,13.171800,13.249200
1526996420,12.804800,12.905400
1526930885,13.171900,13.249200
1526930888,13.172000,13.249200
1526996425,12.804900,12.905000
1526996427,12.804900,12.904900
1526930893,13.172100,13.249200
1526996430,12.810000,12.904700
1526996431,12.810000,12.904300
1526930896,13.172200,13.249200
1526930898,13.172300,13.249200
1526930900,13.172400,13.249200
1526996437,12.810000,12.904100
1526930902,13.172500,13.249200
1526930903,13.172600,13.249200
1526996440,12.810000,12.903900
1526996442,12.810000,12.903800
1526996443,12.810000,12.903700
1526996444,12.810000,12.903400
1526996446,12.810000,12.903300
1526996449,12.810000,12.903200
1526930914,13.180200,13.249200
1526996451,12.810300,12.902800
1526930916,13.180300,13.249200
1526996454,12.810400,12.902700
1526930919,13.180400,13.249200
1526996456,12.810400,12.902100
1526996457,12.811000,12.902100
1526996459,12.811000,12.902000
1526930924,13.172900,13.249000
1526930925,13.172800,13.249000
1526930927,13.180500,13.248400
1526930928,13.180600,13.248400
1526996465,12.817300,12.902000
1526930931,13.180700,13.248400
1526996468,12.850000,12.902000
1526930934,13.180800,13.248400
1526930936,13.180800,13.248500
1526930938,13.180800,13.248400
1526935466,13.367700,13.429700
1526930942,13.180800,13.248300
1526996480,12.850000,12.923800
1526930945,13.180800,13.248200
1526996482,12.850000,12.923700
1526996483,12.850000,12.923800
1526930948,13.180800,13.248100
1526996485,12.850000,12.923600
1526930950,13.180800,13.248000
1526996487,12.850000,12.923500
1526930952,13.163500,13.248000
1526930953,13.180900,13.247900
1526996491,12.850000,12.923200
1526930957,13.181000,13.247700
1526930959,13.181000,13.247600
1526930960,13.181100,13.247600
1526930961,13.181100,13.247500
1526996498,12.850000,12.923000
1526996499,12.850000,12.922900
1526930964,13.181200,13.247400
1526996502,12.850000,12.922800
1526930967,13.181200,13.247300
1526996506,12.850000,12.922700
1526996507,12.850000,12.922600
1526996509,12.850000,12.922200
1526930974,13.181200,13.247300
1526996512,12.850000,12.922100
1526996514,12.850000,12.922000
1526996516,12.850000,12.921900
1526996517,12.850000,12.921400
1526930983,13.171000,13.247200
1526930984,13.171000,13.247300
1526996521,12.850000,12.921300
1526930986,13.171100,13.247300
1526996523,12.850000,12.921200
1526996524,12.850000,12.921000
1526930989,13.171200,13.247300
1526996527,12.850000,12.920900
1526930992,13.171300,13.247300
1526996531,12.850000,12.920500
1526934228,13.280100,13.340000
1526996534,12.850000,12.920400
1526930999,13.171400,13.247300
1526996536,12.850000,12.920000
1526935476,13.368000,13.429900
1526996539,12.850000,12.919900
1526996540,12.850000,12.919800
1526996541,12.850000,12.920000
