time,price,volume,buy_or_sell,market_or_limit,misc
1526953611.7973,12.855800,0.00478467,b,l,
1527029172.7375,12.150000,158.83690410,s,l,
1526997009.6663,12.950000,19.30501000,s,l,
1526954175.1263,12.989200,0.00478467,b,m,
1526912747.6621,13.310000,34.71719937,s,l,
1526932062.1838,13.255000,10.01001001,b,l,
1526997026.5969,12.900000,19.37984000,s,l,
1526898510.7114,13.394100,0.23278793,s,m,
1526912348.422,13.240000,0.00001448,s,m,
1527029803.2952,12.132200,5.00000000,b,l,
1526931934.8865,13.201900,11.04254618,s,m,
1527017675.64,12.657500,47.00000000,s,m,
1527029170.3919,12.150000,4.01830000,s,l,
1526891870.0382,13.850000,599.16117437,b,l,
1526905603.1524,13.585400,259.97491706,b,l,
1526980667.982,12.825500,26.24300000,b,m,
1526979800.647,12.804800,3.00000000,s,l,
1526931517.9039,13.200000,100.00000000,b,l,
1526900885.1619,13.250100,155.38944269,s,m,
1526906947.2117,13.650000,10.00000000,b,m,
1526898757.3726,13.459800,13.11000000,b,l,
1526912348.415,13.240000,82.13980000,s,m,
1527024312.6079,12.337000,0.00024817,s,m,
1526951117.913,12.979900,8.55916945,s,m,
1527008791.0435,12.822400,5.00000000,s,m,
1526951117.9169,12.979900,0.00005756,s,m,
1526947927.1079,13.444300,6.92000000,b,l,
1526947928.1118,13.444700,69.00000000,b,m,
1526912311.9622,13.300000,17.00000000,s,l,
1526926010.8191,13.142800,8.32000000,s,m,
1527025629.1174,12.380000,20.00000000,s,m,
1526973801.0925,12.990000,0.00014556,b,l,
1527029482.9054,12.110000,0.00022356,s,m,
1526973801.0749,12.990000,145.85414585,b,l,
1527024000.2968,12.400900,0.00000001,s,m,
1526908213.8808,13.482600,107.07016044,s,m,
1526907015.69,13.649500,234.04059489,b,m,
1526882447.0427,13.949400,5.00000000,s,m,
1526992206.7635,12.685500,400.00000000,s,m,
1526915219.5368,13.173100,8.02600000,b,l,
1527000365.9596,12.818400,393.02075274,s,m,
1526915972.9198,13.200000,18.93939000,s,m,
1527028904.2194,12.150100,0.00024667,s,m,
1526915232.7782,13.173200,4.39744381,b,l,
1526915235.1815,13.173200,30.02879917,b,l,
1526915239.0696,13.173200,51.17060463,b,l,
1526915241.188,13.173200,52.80238200,b,l,
1526915242.2278,13.173200,1.10166922,b,l,
1526953330.2397,12.876600,172.06352022,s,m,
1526901073.1111,13.390000,104.83234003,b,l,
1527022358.9744,12.609500,9.00000000,b,l,
1526904180.7279,13.455000,231.00000000,b,l,
1526979800.6572,12.800000,39.06250000,s,l,
1526905546.3748,13.596000,603.71900000,b,l,
1527029952.0406,12.031000,78.13800880,s,m,
1526972612.3153,13.030000,19.18649000,s,l,
1526898887.6841,13.509600,26.50872394,b,l,
1526898889.3411,13.509900,26.50872394,s,l,
1526919247.8646,13.150000,0.00001669,s,m,
1527029966.239,12.001100,0.00014855,s,l,
1526923476.3785,13.257300,99.99860000,b,l,
1526912377.1644,13.171100,0.23733064,s,m,
1526909499.5592,13.450000,18.58736000,s,l,
1526908882.8991,13.588600,5.19779700,b,m,
1526931682.1448,13.200000,14.18715099,b,l,
1526994300.4596,12.790000,42.16563764,b,l,
1526886125.4862,14.000000,185.63373491,s,l,
1526907122.1874,13.648700,116.12128873,b,l,
1527029559.0747,12.000000,420.00000000,s,l,
1526896218.8847,13.742900,0.00152179,s,m,
1527029180.065,12.150000,12.68110620,s,l,
1526916521.7054,13.167200,0.07373274,s,m,
1526904180.7346,13.465000,6.46561156,b,l,
1526997262.1626,12.857200,5.00000000,s,m,
1526912387.9058,13.200000,6.24300000,b,l,
1526930043.5689,13.250100,282.73202000,b,l,
1526998929.8353,12.878100,5.50641313,b,m,
1526991054.7928,12.644300,0.00011397,s,m,
1527023306.9123,12.520000,7.98722000,s,m,
1526913949.421,13.130100,5.00000000,s,l,
1527030050.259,12.028200,6.00000000,s,m,
1527029952.0451,12.031000,72.29221044,s,m,
1526915370.6837,13.180000,0.00000096,s,m,
1527030066.3824,12.109900,0.00004989,b,l,
1527029182.9148,12.150000,198.69990120,s,l,
1526907193.7601,13.646900,493.68537910,b,m,
1526952803.5807,12.780000,61.59580000,b,l,
1527030080.0317,12.151000,347.00000000,b,l,
1526915398.8262,13.238900,0.89474693,b,l,
1526882631.5869,14.005300,49.49454849,b,m,
1526953114.1921,12.830500,0.99760584,s,l,
1526953356.4255,12.877100,100.00000000,s,m,
1526982584.1925,12.683000,80.00000000,s,m,
1526968375.6044,12.960000,9.97412311,s,m,
1527030093.8082,12.158000,111.73662591,b,l,
1526923600.6375,13.256400,106.00000000,s,l,
1527017528.3858,12.711100,5.00000000,s,m,
1526915410.8406,13.242700,0.00000031,s,m,
1526950134.8755,13.181300,0.00096163,s,m,
1526994318.0737,12.800000,400.00000000,b,l,
1526964566.6619,12.860400,9.75400000,s,m,
1526915415.1949,13.238600,0.00075242,b,l,
1526912640.7898,13.299500,45.21600000,b,l,
1526960213.6952,13.050000,36.10484177,b,l,
1526898510.7136,13.394100,0.00060368,s,m,
1526952803.2106,12.781800,137.53858391,s,l,
1526980667.999,12.826200,352.33929769,b,m,
1527023321.0373,12.506700,205.07700000,s,m,
1526909432.4523,13.427500,18.61850000,s,l,
1526882664.097,14.006200,3.00000000,b,m,
1526900688.5344,13.300000,96.87280451,s,m,
1526912160.4368,13.340700,205.07700000,s,l,
1526940016.7239,13.349100,6.96791992,b,l,
1526901480.6157,13.479600,0.00100818,s,m,
1527012817.1186,12.800000,1470.00000000,s,l,
1526989171.386,12.800000,12.41530948,s,l,
1526952805.8198,12.780000,583.50270270,b,l,
1526900885.1643,13.250100,0.13700929,s,m,
1527030140.8945,12.158000,50.00000000,b,m,
1527005566.7685,12.879900,77.59155804,b,l,
1526989190.0691,12.800000,203.20969052,s,l,
1526899079.8216,13.560000,267.80740000,b,m,
1526924982.5896,13.298000,102.06870900,b,l,
1526931856.8188,13.255000,11.95895896,b,l,
1526902025.2486,13.444800,302.44525641,s,m,
1526952806.6558,12.780000,281.99599600,b,l,
1526899079.7981,13.559900,22.38100000,b,m,
1526951715.9124,12.919800,5.00000000,s,l,
1527030171.1716,12.158000,20.00000000,b,m,
1526964638.1362,12.910000,64.14464827,b,l,
1526964639.8307,12.910000,161.90272879,b,l,
1526964641.307,12.910000,0.05883491,b,l,
1527030181.5218,12.158000,24.20935443,b,l,
1526982540.8904,12.700000,812.56101959,s,m,
1526931257.3338,13.246300,23.44667568,b,l,
1526899118.141,13.500000,5.00000000,s,l,
1526907312.0396,13.600000,10.00000000,s,l,
1526905070.409,13.542400,0.00023019,s,m,
1527013810.6894,12.765600,25.00000000,s,l,
1526997430.6702,12.857300,5.00000000,s,m,
1526899820.2229,13.340000,0.00000066,s,m,
1526952803.2019,12.800000,39.06250000,s,l,
1526997445.3301,12.850100,5.00000000,s,m,
1527028914.7417,12.200000,9.83000000,b,l,
1526952808.3726,12.780000,747.79964289,b,l,
1526984655.9861,12.815000,5.84197943,s,l,
1526919247.8568,13.150000,956.99281868,s,m,
1526931934.8886,13.201900,0.02863617,s,m,
1526948322.8842,13.448700,419.08000000,b,m,
1526952806.6907,12.780000,56.70415493,b,l,
1526999804.0951,12.900000,15.00000000,s,l,
1526907376.7227,13.597500,603.71900000,s,l,
1526902025.2579,13.427800,42.31500000,s,m,
1526951718.5558,12.900000,74.64964965,b,l,
1527029173.4403,12.150000,82.80086600,s,l,
1526916521.67,13.169100,5.00000000,s,m,
1526991615.396,12.701900,50.82632776,s,l,
1526913256.7386,13.207700,15.79210152,s,m,
1526960213.7227,13.050000,0.00008728,b,l,
1526947927.1209,13.444700,3.08000000,b,l,
1526951719.0913,12.900000,0.00001499,b,l,
1526921987.4258,13.296700,7.50000000,b,m,
1527022100.2251,12.620300,603.71900000,s,l,
1527022102.1178,12.620300,59.17058512,s,l,
1526900688.5465,13.285700,129.63000649,s,m,
1526979800.665,12.800000,47.93750000,s,l,
1526956581.0526,13.000000,14.59302736,s,l,
1527028846.7567,12.200000,0.00000148,s,m,
1526954175.1202,12.989200,2.99520768,b,m,
1527017675.6032,12.630000,5.00000000,s,m,
1526970815.6931,13.081000,100.00000000,b,m,
1526979817.4174,12.770400,141.98212600,s,l,
1526914103.5162,13.110700,0.44367702,s,m,
1526915645.537,13.245600,25.00000000,b,m,
1526964802.4046,12.957700,20.00000000,b,m,
1526924988.2867,13.298000,3.73316884,b,l,
1526951715.9163,12.919400,13.67400000,s,l,
1527023321.1149,12.561500,0.00358499,b,m,
1526915657.9456,13.245600,25.00000000,b,m,
1526932049.6086,13.255000,81.75039227,b,l,
1526927459.9104,13.160500,4.98703371,s,m,
1527022164.8052,12.620300,122.17472490,s,l,
1527022165.9237,12.620300,7.16950000,s,l,
1527022167.217,12.620300,122.17472490,s,l,
1526923865.6331,13.285400,13.77421736,b,l,
1527017335.8302,12.710600,0.00004820,s,l,
1526915677.6801,13.245600,10.00000000,b,l,
1527022174.2367,12.620300,57.36910264,s,l,
1526907488.894,13.600000,4.70500000,s,l,
1526988750.588,12.730000,196.38648000,s,m,
1526907492.1914,13.600000,7.19900000,s,l,
1526912348.4036,13.250000,504.00000000,s,m,
1527022182.3574,12.620300,122.17472490,s,l,
1526907497.6974,13.600000,500.00000000,s,l,
1526907499.027,13.597500,68.90445676,s,l,
1527022190.4564,12.620300,89.21190000,s,l,
1527022191.1664,12.620300,122.17472490,s,l,
1526899313.8821,13.459200,5.30174479,s,l,
1527022194.1481,12.620300,122.17472490,s,l,
1526961306.1328,13.000000,157.42364348,b,l,
1527022197.1417,12.620300,72.88320000,s,l,
1527022198.8212,12.620300,122.17472490,s,l,
1526979825.724,12.730000,240.20608617,s,m,
1527022201.9472,12.620300,128.19890000,s,l,
1527022204.989,12.620300,167.26250000,s,l,
1527022205.8648,12.620300,167.26250000,s,l,
1527022207.2156,12.620300,167.26250000,s,l,
1527022208.7312,12.620300,10.35181613,s,l,
1527022209.671,12.620300,122.17472490,s,l,
1526912642.0537,13.300000,1.69642922,s,l,
1527029466.8351,12.150000,292.08039963,s,l,
1527022217.6147,12.620300,603.71900000,s,l,
1526997642.2563,12.850000,5.00000000,s,l,
1527022224.6934,12.620300,167.32021230,s,l,
1527022228.6865,12.620300,130.87019880,s,l,
1527002125.64,12.870000,184.28261679,b,m,
1526897434.7074,13.700000,28.25573560,s,l,
1526915370.6733,13.180000,54.85737084,s,m,
1526902896.9934,13.499700,0.00008300,b,l,
1527030434.6357,12.150300,125.00000000,s,l,
1526913819.7917,13.200100,205.03857168,s,l,
1527022245.2883,12.620300,21.55797127,s,l,
1527022247.9731,12.620300,15.91230348,s,l,
1526924173.3591,13.276300,75.00000000,s,m,
1527022249.8124,12.620300,148.34866066,s,l,
1527022250.5822,12.620300,460.39714200,s,l,
1527022251.1887,12.620300,603.71900000,s,l,
1526915757.8882,13.190300,0.01293268,s,m,
1526965909.4878,12.887600,2.99520768,b,l,
1526923954.0873,13.285400,4.33300000,b,l,
1526960243.504,13.077800,5.00000000,b,l,
1527022262.472,12.620300,603.71900000,s,l,
1527014071.0484,12.820000,19.85000000,b,l,
1526923960.1943,13.285400,148.94774047,b,l,
1526900640.8365,13.362300,5.00000000,s,m,
1526997696.7347,12.850000,698.56058366,b,l,
1527022273.447,12.620300,45.03392100,s,l,
1526904267.6769,13.466700,35.84255147,b,l,
1526983095.8773,12.709200,3.34338117,s,l,
1526928998.712,13.150100,32.93439745,s,l,
1526997709.9571,12.833300,3.00000000,s,m,
1527022286.5984,12.620300,555.44003987,s,l,
1526973136.725,12.954000,5.00000000,s,m,
1527017466.894,12.785200,47.34600000,b,m,
1527024449.3601,12.429100,140.46660905,b,l,
1526901539.4258,13.537600,308.51023815,b,l,
1527022298.0437,12.610000,201.22493259,s,l,
1527022301.8488,12.617000,90.00000000,b,m,
1527005918.9254,12.939700,5.00000000,b,l,
1527005922.8616,12.940000,77.32778990,s,l,
1526899079.8282,13.600000,438.89160000,b,m,
1527003943.9117,12.825200,0.00001711,s,l,
1526973165.2572,12.931100,0.00002012,s,l,
1527030511.6539,12.250800,50.00000000,b,m,
1527014129.9852,12.820000,4.54490667,b,l,
1527024312.5933,12.300000,790.66544697,s,m,
1526924022.3991,13.300000,0.00001721,b,l,
1526912446.7126,13.200000,0.11832036,b,l,
1526883064.6741,13.979400,29.97000000,b,m,
1527014143.7779,12.820000,46.04826333,b,l,
1527028523.8329,12.352000,23.75220000,s,l,
1527005061.0956,12.888000,28.82919200,s,l,
1527030541.072,12.281500,43.48443594,b,m,
1526980238.7428,12.711600,0.00024229,s,m,
1527025795.6279,12.411900,7.00000000,b,m,
1526932244.2122,13.255000,10.40110110,b,l,
1526979374.5458,12.882000,84.40515448,s,l,
1527022358.9779,12.609700,25.00000000,b,l,
1526981399.3753,12.822100,65.53110690,b,l,
1526982584.1771,12.683100,12.38300000,s,m,
1526940443.1785,13.300000,3.00000000,s,l,
1526994394.3585,12.836800,1300.00000000,b,l,
1526901251.6128,13.332700,0.00007019,s,m,
1526940450.2639,13.296300,98.93381617,s,l,
1526991009.5742,12.710000,0.00000016,s,l,
1526979825.6984,12.730000,92.54859173,s,m,
1526895808.4554,13.790100,0.00004742,b,l,
1526899503.773,13.459200,4.69825521,s,l,
1526987944.3098,12.858700,71.39099996,b,l,
1527024312.516,12.336800,31.14100000,s,m,
1526907703.787,13.588900,10.01001001,b,l,
1526952803.1768,12.822200,111.82100000,s,l,
1527022802.2539,12.540100,0.00046709,s,m,
1527030590.6658,12.218800,90.00000000,b,m,
1526919308.1518,13.147200,0.01204163,s,m,
1526951133.8136,12.961400,991.84500000,s,l,
1527006028.8734,12.989700,124.09270422,b,m,
1526891341.0617,13.885000,20.00000000,s,l,
1526968462.9679,12.952000,130.68340239,s,l,
1527023199.4235,12.561500,5.00000000,b,l,
1526882447.4344,13.920100,11.00000000,s,m,
1526907743.9415,13.588900,14.71800000,b,l,
1526897992.0682,13.500000,200.00000000,s,l,
1527002195.6951,12.884900,14.61193007,b,l,
1526909449.8109,13.429000,24.88400000,s,m,
1527029230.8015,12.150000,82.80086600,s,l,
1526973801.0944,12.990000,0.00000015,b,l,
1526921179.8339,13.201400,0.01214671,s,l,
1526908700.1827,13.545100,0.00008303,b,l,
1527006067.0477,13.008100,205.07700000,b,m,
1526899575.1446,13.410000,3.00000000,s,l,
1526925137.6566,13.250000,5.00000000,s,m,
1526904267.6845,13.466700,0.00002290,b,l,
1526901251.5897,13.387700,4.48172576,s,m,
1526915972.9225,13.193200,466.69901000,s,m,
1526926010.8294,13.142600,0.00113799,s,m,
1527024449.3722,12.429100,0.11228346,b,l,
1526947482.5933,13.355100,127.12720000,s,m,
1526904300.7267,13.483000,185.00000000,b,m,
1527022474.8595,12.600000,0.00033538,s,m,
1526924173.3681,13.276200,0.00005321,s,m,
1526932367.6652,13.255000,38.00000000,b,m,
1527029475.4465,12.150000,267.19046992,s,l,
1526913860.6654,13.168200,225.48519000,b,l,
1526908213.9033,13.448100,135.87302948,s,m,
1527022491.9601,12.610300,20.00000000,s,l,
1527022497.3282,12.600000,34.27770975,s,l,
1527022499.9751,12.600000,193.89634052,s,l,
1526950124.31,13.171400,178.07568809,s,m,
1527022503.9437,12.600000,302.00538522,s,l,
1526952551.2514,12.954500,44.87033708,s,m,
1526925000.2303,13.298000,114.25793096,b,l,
1527029203.4548,12.150000,82.80086600,s,l,
1526935305.8995,13.365000,0.99781480,s,m,
1526951133.8342,12.950000,10.00000000,s,l,
1527022520.1163,12.580000,165.75029775,s,l,
1526924218.3043,13.349900,25.00000000,b,m,
1526915972.9152,13.200100,109.36160000,s,m,
1527022529.9111,12.580000,167.80580000,s,l,
1527022534.0619,12.580000,138.34849225,s,l,
1526997960.7217,12.830000,7.00000000,s,l,
1527022537.7501,12.561300,10.00000000,s,l,
1527022540.9139,12.555000,30.82060000,s,l,
1526916045.7489,13.209900,400.00000000,s,l,
1527022544.441,12.550000,945.74074880,s,l,
1527022545.2125,12.550000,19.92500000,s,l,
1526930866.5905,13.249200,12.26666667,b,l,
1527030740.0416,12.265700,8.32000000,b,m,
1526897486.7092,13.700000,14.76960000,s,l,
1527022552.1426,12.550000,34.20879346,b,l,
1527022557.3363,12.550000,14.17520654,b,l,
1526908857.2532,13.484400,542.21000000,s,m,
1526992379.0703,12.675800,208.24974212,s,l,
1527022560.3281,12.526000,148.20510227,b,l,
1527022563.2099,12.526000,9.59767060,b,l,
1527022565.1358,12.549900,172.43960714,b,l,
1527022566.6695,12.534300,18.96860258,s,l,
1526925002.194,13.298000,67.89249027,b,l,
1527030761.3105,12.265900,20.00000000,b,m,
1526891502.0981,13.885000,20.00000000,s,l,
1526951133.8076,12.980900,6.92000000,s,l,
1527022578.3263,12.561900,85.44413872,b,l,
1526968375.6155,12.960000,0.02586547,s,m,
1526925137.699,13.227900,0.00000164,s,m,
1527022599.8387,12.561900,500.00000000,b,l,
1527014408.6258,12.863400,6.00000000,b,l,
1527022604.6685,12.561900,55.00000000,b,l,
1527029479.2845,12.150000,569.36423185,s,l,
1527019011.0347,12.629800,0.14225929,s,m,
1526973462.8517,13.009900,3.00000000,b,l,
1527013810.7193,12.710800,191.69288901,s,l,
1527008748.5083,12.822100,941.49433709,s,m,
1526955144.2404,12.950000,88.18866515,b,l,
1526927459.9289,13.160500,0.00003353,s,m,
1526939541.5208,13.331800,87.77180242,s,l,
1526924330.6084,13.349900,17.86000000,b,m,
1527028904.2173,12.150100,0.20719843,s,m,
1526897716.9736,13.600000,0.72402333,s,m,
1526912348.5987,13.240000,21.15390000,s,m,
1526950125.4509,13.170100,68.89493796,s,m,
1526901599.7339,13.508600,15.04435981,b,l,
1527022652.0468,12.550000,0.00004628,s,m,
1527022653.7647,12.550000,0.00019563,s,m,
1526899775.9413,13.320700,97.28335596,s,m,
1527029952.0375,12.031100,29.96400000,s,m,
1527014466.0281,12.780200,1000.00000000,s,l,
1526953483.2838,12.988400,8.32000000,b,l,
1526883397.6706,13.919800,20.00000000,s,l,
1526996747.7639,12.925200,43.03300000,b,m,
1527006281.0634,13.044100,100.00000000,b,m,
1526902967.1133,13.479100,91.68000000,s,l,
1526912348.6138,13.230500,0.00009072,s,m,
1526954817.7189,12.875600,7.58138636,s,l,
1527030871.9459,12.220500,20.00000000,b,m,
1527030872.7353,12.186300,100.00000000,s,l,
1527029559.0785,12.000000,50.00000000,s,l,
1526883422.1372,13.914100,7.18695000,s,l,
1526925006.7419,13.298000,0.00000048,s,l,
1526924388.2875,13.300000,17.86000000,b,l,
1527022695.3334,12.570000,1.72500000,b,l,
1527029482.9362,12.110000,150.25956933,s,m,
1526899820.2159,13.340000,37.98124875,s,m,
1527024312.5214,12.323000,400.00000000,s,m,
1526979836.0717,12.730100,5.00000000,s,l,
1526924406.2346,13.300000,71.95219013,b,l,
1526912377.1475,13.180000,15.00000000,s,m,
1526908689.4351,13.508400,0.00000048,s,m,
1527029952.0512,12.000400,167.96806707,s,m,
1526932611.9876,13.255000,8.00800801,b,l,
1526891652.4043,13.885000,60.00000000,s,l,
1527002646.7618,12.840000,3.87146203,s,l,
1526957195.4369,13.000000,0.00093000,b,l,
1527022737.5862,12.570200,70.01453094,s,m,
1527027225.2235,12.400000,12.67497566,s,l,
1527029956.5435,12.048000,204.87170902,s,l,
1527000296.0876,12.817900,328.35837496,s,m,
1526994459.6054,12.865200,21.92073485,b,l,
1526926121.4755,13.150000,137.06094535,b,l,
1526997262.1711,12.857100,9.98402576,s,m,
1526883498.4513,13.900000,7.00000000,s,m,
1526995932.1681,12.800600,0.00000085,s,m,
1527006382.1237,13.044100,3.95000000,s,l,
1526919247.8449,13.150100,40.51900000,s,m,
1526883504.4083,13.900000,93.00000000,s,l,
1526979354.5672,12.891200,3.36743636,s,l,
1526932663.2987,13.255000,84.89039227,b,l,
1527016664.9456,12.784300,164.99269564,s,l,
1526928933.8478,13.150000,5.24970654,s,m,
1526983541.7422,12.776700,0.46861072,b,m,
1527011313.1913,12.828700,0.00043898,s,l,
1527017675.6536,12.657500,12.80000000,s,m,
1527028891.2456,12.150000,599.04153355,s,m,
1527022802.2254,12.560000,312.45940000,s,m,
1526987944.3428,12.869200,184.81439996,b,l,
1527029966.2339,12.001100,22.80072330,s,l,
1526936194.9946,13.368400,0.00042304,s,l,
1526928933.8596,13.150000,0.05884437,s,m,
1527025872.4542,12.351800,55.00000000,s,m,
1526899953.9905,13.378800,3.00000000,b,l,
1527029560.2775,12.000000,0.00098601,s,m,
1527022843.2067,12.560100,8.92820000,s,l,
1527013810.7366,12.710700,30.00000000,s,m,
1526998275.8195,12.850000,217.89883000,b,l,
1526897807.762,13.500000,120.00461045,s,m,
1526965510.7259,12.850000,93.00000000,s,l,
1526913921.6857,13.149900,4.48430000,b,l,
1526990090.9235,12.800000,56.92831470,s,l,
1526922703.9388,13.241200,400.00000000,s,m,
1526990096.9947,12.800000,43.07168530,s,l,
1526908882.8927,13.584300,39.51700000,b,m,
1526893642.1469,13.929900,129.85747107,b,l,
1527029559.0608,12.010000,100.00000000,s,l,
1526898007.8856,13.450000,394.81392850,s,l,
1526908207.2851,13.482500,44.90431556,s,m,
1527028616.8026,12.221500,4.98895508,s,m,
1526991171.0866,12.625500,7.92048000,s,m,
1527022899.3465,12.560100,20.64150000,s,l,
1526908213.8858,13.482500,160.07700000,s,m,
1526994300.2695,12.790000,7.14411449,b,l,
1527022909.5725,12.560200,6.45060000,s,l,
1527028619.0681,12.250000,100.10010010,b,l,
1527022250.4464,12.620300,167.33603438,s,l,
1526971276.9863,13.100000,10.00000000,b,m,
1526931934.8798,13.241200,5.00000000,s,m,
1527025890.9268,12.410000,9.00000000,s,l,
1526980238.7387,12.711600,51.56656031,s,m,
1526953528.8679,12.895500,143.04470000,s,m,
1526914103.5181,13.110700,0.00088558,s,m,
1526891866.6513,13.850000,100.00000000,s,l,
1526908213.9069,13.445300,414.27742643,s,m,
1526891870.0485,13.850000,0.00000163,b,l,
1526990825.5022,12.652200,39.34650000,s,m,
1526965606.237,12.887600,3.00000000,b,l,
1526973801.0906,12.990000,0.14570844,b,l,
1527019398.123,12.688800,0.00002196,b,l,
1526998929.8314,12.877000,138.92661893,b,m,
1526963205.6242,12.940000,100.00000000,s,m,
1526958997.323,12.951700,55.00000000,s,m,
1526973826.0721,13.000000,7.00700701,b,l,
1527006596.3317,13.049700,10.00000000,b,m,
1526982584.1804,12.683000,116.93698696,s,m,
1526950134.8691,13.181300,199.56096620,s,m,
1526973837.3679,13.000000,72.47552971,b,l,
1526887645.1529,13.979900,7.12682459,b,l,
1526928963.1445,13.150200,5.00000000,s,m,
1526908857.2356,13.514700,205.07700000,s,m,
1526941081.2116,13.270000,100.00000000,b,l,
1526963206.5798,12.906800,5.00000000,s,m,
1526908700.2053,13.545200,0.00006677,b,l,
1526993528.469,12.620200,0.08008948,s,m,
1526951520.3005,12.963300,21.87700000,s,m,
1526901012.0459,13.317600,9.97406742,s,m,
1526916521.6993,13.169000,10.00000000,s,m,
1526907122.1603,13.648600,29.97000000,b,l,
1527023023.1915,12.592800,5.00000000,b,m,
1526951133.8454,12.902900,430.73581956,s,l,
1526924725.2761,13.298000,25.00000000,b,l,
1526953114.1943,12.830500,0.00238852,s,l,
1527023942.2257,12.450200,0.00000034,s,l,
1527001332.8637,12.869300,400.00000000,b,m,
1526935452.6445,13.366900,0.21440782,s,m,
1526916521.703,13.167200,34.92626726,s,m,
1526911496.0401,13.426800,1247.50499003,s,m,
1526900772.5297,13.300100,11.20574923,s,m,
1527022541.8878,12.550000,525.80060000,s,l,
1526938530.6092,13.374000,88.39659162,s,m,
1526898007.8813,13.464000,5.18607150,s,l,
1526912348.6298,13.204700,0.08697345,s,m,
1526928998.714,13.150100,0.07885330,s,l,
1527014868.9141,12.864900,55.00000000,b,m,
1527006678.4418,13.010000,6.00000000,s,l,
1527022301.8318,12.601000,19.83969000,s,l,
1526994033.5872,12.720500,33.09718619,s,l,
1526892010.6149,13.850000,25.00000000,b,l,
1527024312.5898,12.300000,55.00000000,s,m,
1526971665.1977,13.089600,138.92661893,b,m,
1527031744.7201,12.135400,62.07759137,s,m,
1526900925.2098,13.295600,4.51277114,s,m,
1527017766.798,12.658700,0.60949963,s,m,
1527009037.7725,12.959300,6.92000000,b,m,
1526993153.0938,12.671700,781.48250419,s,m,
1526967847.5348,12.969000,199.84013765,b,l,
1526980134.0176,12.791600,58.12530000,b,m,
1527031319.2007,12.240000,248.03313725,s,l,
1526973981.293,13.000000,139.06568461,b,l,
1526929113.9899,13.150100,10.00000000,s,l,
1527029497.4427,12.100000,20.66115000,s,l,
1527028658.9381,12.250000,9.60560561,b,l,
1527004674.8506,12.870000,4.50060000,s,l,
1527023163.2046,12.567100,43.29884381,b,l,
1526908486.701,13.545600,81.43000000,b,m,
1527006791.8276,12.980000,100.00000000,s,l,
1526987703.8985,12.815000,0.00004025,s,l,
1526912348.4202,13.240000,0.00766153,s,m,
1526997262.1731,12.857100,0.01594892,s,m,
1526924889.8877,13.298000,129.98745853,b,l,
1527023199.4269,12.561500,790.72852000,b,l,
1526951520.2946,12.963500,5.00000000,s,m,
1526928998.7186,13.150100,0.00000045,s,l,
1526897745.9388,13.600000,9.97407104,s,l,
1526990764.2603,12.700000,15.81399363,b,l,
1527006829.1045,12.970100,11.00000000,s,m,
1526990450.1298,12.785200,3.87017020,b,l,
1526916723.2409,13.167200,241.28754664,b,l,
1526916724.6839,13.167200,75.78138395,b,l,
1526960213.7253,13.067700,5.00000000,b,l,
1526952215.7993,13.000000,135.00000000,s,l,
1526901012.0532,13.317600,0.00006708,s,m,
1526965909.4927,12.887600,0.00000765,b,l,
1526895191.2024,13.832000,1084.44187000,s,l,
1526901700.9264,13.534100,5.00000000,b,l,
1526963206.5872,12.890100,39.09700000,s,m,
1526901701.5326,13.550000,10.02957321,s,l,
1526912377.1519,13.171700,7.14000000,s,m,
1526998700.6879,12.849700,10.00000000,b,m,
1527031475.9461,12.261100,84.16597633,b,m,
1526974132.817,13.000000,59.50341521,b,l,
1526924982.2895,13.298000,16.36010000,b,l,
1526924983.5837,13.298000,13.31330987,b,l,
1526941368.5335,13.310000,10.00000000,b,m,
1526952223.2653,13.000000,4.51592593,b,l,
1526924988.4521,13.298000,28.62096112,b,l,
1526951766.922,12.983800,214.16678859,b,l,
1526924995.6542,13.298000,8.83014162,b,l,
1526924996.1423,13.298000,67.69775240,b,l,
1526924999.4007,13.298000,9.39441383,b,l,
1526925000.2582,13.298000,14.90320838,b,l,
1526925001.0793,13.298000,72.74237777,b,l,
1527023306.9347,12.515600,25.00000000,s,m,
1526925006.7319,13.298000,34.63407767,s,l,
1526982584.1739,12.700000,4.00000000,s,m,
1527023321.0592,12.500000,23.81144800,s,m,
1526926287.5698,13.150000,2.33639344,b,l,
1527017766.791,12.658800,5.00000000,s,m,
1526897617.4861,13.684000,212.18006927,s,l,
1526951005.4649,13.075900,7.64763000,s,l,
1526950124.2993,13.203900,5.00000000,s,m,
1527006968.9358,12.970100,5.00000000,s,m,
1526915370.6807,13.180000,0.00036891,s,m,
1527017675.6592,12.657500,117.00000000,s,m,
1526912640.7811,13.299400,129.36051000,b,l,
1526952803.1896,12.801500,525.22000000,s,l,
1527002753.1852,12.897500,400.00000000,b,l,
1526914007.2399,13.168000,133.86700000,b,l,
1526974220.7005,13.000000,5.01300000,b,l,
1526912642.0558,13.300000,0.00406151,s,l,
1526908689.4244,13.508500,5.00000000,s,m,
1526950125.4614,13.170100,299.46097025,s,m,
1526915415.1921,13.238600,0.47199521,b,l,
1526974231.5098,13.000000,26.62200000,b,l,
1527002756.2139,12.897600,116.98966293,s,l,
1526908700.1801,13.545100,0.10387361,b,l,
1527024288.7445,12.380000,10.00000000,s,m,
1526898024.0382,13.420000,32.92120657,s,l,
1526923943.2383,13.285400,7.53200000,b,l,
1527028699.3348,12.210000,100.00000000,s,l,
1526995932.05,12.800600,149.73048515,s,m,
1526896263.4401,13.743400,24.93516856,s,m,
1527030066.3799,12.109900,0.06241051,b,l,
1526974255.3317,13.000000,19.18600000,b,l,
1526887386.7577,13.995600,5.00000000,s,l,
1526925006.736,13.298000,0.08292278,s,l,
1527013810.7046,12.727400,15.98100000,s,l,
1526957876.9058,13.000000,19.23076000,s,l,
1527031608.706,12.206600,8.60920000,s,l,
1526979154.8352,12.891200,408.08505027,s,l,
1526998844.4806,12.849500,10.00000000,b,m,
1526949693.0538,13.369700,159.00000000,b,l,
1527028704.4763,12.200000,0.00578211,b,l,
1527031618.1529,12.178300,39.56150000,b,l,
1526953611.7944,12.855800,2.99520772,b,l,
1526900553.3657,13.442100,35.87040000,s,l,
1526998858.4229,12.850000,2.80042120,b,l,
1526957899.7341,13.026300,132.50000000,b,m,
1526953528.8988,12.860100,121.16785021,s,m,
1526998861.833,12.866100,5.00000000,b,l,
1526925137.6862,13.230700,9.00000000,s,m,
1526998867.39,12.869300,55.23096800,s,l,
1526899775.9512,13.309600,239.11267986,s,m,
1526990681.8675,12.725000,377.60053689,s,m,
1526925137.6895,13.230500,109.11026312,s,m,
1526952803.234,12.770400,10.00000000,s,m,
1526915757.8933,13.190300,0.00003353,s,m,
1526900688.6431,13.260000,0.00033538,s,m,
1526990693.1471,12.725000,21.50000000,s,l,
1526900925.2196,13.280900,108.69620000,s,m,
1526914023.3953,13.168000,11.33567456,b,l,
1526936577.945,13.330700,15.74670000,s,l,
1526900593.4634,13.399900,3.21425082,b,l,
1526994319.0631,12.816300,7.80256000,b,l,
1526990773.1171,12.650100,400.00000000,s,m,
1526974330.1316,13.000000,175.24980000,b,l,
1526914026.6585,13.290100,44.24926073,b,m,
1526965909.4906,12.887600,0.00478467,b,l,
1527030080.0345,12.158000,115.82982983,b,l,
1526941573.3234,13.251300,5.00000000,s,m,
1526899775.6303,13.396700,4.68269425,s,m,
1526987944.3482,12.870000,0.02857448,b,l,
1526992248.6077,12.749900,0.02783797,b,m,
1526951117.8302,13.020000,1000.00000000,s,m,
1526982540.8813,12.710000,85.96376082,s,m,
1526952258.1181,12.990200,5.00000000,s,l,
1526990736.3678,12.679400,500.00000000,s,m,
1526998929.8399,12.878100,0.00000549,b,m,
1526951766.9293,12.983900,64.33755446,b,l,
1526949782.5203,13.274500,53.31200000,s,m,
1527023512.7821,12.500300,364.39213814,s,l,
1527031706.9249,12.200700,105.50520864,b,l,
1526900640.8485,13.342900,91.58762799,s,m,
1526915398.8283,13.238900,0.00052958,b,l,
1526909432.4481,13.428400,4.46814215,s,l,
1526901056.4543,13.389500,0.00002337,b,l,
1526899775.9366,13.332300,37.35289000,s,m,
1527028699.3385,12.203400,114.00000000,s,l,
1526951133.8683,12.860000,116.64074000,s,l,
1526959818.2416,13.001200,45.88071015,s,m,
1526990773.1069,12.660100,26.21100000,s,m,
1526902025.2677,13.413000,5.55800000,s,m,
1526982584.1824,12.683000,0.21010838,s,m,
1526908857.247,13.492700,400.00000000,s,m,
1527024000.2643,12.440000,3.00000000,s,l,
1527031744.7323,12.110300,52.50335196,s,m,
1527028616.7875,12.250000,20.40816000,s,l,
1526974412.4002,12.995000,5.98444050,s,m,
1526900687.3244,13.348200,95.00000000,s,m,
1526900688.6412,13.260000,0.12932663,s,m,
1527029183.3933,12.150000,82.80086600,s,l,
1526908882.9025,13.589000,10.17627881,b,m,
1526933461.1529,13.255000,7.09074511,b,l,
1526958044.4879,12.975000,19.26782000,s,l,
1526990813.1848,12.650900,17.04000000,s,m,
1527031775.8118,12.111600,400.00000000,s,m,
1526949856.9196,13.292100,0.00775960,s,l,
1526920289.4219,13.160000,106.64160090,b,m,
1527029074.9226,12.150100,0.00000017,s,l,
1526904486.967,13.517000,0.00050925,b,l,
1526990825.4839,12.652300,5.00000000,s,m,
1526951768.6255,12.983800,0.00011431,b,l,
1526915410.8384,13.242700,0.00012074,s,m,
1526900718.4215,13.315700,3.00000000,s,l,
1526900719.2179,13.315700,2.00000000,s,l,
1526974448.9314,13.000000,1300.00000000,b,l,
1526919308.1494,13.147200,4.64343685,s,m,
1526982643.3548,12.760300,511.24600000,b,m,
1527023605.6722,12.500000,151.04802160,s,l,
1526943313.738,13.401300,84.80550188,b,m,
1526912640.8034,13.300000,0.00028514,b,l,
1526900728.607,13.315700,0.99860205,b,l,
1526974457.8859,13.000000,500.00000000,b,l,
1527023611.9191,12.500000,4.53056490,s,l,
1527023612.6447,12.500000,47.10974310,s,l,
1527023617.6267,12.500000,3.39950000,s,l,
1527023618.3989,12.500000,463.55613420,s,l,
1526964566.7627,12.860400,2.40412542,s,m,
1527031814.8888,12.139800,173.75210000,s,m,
1526990857.5611,12.700000,14.18600637,b,l,
1527007243.463,12.960000,7.00000000,s,m,
1526912348.6242,13.220000,10.00000000,s,m,
1526917137.5828,13.241300,60.00000000,b,m,
1526900757.4244,13.338000,100.00000000,s,m,
1526925335.6281,13.289900,62.20400000,b,m,
1527007258.163,12.960000,91.26454001,s,l,
1526895418.865,13.680100,564.39295407,s,m,
1526900688.645,13.260000,0.00000087,s,m,
1526963205.6326,12.928500,116.70426147,s,m,
1526950134.8776,13.181300,0.00000179,s,m,
1526900771.7979,13.329800,79.53237598,s,m,
1526900772.5201,13.329800,28.76512402,s,m,
1526949925.9755,13.282400,47.97524920,s,m,
1526893575.3135,13.900000,5.94533024,b,l,
1526974412.4306,12.995000,0.00004025,s,m,
1526960477.5981,13.050000,38.31417000,s,l,
1526974512.4926,13.000000,400.00000000,b,l,
1526974513.5036,13.000000,400.00000000,b,l,
1526900786.7091,13.300300,5.00000000,s,m,
1526974515.11,13.000000,400.00000000,b,l,
1526999094.1503,12.830500,7.47037544,s,m,
1527024649.3457,12.473100,44.14290000,b,l,
1526950124.3069,13.171500,187.35938187,s,m,
1526974525.0645,13.000000,1300.00000000,b,l,
1526949953.3548,13.273300,135.00000000,s,m,
1526933570.1601,13.343800,114.50068946,b,m,
1526966339.7945,12.897200,160.06076828,b,l,
1526915219.541,13.173200,42.41890000,b,l,
1526924982.6233,13.298000,102.65400000,b,l,
1526966343.0631,12.897200,174.73079047,b,l,
1526933584.084,13.262800,19.73684211,s,m,
1526999782.8098,12.892500,0.00000765,b,m,
1526951117.8679,13.000000,500.00000000,s,m,
1527024312.1656,12.353500,100.00000000,s,m,
1526974555.9484,13.000000,151.00000000,b,m,
1526900834.0809,13.300900,36.42500000,s,m,
1526952864.4472,12.873200,0.00008781,b,l,
1526924988.2807,13.298000,219.42736856,b,l,
1526974571.8817,13.000000,500.00000000,b,l,
1526974572.947,13.000000,500.00000000,b,l,
1526991054.7419,12.651100,5.00000000,s,m,
1526990961.0227,12.729900,96.58242253,b,l,
1526900853.151,13.276900,5.00000000,s,m,
1526919308.1449,13.150000,40.38709506,s,m,
1526914068.0993,13.169700,193.72672808,s,l,
1526931856.2571,13.255000,4.00000000,b,l,
1526992206.7563,12.726800,36.21879766,s,m,
1526999176.7781,12.904400,3.00000000,b,l,
1526941833.7115,13.254600,0.00000174,s,m,
1527028699.3484,12.200100,991.84500000,s,l,
1526895808.4745,13.800000,158.05613101,b,l,
1526950035.471,13.273300,101.90300000,s,l,
1526925137.6931,13.227900,468.24348968,s,m,
1526900885.1515,13.260700,5.00000000,s,m,
1527024312.6174,12.337000,0.00000001,s,m,
1527029245.5557,12.150000,3.27100000,s,l,
1526991008.6335,12.729600,400.00000000,b,m,
1526991009.5717,12.710000,0.00006259,s,l,
1526912710.5991,13.331300,90.07500000,b,m,
1527022474.8439,12.600000,49.87033712,s,m,
1526996128.7435,12.841700,34.16396121,b,l,
1526924999.5545,13.298000,72.02383936,b,l,
1526915972.9111,13.228000,5.00000000,s,m,
1526900912.4041,13.335900,3.00000000,b,l,
1527017675.5725,12.670400,558.09000000,s,m,
1526925001.159,13.298000,9.48813623,b,l,
1526991034.3274,12.651000,177.31259363,s,m,
1527023804.0335,12.450000,3.00000000,s,m,
1526925002.197,13.298000,0.00000003,b,l,
1526959414.669,13.050000,323.00000000,b,m,
1526952806.2128,12.780000,10.01001001,b,l,
1527023821.744,12.450000,176.45000000,s,m,
1526991054.7628,12.651000,312.26100704,s,m,
1526987944.3549,12.880300,546.85000000,b,l,
1526912496.1555,13.202900,0.24701098,s,m,
1526900688.5204,13.300000,1000.00000000,s,m,
1526913860.653,13.168000,10.00000000,b,l,
1526973136.7332,12.923600,158.46028661,s,m,
1526971430.4602,13.116600,161.07338107,b,m,
1526919247.8622,13.150000,0.00643576,s,m,
1526950121.1454,13.292900,3.00000000,b,l,
1527002125.6341,12.869500,400.00000000,b,m,
1527030066.3678,12.109500,72.23442297,b,l,
1526950124.3039,13.203400,139.70890000,s,m,
1526950125.4556,13.170100,0.00000003,s,m,
1526974702.7303,13.009200,5.00500501,b,l,
1526927741.6733,13.236900,124.00400000,b,m,
1526988750.5718,12.749800,74.83000000,s,l,
1526952765.4582,12.801500,100.00000000,s,m,
1526909174.4358,13.478000,14.88000000,b,l,
1526950139.274,13.277400,1300.00000000,b,l,
1526933757.7556,13.340000,18.68440779,s,l,
1526991103.137,12.709400,182.21900000,b,l,
1526898040.5933,13.400000,3.54609929,s,l,
1527024683.0436,12.507100,13.38496399,b,m,
1526944686.9299,13.406900,0.00000765,b,l,
1527022802.2521,12.540100,0.19715000,s,m,
1526979629.7445,12.804800,37.00000000,s,m,
1526901012.0552,13.317600,0.00000017,s,m,
1526914094.5024,13.110000,309.56700000,s,l,
1527023321.0478,12.500000,5.00000000,s,m,
1527007512.8794,12.915500,5.00000000,s,m,
1526901251.6088,13.332700,240.16981878,s,m,
1527024288.7683,12.365100,2.75700009,s,m,
1526991134.2074,12.650100,4.74304551,s,l,
1526982944.5995,12.709200,36.00000000,s,l,
1526953114.1962,12.830500,0.00000564,s,l,
1526955098.9223,12.950000,87.41052014,b,l,
1527021958.5438,12.620300,991.84500000,s,l,
1527008791.0772,12.822300,0.00054328,s,m,
1526916045.7622,13.190500,412.82465206,s,l,
1526899079.8247,13.599600,6.92000000,b,m,
1526982957.0187,12.709200,39.72960000,s,l,
1527028619.114,12.250000,38.13960093,b,l,
1526950143.4577,13.280000,17.05614457,s,l,
1527024312.6058,12.337000,0.09570171,s,m,
1526952871.8728,12.876900,0.00002012,s,l,
1526886793.2228,14.000000,55.96090000,s,l,
1526897716.976,13.600000,0.00129995,s,m,
1527013255.1857,12.800000,147.98845933,b,l,
1526909246.3955,13.510100,3.00000000,b,l,
1526901056.4305,13.389500,10.00000000,b,l,
1526942017.6202,13.334100,3.22774213,b,l,
1526991171.0989,12.621700,400.00000000,s,m,
1527023942.2212,12.450200,0.05971303,s,l,
1526991176.631,12.630100,400.00000000,s,l,
1526914103.52,13.110700,0.00000175,s,m,
1526982540.8926,12.700000,0.96945066,s,m,
1526901073.1225,13.390000,0.00019617,b,l,
1526991189.8569,12.680100,172.06122787,b,m,
1526999383.924,12.892500,3.00000000,b,l,
1526909273.0782,13.427500,0.00060368,s,m,
1527024288.7742,12.365000,0.01095448,s,m,
1526885519.5975,14.039500,0.12114192,b,l,
1526920933.9871,13.200000,20.00000000,b,m,
1526952803.2051,12.790000,400.00000000,s,l,
1526931856.9946,13.255000,84.89039227,b,l,
1526933874.2731,13.340000,7.30000000,b,m,
1527027434.4115,12.461200,102.15484312,b,m,
1526900772.5342,13.300100,0.00006735,s,m,
1527024000.2719,12.401000,34.67921597,s,l,
1526937323.1983,13.390900,6.26900000,b,l,
1526899775.6336,13.390000,10.00000000,s,m,
1526995115.1884,12.879600,400.00000000,b,m,
1526970815.6791,13.065500,0.00006920,b,m,
1527007637.5167,13.000500,95.00000000,b,m,
1526988770.8804,12.729600,100.00000000,b,m,
1526979825.7058,12.730000,36.09486663,s,m,
1526908213.909,13.445300,0.44712131,s,m,
1527006067.0273,13.007800,42.71823900,b,m,
1527028805.9037,12.180800,66.46360000,b,l,
1526901153.6444,13.447900,25.00000000,b,m,
1526955078.2713,12.950000,73.71056418,b,l,
1527028807.9865,12.160000,12.18500000,s,m,
1526963937.1189,12.875100,5.00000000,s,m,
1527028699.3278,12.212100,270.00000000,s,l,
1527028808.0078,12.160000,0.00000126,s,m,
1526951133.9117,12.800000,0.04388249,s,m,
1526999477.4345,12.910900,15.00000000,b,m,
1526901174.3425,13.447900,25.00000000,b,m,
1526983095.8806,12.709200,60.00000000,s,l,
1526991289.7657,12.700000,50.00000000,b,m,
1526983098.8912,12.700000,304.66519971,b,l,
1527016161.4051,12.809800,250.53847922,s,l,
1526983100.4255,12.700000,296.29689248,b,l,
1526893642.144,13.929300,0.00000507,b,l,
1526983102.5275,12.700000,264.96610645,b,l,
1526983104.1271,12.700000,171.19726722,b,l,
1526901186.9871,13.447900,130.82825842,b,m,
1526926411.4749,13.252800,3.00000000,b,l,
1526964641.3095,12.910000,0.00005163,b,l,
1526913868.0259,13.160000,4.50000000,s,l,
1526983114.9784,12.714000,14.60000000,s,l,
1527017675.5819,12.650000,39.52569000,s,m,
1527028813.163,12.184300,147.99307856,b,l,
1526986974.2279,12.906800,20.37361701,s,l,
1527006968.9476,12.970000,7.25000000,s,m,
1526942163.0907,13.281200,20.00000000,s,m,
1526934600.6275,13.288700,5.00000000,s,m,
1526996039.5575,12.800000,71.46875000,s,l,
1526900925.2229,13.280800,37.67300000,s,m,
1526897745.95,13.600000,0.00006363,s,l,
1526933997.0802,13.340000,312.39945277,b,l,
1526915506.3657,13.210600,109.27460000,s,m,
1526952808.3748,12.780000,0.29900026,b,l,
1526985129.5015,12.876000,20.00000000,s,l,
1526909432.4336,13.448500,205.07700000,s,l,
1526900925.2136,13.281000,5.00000000,s,m,
1526950402.8752,13.150000,10.00000000,s,l,
1526901251.5836,13.390400,205.07700000,s,m,
1526950998.3191,13.110100,5.00000000,s,l,
1526925830.2813,13.164400,7.00000000,b,m,
1526909449.8173,13.428900,0.00065144,s,m,
1526958602.8258,12.994700,195.00000000,b,m,
1526915219.5144,13.173100,154.63210000,b,l,
1526979825.7292,12.730000,0.00062049,s,m,
1527011838.4531,12.828600,143.86443468,s,m,
1526942229.5417,13.334100,15.00000000,b,m,
1526951117.855,13.010000,173.00000000,s,m,
1527017528.4313,12.711000,35.71700000,s,m,
1526991009.5685,12.710000,0.02413331,s,l,
1526895418.8389,13.730000,14.40670000,s,m,
1526900688.5438,13.285800,991.84500000,s,m,
1527000810.9974,12.873500,0.00000549,b,l,
1526912348.4182,13.240000,3.83842399,s,m,
1527013810.6966,12.738300,1105.26791717,s,l,
1526955101.5653,12.950000,53.97875609,b,l,
1526952863.33,12.872600,0.00004824,b,l,
1527030151.9321,12.158000,95.22418983,b,l,
1526909499.5664,13.448600,205.07700000,s,l,
1526908689.4281,13.508400,60.43767407,s,m,
1526950463.0805,13.120100,5.00000000,s,m,
1526909505.7201,13.440500,11.37400000,b,l,
1526909508.7543,13.440500,129.98745853,b,l,
1526997430.6794,12.857200,5.62406019,s,m,
1526909510.7261,13.440500,14.43500000,b,l,
1527023321.0684,12.500000,40.00000000,s,m,
1526909513.2508,13.440500,40.43900000,b,l,
1527012450.4157,12.810000,49.43757851,s,l,
1526909520.41,13.489400,14.79909785,s,l,
1526925905.9406,13.180100,0.05178103,s,m,
1526951117.8945,12.980200,135.34410501,s,m,
1526951718.9651,12.900000,150.69522121,b,l,
1526950485.8936,13.110100,0.00775960,s,l,
1526909527.9798,13.489500,8.97730000,s,l,
1526914148.3092,13.140000,0.00023848,s,m,
1526937359.9168,13.390900,25.70330000,b,l,
1526950463.0968,13.110000,69.91610082,s,m,
1526909536.5072,13.489500,27.40869989,s,l,
1526930550.1849,13.201800,5.00000000,s,m,
1527028838.2131,12.200000,40.00000000,s,l,
1526908689.4328,13.508400,0.00024079,s,m,
1526909273.0805,13.427500,0.00000146,s,m,
1527024234.1651,12.429800,50.00000000,b,m,
1526943607.7918,13.340600,4.98708940,s,l,
1526914565.3518,13.200000,251.09500052,s,l,
1527026056.2324,12.350000,0.00002683,s,m,
1526950463.1032,13.110000,0.00010042,s,m,
1526930550.1876,13.200100,70.13000000,s,m,
1527024251.0699,12.400000,3.61978660,s,l,
1526912789.4748,13.300000,443.70375940,s,l,
1526993344.5179,12.620600,83.90400000,s,l,
1526978326.0639,12.980400,149.74241164,b,m,
1527022169.319,12.620300,122.17472490,s,l,
1526918239.3763,13.296700,400.00000000,b,m,
1526925137.6825,13.241100,5.00000000,s,m,
1527024271.0687,12.400000,0.04723420,s,l,
1526900688.6502,13.260000,20.00000000,s,m,
1526985723.1457,12.890000,144.29784588,b,l,
1527028846.7487,12.200000,139.69267611,s,m,
1527004166.7881,12.850000,26.45376549,s,l,
1526951718.9003,12.900000,892.88654925,b,l,
1526997445.3472,12.850000,95.00000000,s,m,
1527024288.7718,12.365000,4.22421695,s,m,
1526914148.3005,13.140000,94.62121432,s,m,
1526991523.6403,12.700000,150.00000000,b,l,
1526891870.0464,13.850000,0.00117107,b,l,
1526993528.4644,12.620200,30.88373302,s,m,
1526982540.878,12.710600,5.00000000,s,m,
1526979889.0819,12.720000,98.35690403,s,l,
1526937373.6796,13.390900,15.00000000,b,m,
1526897779.9073,13.600000,122.34453000,s,l,
1526889871.7175,13.940100,5.00000000,s,l,
1527024312.5118,12.336900,89.41460134,s,m,
1526951520.3147,12.893400,400.00000000,s,m,
1526926010.8246,13.142600,198.91065531,s,m,
1526951133.849,12.902500,9918.45001000,s,l,
1526886125.4826,14.000300,9.00000000,s,l,
1526917823.073,13.241300,3.00000000,b,m,
1526897807.7492,13.500000,0.04361202,s,m,
1527007168.2131,12.970100,25.00000000,s,l,
1526930550.1909,13.200000,10.00000000,s,m,
1526992206.7673,12.685400,34.85316536,s,m,
1526988770.852,12.700000,20.00000000,s,m,
1526934881.454,13.293200,0.00002012,s,l,
1526901056.4574,13.389700,97.20559153,b,l,
1527016568.776,12.800100,5.00000000,s,l,
1526946338.33,13.350000,18.72659000,b,m,
1527016161.4127,12.809800,5.00000000,s,l,
1526914171.8055,13.140100,156.59285857,s,l,
1527029952.0538,12.000300,37.56071369,s,m,
1526999782.805,12.892500,2.99520777,b,m,
1526901480.6132,13.479600,0.39056644,s,m,
1526983408.0661,12.776700,50.00000000,b,m,
1526952765.4032,12.850300,3.33800000,s,m,
1527016182.3533,12.801400,5.00000000,s,l,
1527018081.465,12.699700,0.02554200,b,l,
1526983807.3631,12.827100,1038.62297012,b,m,
1527024380.2824,12.390200,9.97406742,s,m,
1526902967.1054,13.497000,8.32000000,s,l,
1526991615.4022,12.701900,0.07367224,s,l,
1527007019.598,13.022700,3.00000000,b,l,
1526900853.1443,13.277000,22.76500000,s,m,
1526898330.7574,13.422100,31.00000000,s,l,
1526987944.339,12.858800,400.00000000,b,l,
1526885506.8425,14.039500,73.22760000,b,l,
1526951718.7778,12.900000,0.07478029,b,l,
1526935156.8961,13.429300,956.38920122,b,m,
1526979825.7149,12.730000,26.25253425,s,m,
1527031599.3067,12.206600,20.76700000,b,l,
1526900786.7131,13.300100,74.67000000,s,m,
1526999782.8125,12.904500,138.92661893,b,m,
1526897800.4756,13.532600,100.00000000,s,m,
1526991054.7668,12.650000,27.00000000,s,m,
1526931934.8906,13.201900,0.00006765,s,m,
1526926138.6076,13.150000,3.80000000,b,l,
1526904037.9268,13.512000,89.03764000,s,l,
1527024449.3864,12.430000,350.00000000,b,l,
1526898332.638,13.444600,5.25223312,b,l,
1526979894.9332,12.715900,82.85553131,b,l,
1526979629.7391,12.805000,5.00000000,s,m,
1526955148.6559,12.950000,0.00000004,b,l,
1527022652.0375,12.550000,6.88210659,s,m,
1526937613.4671,13.357300,0.01293268,s,m,
1526948322.8327,13.448500,6.92000000,b,m,
1526899775.6233,13.410000,20.00000000,s,m,
1526953573.4009,12.855100,81.08000000,s,m,
1527029541.1776,12.050000,41.49377000,s,l,
1526888325.5248,13.988800,4.75215310,s,l,
1526983846.0946,12.859000,44.03400000,b,m,
1526915003.2138,13.140000,138.20825340,s,l,
1526897807.7434,13.500000,3.13881067,s,m,
1526945609.6285,13.378000,0.00000040,s,m,
1526901599.7386,13.509000,4.95564019,b,l,
1526929703.9005,13.163300,0.00000002,s,m,
1526912640.7927,13.299800,810.68845525,b,l,
1526998844.527,12.849700,98.93347705,b,m,
1526914894.2457,13.199900,46.01800000,b,l,
1526909805.502,13.537200,4.00000000,b,m,
1526949693.0462,13.369400,400.00000000,b,l,
1526983541.7547,12.816600,31.35773918,b,m,
1526898061.289,13.388800,0.00000195,s,l,
1526904639.0804,13.513500,0.00000334,b,l,
1526950981.5946,13.110000,79.21087738,s,l,
1526996117.3088,12.802000,0.05171120,s,l,
1527006067.127,13.020000,25.60029954,b,m,
1526918020.0225,13.241300,7.00000000,b,l,
1526992379.0676,12.676300,30.45300000,s,l,
1526908700.209,13.546100,104.35653471,b,l,
1527029482.939,12.110000,0.32984539,s,m,
1526958997.3099,12.952100,5.00000000,s,m,
1526926230.8355,13.143400,9.00000000,s,m,
1526897817.3409,13.500100,5.00000000,s,l,
1526897818.1082,13.500000,14.55702553,s,l,
1526912247.0352,13.300000,0.00007652,s,l,
1526952803.1953,12.800000,290.50175784,s,l,
1527028891.2344,12.150000,914.86465000,s,m,
1526897000.7874,13.689800,991.84500000,s,m,
1526908857.2592,13.474700,2.16033703,s,m,
1526905428.7192,13.580000,0.01706710,b,l,
1526951133.88,12.850000,300.00000000,s,l,
1526945609.6246,13.378000,0.05949025,s,m,
1526895418.8328,13.747000,105.12500000,s,m,
1526998858.406,12.849700,55.92440023,b,l,
1526954175.129,12.989200,0.00000765,b,m,
1526897824.402,13.500000,3.00000000,s,l,
1526957899.711,13.002900,5.00000000,b,m,
1527028616.7605,12.280000,72.48620000,s,l,
1526885317.5135,13.950000,500.00000000,b,l,
1526901704.4246,13.550000,9.97042679,s,l,
1526926287.5755,13.150000,0.00000002,b,l,
1526991054.7785,12.644300,78.25299296,s,m,
1527029559.1176,12.000000,162.70113795,s,l,
1527012633.2273,12.800000,46.41011719,s,m,
1527008221.4993,12.946500,82.23115322,s,l,
1526992037.695,12.797600,27.96678283,b,m,
1527028808.0037,12.160000,0.18623034,s,m,
1527008227.9703,12.946500,17.76884678,s,l,
1526901732.2536,13.544500,3.00000000,b,l,
1526983846.0814,12.844200,39.08000000,b,m,
1526925137.6951,13.227900,0.84132390,s,m,
1526926010.8269,13.142600,0.47624259,s,m,
1526914159.3624,13.140000,41.59836000,s,l,
1527028699.3577,12.200000,250.00000000,s,l,
1527028904.2123,12.150400,6.92000000,s,m,
1527024312.5406,12.300600,169.93636878,s,m,
1527023321.0514,12.500000,500.00000000,s,m,
1526959096.4321,12.952200,5.00000000,s,l,
1526895340.8784,13.820000,100.00000000,s,l,
1526952806.1775,12.780000,110.82090000,b,l,
1526951520.3092,12.912100,300.00000000,s,m,
1526893575.3446,13.900000,0.00001518,b,l,
1527024648.6942,12.473200,25.15770728,b,l,
1527024649.86,12.473300,98.31356218,b,l,
1526897819.6094,13.500000,154.20056097,s,m,
1526918157.9718,13.296400,12.00000000,b,m,
1526924988.7775,13.298000,136.26890000,b,l,
1526901056.4612,13.389700,0.00006211,b,l,
1526998873.3249,12.866400,0.06412219,s,l,
1526954959.4557,12.950000,100.00000000,b,l,
1526900688.6236,13.267500,1300.00000000,s,m,
1527029479.3859,12.150000,11.17397967,s,l,
1526903301.6477,13.590000,180.60220000,s,l,
1527031814.8995,12.139600,426.24790000,s,m,
1526904668.3408,13.546000,159.70700000,b,l,
1526990813.1807,12.651300,77.96000000,s,m,
1527024683.8373,12.450300,0.00010061,s,m,
1526885519.6024,14.039500,0.00000018,b,l,
1526979629.7419,12.804900,5.00000000,s,m,
1526952765.4006,12.850300,81.42400000,s,m,
1526911496.0541,13.426800,0.00000992,s,m,
1526955079.8178,12.950000,116.79323477,b,l,
1527028917.813,12.200000,9.82000000,b,l,
1527026821.7967,12.400000,0.00952394,s,m,
1526890157.8202,13.900100,7.17261026,s,l,
1526915506.3772,13.169300,0.19914655,s,m,
1526950981.5894,13.110100,5.00000000,s,l,
1526991943.6576,12.792000,0.00000556,b,l,
1526934600.6385,13.288700,0.00000214,s,m,
1526988770.8641,12.671200,0.00009674,s,m,
1526893642.1396,13.929300,5.08824713,b,l,
1526893643.9427,13.930000,279.15456600,s,l,
1526990857.5648,12.700000,500.00000000,b,l,
1526893647.3558,13.930000,1180.89462756,s,l,
1526967480.7062,12.970600,723.48816554,b,m,
1526951117.8339,13.010100,141.78470000,s,m,
1526950998.323,13.110000,235.34874262,s,l,
1526955080.7006,12.950000,82.10968491,b,l,
1527024731.073,12.506800,100.00000000,b,m,
1526952760.2076,12.850200,0.43807040,s,m,
1526951005.4696,13.070000,200.00000000,s,l,
1526912869.8141,13.311900,99.83031117,s,l,
1526951010.14,13.065100,5.00000000,b,l,
1527023321.0443,12.500000,50.00000000,s,m,
1526959818.2435,13.001200,0.11898050,s,m,
1526951100.3631,13.050000,43.00000000,s,l,
1526950139.2643,13.277400,400.00000000,b,l,
1527022099.0792,12.620300,113.26382280,s,l,
1527016568.7821,12.800000,176.36603125,s,l,
1527016730.534,12.781300,165.03140000,s,l,
1526918335.2348,13.224000,199.60079840,s,m,
1526983807.3573,12.825700,36.06689700,b,m,
1526885506.8385,14.039300,35.67100000,b,l,
1527029952.0314,12.070000,150.00000000,s,m,
1527028616.7657,12.270000,500.00000000,s,l,
1526897056.1475,13.684200,249.35168562,s,m,
1526885519.5998,14.039500,0.00016936,b,l,
1526997262.1751,12.857100,0.00002532,s,m,
1526951133.8763,12.850000,510.66147000,s,l,
1526895131.5863,13.855000,27.02694600,s,l,
1527023321.092,12.500000,0.00005703,s,m,
1526992037.8369,12.795000,5.61442274,s,l,
1526983846.0913,12.850700,238.66868257,b,m,
1526991034.3066,12.710000,2.66962512,s,m,
1526992045.9931,12.795000,154.39034509,s,l,
1526992046.7571,12.795000,154.29220779,s,l,
1526985245.6886,12.889300,400.00000000,b,m,
1526992048.6515,12.795000,85.70302438,s,l,
1527000365.9723,12.812000,72.90224726,s,m,
1526967480.7033,12.942000,183.25164000,b,m,
1526951100.3576,13.050100,5.00000000,s,l,
1526941833.7,13.254600,99.74067425,s,m,
1526918335.4969,13.224000,0.00000159,s,m,
1526970231.8689,13.063800,138.92661893,b,m,
1527024844.6745,12.510000,23.98081000,s,l,
1526951117.8766,13.000000,5.00000000,s,m,
1526901073.1191,13.390000,0.16746380,b,l,
1526951117.8813,13.000000,5.00000000,s,m,
1526911523.4927,13.426800,53.57401615,s,l,
1526983894.266,12.848100,157.00000000,b,l,
1527016664.9373,12.784400,5.00000000,s,l,
1526956580.7838,13.000000,62.33004264,s,l,
1526897800.4558,13.570000,29.15970000,s,l,
1526951133.8932,12.800000,49.46700000,s,m,
1526951134.6001,12.850000,1244.36195783,b,l,
1526912496.1576,13.202900,0.00048837,s,m,
1526912377.1557,13.171600,400.00000000,s,m,
1527017675.597,12.640100,148.04324394,s,m,
1527000296.0897,12.817900,0.15604504,s,m,
1526952765.4606,12.801300,82.67330000,s,m,
1526959349.738,13.049800,50.00000000,b,m,
1526895808.4531,13.790100,0.05932135,b,l,
1527008515.0904,12.910000,95.00000000,s,l,
1526902025.2261,13.500000,37.03703000,s,l,
1526901251.5975,13.374500,91.29749468,s,m,
1526897000.8022,13.661800,400.00000000,s,m,
1527016882.4888,12.723000,165.78760000,s,l,
1526979800.641,12.804900,100.00000000,s,l,
1526991054.7953,12.644300,0.00000030,s,m,
1527016730.5306,12.781400,5.00000000,s,l,
1526968879.5097,12.862000,2.99222023,s,m,
1526979802.1918,12.800000,141.87520000,s,l,
1526941573.3312,13.251200,15.00000000,s,m,
1527026283.9921,12.411900,105.39970343,b,l,
1527019398.1164,12.688800,34.37795464,b,l,
1526902025.2641,13.427500,135.87122546,s,m,
1526885674.3848,14.051700,5.75853342,s,l,
1526987944.358,12.882400,594.89452204,b,l,
1527000365.9696,12.813200,205.07700000,s,m,
1526951133.8042,12.981000,5.00000000,s,l,
1526987944.3519,12.877700,237.83807804,b,l,
1526959414.6613,13.050000,10.00000000,b,m,
1527023321.1122,12.561500,4.99641501,b,m,
1526982540.8624,12.710600,40.00000000,s,m,
1526992206.7442,12.750000,995.00000000,b,m,
1526974349.9286,13.000000,232.89777000,b,l,
1526994459.6226,12.760400,99.78048966,s,m,
1527024449.3804,12.429700,0.13848713,b,l,
1526921102.6285,13.200000,0.02928009,b,l,
1526975838.7757,13.009100,15.00000000,s,m,
1527028265.8002,12.380000,41.26084456,s,l,
1526934881.452,13.293200,0.00775960,s,l,
1526998929.8377,12.878100,0.00550091,b,m,
1527029482.9436,12.110000,0.00000159,s,m,
1526951117.8917,12.995100,38.44200000,s,m,
1527022249.4115,12.620300,1137.33973172,s,l,
1526895350.0518,13.800000,250.00000000,s,l,
1527024649.3503,12.473200,3.23794101,b,l,
1526979817.4286,12.770000,14.24562691,s,l,
1526992248.6002,12.749900,0.03100750,b,m,
1526979818.8179,12.770000,85.74437309,s,l,
1526954817.7228,12.875500,187.41861364,s,l,
1526949782.5127,13.291700,81.23800000,s,m,
1526899775.9331,13.355300,34.13000000,s,m,
1526982540.8871,12.706000,142.50576893,s,m,
1527016840.8588,12.752200,5.00000000,s,l,
1527029560.2736,12.000000,146.61879114,s,m,
1526990825.4993,12.652200,5.00000000,s,m,
1526985245.6913,12.889400,453.29113000,b,m,
1526979825.7384,12.730000,200.00000000,s,m,
1527008682.0439,12.890000,12.00000000,s,l,
1526897807.751,13.500000,0.00011310,s,m,
1526934959.3117,13.379100,45.00000000,b,m,
1527028699.3647,12.200000,50.00000000,s,l,
1526951133.811,12.980500,400.00000000,s,l,
1527016883.3862,12.720000,5.57398008,b,l,
1526902025.2552,13.442000,5.45781712,s,m,
1526918335.4942,13.224000,0.00079522,s,m,
1527030066.3746,12.109500,0.00004615,b,l,
1526900640.8531,13.342900,0.00043361,s,m,
1527031744.7267,12.110400,154.14017240,s,m,
1526900640.8455,13.343000,108.19030000,s,m,
1526935452.6421,13.366900,89.57159218,s,m,
1526889719.3725,13.940100,5.00000000,s,l,
1526990825.5089,12.652000,50.65350000,s,m,
1526914994.96,13.140000,138.20825340,s,l,
1526951399.4802,12.994100,5.00000000,s,l,
1526951400.8745,12.994100,411.08328328,b,l,
1526979836.0866,12.730000,149.91727931,s,l,
1526951402.1619,12.994100,32.98380000,b,l,
1527019431.919,12.670000,8.05164030,s,l,
1527008748.5054,12.850000,16.00000000,s,m,
1526951406.2744,12.994000,5.00000000,s,l,
1526964641.297,12.910000,58.89373640,b,l,
1526926834.6402,13.250000,5.67561870,s,l,
1526926836.7659,13.250000,5.67571860,s,l,
1526897918.6876,13.450200,0.00000002,s,m,
1526926840.1238,13.250000,5.67781650,s,l,
1526902896.9911,13.499700,0.10383911,b,l,
1526992379.065,12.676400,145.51710000,s,l,
1526926844.5491,13.250000,10.41400000,s,l,
1527012172.0648,12.800000,0.00056285,s,l,
1526991054.7872,12.644300,16.94813485,s,m,
1526924173.3659,13.276200,0.02847460,s,m,
1526943243.6627,13.311700,0.00000894,s,m,
1526906115.1933,13.595600,22.81378604,b,l,
1527008791.0747,12.822300,0.22690953,s,m,
1526906115.2104,13.595800,580.90521396,b,l,
1526951133.8627,12.890000,1150.00000000,s,l,
1526900688.6712,13.260000,0.02203831,s,m,
1527000810.9928,12.873500,5.50884227,b,l,
1526967847.5707,12.969000,0.00011804,b,l,
1526967850.8425,12.980000,76.53668790,s,l,
1526951133.859,12.900000,1000.00000000,s,l,
1527024312.5344,12.300700,140.57898232,s,m,
1526991103.1335,12.709300,400.00000000,b,l,
1527017675.5558,12.705100,5.00000000,s,m,
1526967858.3672,12.980000,33.30249604,b,l,
1527025204.1089,12.397600,39.62930000,s,m,
1527022174.2092,12.620300,122.17472490,s,l,
1526902025.271,13.412900,125.66999981,s,m,
1527019011.0254,12.629800,54.85737084,s,m,
1526990773.1197,12.650100,57.05516015,s,m,
1527022176.2217,12.620300,122.17472490,s,l,
1526979374.5558,12.880000,36.18788820,s,l,
1527021447.8629,12.681300,200.00000000,b,m,
1527018081.4622,12.699700,31.95303691,b,l,
1526920377.3875,13.176700,106.11305562,b,m,
1526909449.8135,13.428900,136.81501625,s,m,
1526914026.6436,13.198300,5.00000000,b,m,
1527022474.8575,12.600000,0.12932663,s,m,
1526982584.1648,12.700000,266.46952975,s,m,
1526951117.9188,12.979900,0.00000015,s,m,
1527023321.09,12.500000,0.17488205,s,m,
1526908857.2384,13.506500,5.00000000,s,m,
1526943321.437,13.324400,92.12795198,s,l,
1526897935.4138,13.450200,322.90480960,s,m,
1527026839.1351,12.400000,0.00824361,s,l,
1526951520.3042,12.962800,35.45373313,s,m,
1526963206.5845,12.906700,875.75071623,s,m,
1527008871.0665,12.880000,0.15474023,b,l,
1526952551.2478,12.954500,5.00000000,s,m,
1526990825.5055,12.652100,400.00000000,s,m,
1526935156.8933,13.428200,30.19400000,b,m,
1527000696.9716,12.820000,59.09718000,s,l,
1526886014.5549,14.051700,6.98640870,s,l,
1526935167.1856,13.429100,41.59696863,b,m,
1527031744.7231,12.110600,143.23129356,s,m,
1527000707.3849,12.820000,603.71900000,s,l,
1526916045.7569,13.190600,216.08176005,s,l,
1527025204.1061,12.397700,170.13770000,s,m,
1526910609.2733,13.504600,383.84400000,b,l,
1527023321.0304,12.510000,310.07270000,s,m,
1527012633.2317,12.800000,438.41922281,s,m,
1527011838.4576,12.828600,0.00048779,s,m,
1527000296.061,12.830000,12.48558000,s,m,
1526984349.2543,12.803900,126.13183483,b,m,
1526994170.6463,12.799300,135.69010887,s,l,
1527025312.6791,12.380000,912.00000000,s,m,
1526900688.5159,13.348200,13.14820000,s,m,
1526959387.5929,13.049800,50.00000000,b,m,
1527031744.7074,12.136000,213.80081163,s,m,
1527022193.8865,12.620300,122.17472490,s,l,
1527025320.7738,12.471200,24.72458400,b,m,
1527024925.5933,12.534300,3.00000000,b,m,
1527008944.0236,12.924500,50.00000000,b,l,
1527000296.0848,12.828800,5.00000000,s,m,
1526994033.5919,12.720500,0.00015949,s,l,
1526950463.0914,13.120000,45.00000000,s,m,
1526979871.5945,12.730000,0.00002929,b,l,
1526930550.1786,13.225300,79.11968054,s,m,
1526909273.0326,13.427500,89.76660693,s,m,
1527013810.7011,12.727600,1300.00000000,s,l,
1526976198.6777,12.981300,226.58809121,s,l,
1526974412.4269,12.995000,0.01551920,s,m,
1526959818.2372,13.001200,5.00000000,s,m,
1527031480.0928,12.200000,188.00000000,s,l,
1527028813.1693,12.194800,143.29411652,b,l,
1526993528.4737,12.620200,0.00000054,s,m,
1526979825.6882,12.750000,10.00000000,s,l,
1526945609.6223,13.378000,22.94035508,s,m,
1527017172.5051,12.710800,100.00000000,s,l,
1527022201.9688,12.620300,31.36963152,s,l,
1526897817.3379,13.502800,5.00000000,s,l,
1526900687.3191,13.348300,5.00000000,s,m,
1527008791.0793,12.822300,0.00000130,s,m,
1526943013.1614,13.334100,10.00000000,b,m,
1526900688.6335,13.260000,25.00000000,s,m,
1526897807.7472,13.500000,16.81746392,s,m,
1526996128.7569,12.847500,0.00552879,b,l,
1526992206.771,12.685400,38.82141989,s,m,
1527000810.9802,12.851000,5.00000000,b,l,
1527000811.003,12.878800,1.79564890,b,l,
1526886125.489,14.000000,0.37052642,s,l,
1526952765.4662,12.800000,135.85526563,s,m,
1526935283.9228,13.364300,9.00000000,s,m,
1527009016.1754,12.959700,17.76900000,b,m,
1527022703.2861,12.570300,85.92719155,s,l,
1526930043.5644,13.250000,0.02754058,b,l,
1526935293.0438,13.429500,3.00000000,b,l,
1526897824.3919,13.500000,451.20056097,s,l,
1526897000.8294,13.625200,25.00000000,s,m,
1527029035.5944,12.150300,26.01610000,s,l,
1526979884.5911,12.720300,5.00000000,s,l,
1526984459.2426,12.815000,20.00000000,s,l,
1526936194.9532,13.368500,5.00000000,s,l,
1527000365.9662,12.818400,400.00000000,s,m,
1526897819.6238,13.500000,30.79943903,s,m,
1526979886.5926,12.720000,161.12262439,s,l,
1526902025.245,13.444800,4.52689102,s,m,
1527024449.3828,12.429700,0.00011070,b,l,
1526897807.735,13.500000,4.86118933,s,l,
1526908689.4039,13.509100,4.44145058,s,m,
1526904639.0783,13.513500,0.00417414,b,l,
1526951715.9097,12.920000,400.00000000,s,l,
1526910756.3355,13.457100,0.00006036,s,m,
1526951718.7756,12.900000,56.09494574,b,l,
1526951719.089,12.900000,0.11536786,b,l,
1526952806.6932,12.780000,0.07590149,b,l,
1526897547.4257,13.700000,83.49876440,s,l,
1527004205.4982,12.850000,4.23193010,s,l,
1527006067.0448,13.008000,3.70429200,b,m,
1526990813.1714,12.651700,400.00000000,s,m,
1527017466.8912,12.757600,546.66999999,b,m,
1526959923.6748,13.050000,33.19037548,b,l,
1527000889.0671,12.810000,10.00000000,s,l,
1527017274.0773,12.710800,200.00000000,s,l,
1527031775.8148,12.111600,425.84478041,s,m,
1526997642.2463,12.850000,885.07931019,s,l,
1526949856.9174,13.292100,2.99222028,s,l,
1526979894.0981,12.715900,145.01720000,b,l,
1526934600.6341,13.288700,2.29496003,s,m,
1526904801.6527,13.566900,12.65919017,b,l,
1526976330.7738,13.060200,47.00254207,b,m,
1526915506.375,13.169300,124.66573482,s,m,
1526951761.3815,12.983900,159.79517556,b,l,
1526951762.5859,12.983900,167.55131651,b,l,
1526951765.4108,12.983900,166.22965360,b,l,
1526951766.9268,12.983800,0.00013685,b,l,
1526951767.5914,12.983900,274.74098466,b,l,
1526951768.6235,12.983800,0.14300203,b,l,
1526951772.0625,13.000000,15.00000000,b,l,
1526951775.0397,13.000000,4.99500000,s,l,
1526908882.8956,13.584400,336.82771369,b,m,
1526889788.6554,13.940000,3.23588000,s,l,
1526904180.7212,13.451300,0.00000336,b,l,
1527019756.8068,12.615700,1.33800000,s,m,
1526895640.6605,13.750100,100.41234706,s,m,
1527017335.8282,12.710600,0.02069227,s,l,
1527022228.3265,12.620300,167.31951300,s,l,
1527029056.0575,12.150000,18.95072811,s,m,
1526988770.8417,12.713400,515.83000000,s,m,
1526935305.8929,13.365000,5.00000000,s,m,
1526992779.0433,12.752300,3.00000000,b,m,
1526900771.7801,13.350000,15.96926592,s,m,
1526992206.778,12.681300,338.20718090,s,m,
1526908857.2614,13.474700,0.00560231,s,m,
1527022301.8577,12.600000,0.00000001,s,m,
1526949925.9864,13.282200,87.02475080,s,m,
1527029560.2809,12.000000,0.00000255,s,m,
1527029165.9929,12.200000,0.00001461,b,m,
1526897716.9821,13.600000,100.00000000,s,m,
1527011313.1833,12.829000,9.00000000,s,l,
1527026647.539,12.425600,246.72354380,b,l,
1526897824.3976,13.500000,50.00000000,s,l,
1527024312.5438,12.300200,991.84500000,s,m,
1526974450.9363,13.000000,500.00000000,b,l,
1527020872.5093,12.625000,19.80198000,s,l,
1526982643.3502,12.760300,50.75400000,b,m,
1526951133.8196,12.960100,148.89830434,s,l,
1527028616.8114,12.221500,1.71980016,s,m,
1527024683.8349,12.450300,0.03879799,s,m,
1527031775.8046,12.111700,174.15521959,s,m,
1526952610.8515,12.955600,5.00000000,b,l,
1526900553.3768,13.442000,100.00000000,s,l,
1526984655.0649,12.811200,5.00000000,b,l,
1526945609.6266,13.378000,0.00015427,s,m,
1526900728.6188,13.315700,0.00000186,b,l,
1527017426.0465,12.760800,6.00000000,b,m,
1527030066.3775,12.109900,78.07554845,b,l,
1526893902.8595,13.910000,5.00000000,b,m,
1526913949.452,13.129500,0.00000027,s,l,
1526900729.5903,13.337700,100.00000000,s,m,
1527029482.9326,12.110000,11.40985962,s,m,
1526990773.085,12.674700,4.73383985,s,m,
1527025629.1251,12.370000,12.12611000,s,m,
1527023611.5908,12.500000,42.56519220,s,l,
1526951910.2116,13.000200,70.00000000,s,m,
1527023306.9378,12.500100,217.01278000,s,m,
1527022247.9822,12.620300,935.28983770,s,l,
1527029074.9202,12.150100,0.00006708,s,l,
1526984691.1452,12.815000,3.12580229,s,l,
1526995115.1793,12.866700,205.07700000,b,m,
1526895808.4349,13.790100,74.21101597,b,l,
1527022249.3425,12.620300,19.34982530,s,l,
1526893908.8373,13.900000,9.04143885,b,l,
1527017466.8709,12.757000,400.00000000,b,m,
1527022250.475,12.620300,5.20054036,s,l,
1526994459.5934,12.810200,205.07700000,b,l,
1526898007.8913,13.450000,10.00000000,s,m,
1527023618.408,12.500000,20.00000000,s,l,
1526915757.849,13.190300,4.98704040,s,m,
1526951117.8879,13.000000,7.00000000,s,m,
1526980042.5433,12.700100,27.00000000,s,m,
1526996128.7479,12.841700,0.04776268,b,l,
1526919195.2437,13.187500,89.48464394,s,m,
1526898010.558,13.450000,385.54307150,s,l,
1526886437.4451,14.000000,210.02880000,s,l,
1526900772.5322,13.300100,0.02905940,s,m,
1526953991.8739,12.959300,100.00000000,b,l,
1527024312.5377,12.300700,129.11453428,s,m,
1526988125.0278,12.834700,7.00000000,s,l,
1526968369.6828,12.960000,7.24779760,s,l,
1526984754.0359,12.815000,27.75602057,s,l,
1526968375.6191,12.960000,0.00001142,s,m,
1527017528.511,12.704900,39.01488835,s,m,
1526992248.597,12.749900,38.79038762,b,m,
1526994394.3706,12.836900,400.00000000,b,l,
1526953528.8883,12.895400,7.14000000,s,m,
1526952803.187,12.821900,5.00000000,s,l,
1527023321.0638,12.500000,80.00000000,s,m,
1526886474.5668,14.000000,603.71900000,s,l,
1526919247.8597,13.150000,2.48172884,s,m,
1526923960.1997,13.285400,250.00000000,b,l,
1526951117.8848,13.000000,19.23076000,s,m,
1526960213.7202,13.050000,0.05767547,b,l,
1527025754.3874,12.360000,20.00000000,s,l,
1527025756.9048,12.354800,187.32314736,s,l,
1526886494.7527,14.000000,603.71900000,s,l,
1526988750.5854,12.740900,20.00000000,s,m,
1526897000.8118,13.625300,168.45944319,s,m,
1526927459.9255,13.160500,0.01293267,s,m,
1526902896.9859,13.499700,129.90272558,b,l,
1527003943.9021,12.825200,2.99281733,s,l,
1526960243.5201,13.077900,755.00000000,b,l,
1527025790.2946,12.360000,20.00000000,b,l,
1526902913.5766,13.499700,100.00000000,b,m,
1526895808.4659,13.790100,0.00003854,b,l,
1526902915.8398,13.500000,26.28764769,b,l,
1526925335.6227,13.288600,37.79600000,b,m,
1526919308.1541,13.147200,0.00002646,s,m,
1526968462.9245,12.960000,2.04232240,s,l,
1526952082.9814,13.054200,3.00000000,b,l,
1527025379.2496,12.370300,16.39344000,s,l,
1527011855.996,12.828600,60.83900000,s,l,
1527031744.7343,12.110300,0.07287908,s,m,
1527024288.7568,12.365100,0.00003353,s,m,
1526952111.8326,13.054500,12.00000000,b,m,
1526915018.3538,13.140000,79.63440000,s,l,
1526895418.8141,13.785500,4.70445758,s,m,
1526952765.4631,12.801100,100.00000000,s,m,
1526902967.1102,13.496800,400.00000000,s,l,
1526991943.6535,12.792000,5.57457498,b,l,
1526968509.7079,12.930000,19.33488000,s,l,
1526900834.078,13.301100,5.00000000,s,m,
1526954175.1373,12.989300,530.63000000,b,m,
1527017675.647,12.657500,17.50000000,s,m,
1526979825.6949,12.730100,4.06700000,s,m,
1527025872.4488,12.360400,20.00000000,s,m,
1526992248.6097,12.749900,0.00002225,b,m,
1526900771.7947,13.338200,4.49835810,s,m,
1526900772.5234,13.329800,5.00000000,s,m,
1526921839.8894,13.275000,7.53294000,b,m,
1526927582.6007,13.151400,8.00000000,s,m,
1526949925.9832,13.282300,5.00000000,s,m,
1526973136.7354,12.923600,0.41092834,s,m,
1526927586.9201,13.160500,0.23733501,b,l,
1526996128.7544,12.847500,5.53432498,b,l,
1526979871.5917,12.730000,0.06320259,b,l,
1526924022.3968,13.300000,0.01100594,b,l,
1526993138.495,12.722400,68.02108093,s,l,
1527001332.664,12.830300,5.00000000,b,m,
1526952660.9717,12.920300,49.34894008,s,l,
1526922705.7895,13.250000,222.97815987,b,l,
1527008748.501,12.860000,10.00000000,s,m,
1526993153.0998,12.671700,1.08749581,s,m,
1526927618.6754,13.237700,50.00000000,b,m,
1527011313.1894,12.828700,0.19800373,s,l,
1526952196.1885,13.052900,56.94534548,b,m,
1526947482.5854,13.355100,39.81471623,s,m,
1526897000.8088,13.650000,100.00000000,s,m,
1526952204.3837,13.002600,5.00000000,s,l,
1526928933.8367,13.151200,5.00000000,s,m,
1526886670.3197,14.000100,5.00000000,s,l,
1526952215.8056,13.000000,19.23076000,s,l,
1527006067.137,13.055500,58.63375589,b,m,
1526976799.9079,13.000000,6.00000000,s,l,
1526992379.0748,12.675800,0.00066630,s,l,
1527017766.7869,12.659300,7.14000000,s,m,
1527025961.5981,12.350000,10.00000000,s,m,
1526900786.7172,13.300000,20.33000000,s,m,
1527022301.8368,12.600000,107.84349206,s,l,
1526987944.3459,12.870000,72.33842552,b,l,
1527016840.8655,12.752100,986.84500000,s,l,
1526897807.724,13.502700,36.55800000,s,l,
1527005918.9215,12.935400,17.67221010,b,l,
1526902896.9962,13.500000,473.71235231,b,l,
1526996039.5512,12.800100,400.00000000,s,l,
1527023321.0718,12.500000,325.00000000,s,m,
1526952258.1283,12.990000,249.76607390,s,l,
1527029131.7764,12.150200,6.36300000,s,l,
1526999094.1595,12.830500,0.00004195,s,m,
1526895418.8455,13.720000,218.83664723,s,m,
1526911307.8904,13.426800,29.68240000,s,l,
1527016882.4953,12.722900,5.00000000,s,l,
1527005922.8737,12.856800,90.00000000,s,m,
1526950485.8834,13.110100,2.99222028,s,l,
1526898061.287,13.388800,0.00081393,s,l,
1526952273.4076,12.984100,109.88801089,s,l,
1526960467.7379,13.050000,26.36600000,s,l,
1526990857.5506,12.699900,5.56922077,b,l,
1526960472.738,13.050000,23.21800000,s,l,
1527001434.0003,12.800000,603.71900000,s,l,
1526889871.7232,13.940000,2.26412000,s,l,
1526960477.5928,13.050000,86.81632184,s,l,
1526928933.8576,13.150000,22.69129609,s,m,
1526992248.6023,12.749900,0.00002479,b,m,
1527028808.0009,12.160000,71.81328546,s,m,
1526911342.8845,13.426800,9.94584420,s,l,
1526911343.2958,13.426800,18.85932180,s,l,
1527024683.8291,12.450300,14.96110114,s,m,
1526916045.7542,13.203800,238.68273443,s,l,
1526927741.6621,13.227700,37.99600000,b,m,
1526993278.6341,12.664600,4.73761508,s,l,
1526949953.3467,13.273400,5.00000000,s,m,
1527026056.2258,12.350000,3.98962697,s,m,
1526886793.2157,14.000100,5.00000000,s,l,
1526886796.1858,14.000000,649.72862100,s,l,
1526944141.5609,13.406900,3.00000000,b,m,
1526973165.2393,12.931100,2.99222024,s,l,
1527026068.3109,12.390000,40.00000000,b,l,
1527026073.7738,12.390200,4.38261300,s,l,
1526966341.7378,12.897200,165.20844125,b,l,
1527022653.7619,12.550000,0.07759599,s,m,
1526960549.0421,13.020000,4.30700000,s,l,
1526909449.8074,13.429100,5.00000000,s,m,
1526985129.3993,12.876000,3.00000000,s,l,
1527023321.0412,12.500000,953.08200000,s,m,
1527028699.3532,12.200000,480.00000000,s,l,
1526908207.2881,13.482500,0.09568444,s,m,
1527022503.9489,12.600000,76.00000000,s,l,
1526993344.5319,12.620200,0.00076672,s,l,
1526936577.9082,13.363300,74.76587411,s,l,
1526924022.3931,13.300000,6.88971685,b,l,
1526900640.8507,13.342900,0.20105047,s,m,
1526883064.6849,13.979500,69.90643442,b,m,
1526970815.6829,13.078000,1153.45120031,b,m,
1526933584.0696,13.300000,5.26315789,s,m,
1526921179.836,13.201400,0.00003150,s,l,
1527017766.7831,12.670200,5.00000000,s,m,
1527028506.3695,12.360000,64.16649640,s,l,
1526968812.3217,12.940000,3.00000000,b,m,
1526973136.7302,12.930300,7.73375000,s,m,
1527029473.9965,12.150000,207.07812799,s,l,
1526900688.6135,13.271300,0.01496052,s,m,
1527017675.5639,12.689400,166.22660000,s,m,
1527002195.6888,12.859100,11.38806993,b,l,
1526915506.3692,13.210500,5.00000000,s,m,
1527014143.7823,12.820000,10.00000000,b,l,
1526934600.6364,13.288700,0.00503783,s,m,
1526993413.5981,12.620200,0.00125577,s,m,
1527000810.9953,12.873500,0.00550334,b,l,
1526911496.0514,13.426800,0.00497012,s,m,
1527029165.991,12.200000,0.00917063,b,m,
1526895123.4068,13.875000,22.92320000,s,l,
1526895418.8213,13.782700,5.97663012,s,m,
1526895133.3653,13.855000,17.74990961,s,l,
1526936580.1787,13.312000,80.08008008,b,l,
1526895137.5534,13.855000,17.74899287,s,l,
1526895139.9028,13.855000,49.78216800,s,l,
1526904267.6879,13.467000,180.00000000,b,l,
1526985478.2818,12.887700,400.00000000,b,l,
1526922707.4426,13.250000,233.03522918,b,l,
1527029169.3392,12.150000,338.19088048,s,l,
1526903301.6637,13.590000,20.95402502,s,l,
1527024312.6035,12.337000,36.90404947,s,m,
1526968879.5139,12.862000,0.00775960,s,m,
1527016883.3884,12.720000,0.00444992,b,l,
1526952713.7703,12.922000,5.00000000,s,l,
1526895160.3307,13.855000,143.67006857,s,l,
1527029482.9076,12.110000,0.00000058,s,m,
1527029173.1631,12.150000,47.62700000,s,l,
1526897819.6176,13.500000,100.00000000,s,m,
1526993477.2755,12.686800,10.00000000,b,m,
1526952524.2808,13.031500,198.69757127,b,m,
1526900834.0664,13.340000,3.00000000,s,m,
1527030541.0658,12.281500,8.32000000,b,m,
1527018064.7969,12.699600,100.00000000,s,l,
1527018066.3202,12.699700,5.50520864,b,l,
1526895191.2089,13.830000,100.00000000,s,l,
1527028616.775,12.264900,274.06619205,s,l,
1527020872.5306,12.620400,67.17002000,s,l,
1527018081.4672,12.699700,0.00002041,b,l,
1527029179.9153,12.150000,1702.51129420,s,l,
1526915506.3627,13.220000,414.11020000,s,m,
1526908213.9001,13.448400,130.04984919,s,m,
1526952551.2536,12.954500,0.00000002,s,m,
1527029180.2485,12.150000,3.44991218,s,l,
1526900885.1578,13.250100,108.94890000,s,m,
1527026284.0011,12.412000,344.60029657,b,l,
1527029056.0619,12.150000,0.04914412,s,m,
1526928963.1328,13.157500,109.71560000,s,m,
1527029182.8253,12.150000,8.91667440,s,l,
1526927586.9223,13.160500,0.00032415,b,l,
1526974569.0432,13.000000,500.00000000,b,l,
1526993528.4714,12.620200,0.00020769,s,m,
1527029183.7688,12.150000,823.87316810,s,l,
1526973136.7206,12.965500,205.39879724,s,m,
1526983846.0978,12.859100,845.14071747,b,m,
1526936194.9923,13.368400,0.16385775,s,l,
1527022358.9705,12.609500,10.00000000,b,l,
1527026312.9518,12.400300,104.60185331,s,l,
1526927582.5965,13.151400,5.00000000,s,m,
1526908882.8826,13.584200,8.28121050,b,m,
1526994141.065,12.798900,0.00001161,b,l,
1526960791.4345,13.020000,295.69300000,s,l,
1527029188.253,12.150000,6.64600000,s,l,
1526974576.0863,13.000000,311.97979346,b,l,
1526952610.2174,12.955700,5.00000000,s,l,
1526952616.5171,12.955500,991.84500000,s,l,
1526915035.421,13.140000,79.64240000,s,l,
1527026351.3223,12.400300,167.69871493,s,l,
1527024312.1753,12.336900,0.00046085,s,m,
1526895808.4639,13.790100,0.04821284,b,l,
1526924173.3635,13.276200,12.97147219,s,m,
1526952637.9119,12.950000,47.99789790,b,l,
1526952638.3671,12.950000,157.07443936,b,l,
1526952639.0553,12.950000,66.22722723,b,l,
1526952640.198,12.950000,76.10173244,b,l,
1526952736.6943,12.900400,5.00000000,s,l,
1526952642.0517,12.950000,39.19834807,b,l,
1526952645.5588,12.950000,23.51530000,b,l,
1526952737.7801,12.900000,5.00000000,b,l,
1526982584.1843,12.683000,0.00037491,s,m,
1526940450.2607,13.300000,4.81954000,s,l,
1526922701.6276,13.275600,5.00000000,s,l,
1526952660.9795,12.920300,0.11805992,s,l,
1527009016.183,12.959800,325.08567262,b,m,
1526922703.9268,13.250000,157.61561562,b,l,
1526993628.2346,12.684200,5.00000000,b,m,
1526993413.59,12.620200,389.29926461,s,m,
1526897807.7272,13.500000,12.22222000,s,l,
1527018212.7491,12.770800,25.00000000,b,m,
1527012817.112,12.800000,570.39924219,s,l,
1526895340.8866,13.810000,18.10282000,s,l,
1526952744.066,12.883800,5.34100000,s,l,
1526952765.3977,12.850400,400.00000000,s,m,
1526952691.9965,13.002000,100.00000000,b,m,
1526895350.0607,13.800000,30.00000000,s,l,
1526914516.2146,13.200000,18.90500000,s,l,
1526900853.1567,13.276700,0.04537387,s,m,
1526985478.2925,12.887800,53.67373019,b,l,
1526952713.7615,12.922100,88.13066390,s,l,
1526904180.719,13.451300,0.00419599,b,l,
1526993675.2883,12.684200,35.65626587,b,l,
1526895372.832,13.800000,710.24243478,b,l,
1526993682.7313,12.684200,89.63875513,b,l,
1527029966.2366,12.001100,0.05912815,s,l,
1527007512.8837,12.915400,158.00000000,s,m,
1526952736.6995,12.900000,10.00000000,s,l,
1526952737.3644,12.900000,500.23913492,b,l,
1526952739.3742,12.899900,9.32850000,b,l,
1526990773.1111,12.660000,7.00000000,s,m,
1526952744.0701,12.883600,20.00000000,s,l,
1526952765.4088,12.850200,200.00000000,s,m,
1527006067.1209,13.020000,94.22675883,b,m,
1526936368.2327,13.400000,42.62266938,b,l,
1526886670.3278,14.000000,25.00000000,s,l,
1526941833.7071,13.254600,0.25865325,s,m,
1526952760.2016,12.850200,199.56097519,s,m,
1526919993.1496,13.160000,3.00000000,s,l,
1526895418.8179,13.785400,369.40973703,s,m,
1526952765.4059,12.850300,61.42400000,s,m,
1527029216.801,12.150000,4.98400000,s,l,
1526887235.8834,14.000000,103.23204734,s,l,
1526896218.874,13.752400,4.36287484,s,m,
1526936389.943,13.380000,17.02856502,b,l,
1526913949.4405,13.130000,15.06430000,s,l,
1526895433.3263,13.681000,3.00000000,s,l,
1526895437.3422,13.681300,3.00000000,s,l,
1526936400.5269,13.380000,1.65603498,b,l,
1526952760.2096,12.850200,0.00095441,s,m,
1526922709.3716,13.296700,18.01125736,b,l,
1526991034.3175,12.651200,48.72500000,s,m,
1526895418.8268,13.747300,205.07700000,s,m,
1527028548.0538,12.350000,78.54251000,s,l,
1526953114.1831,12.830600,2.00000000,s,l,
1526985570.0548,12.831500,100.00000000,s,l,
1526952803.1844,12.822100,8.32000000,s,l,
1526952804.9165,12.780000,4.00000000,b,l,
1526952805.2835,12.780000,144.10970000,b,l,
1526952806.7217,12.780000,53.71726045,b,l,
1526952807.0428,12.780000,1562.75136030,b,l,
1527026536.8762,12.412000,44.01330565,b,l,
1526979884.5941,12.720100,145.01720000,s,l,
1526952812.3168,12.874400,3.21000000,b,l,
1526944622.7801,13.406900,32.17728848,b,l,
1526952765.4117,12.850100,5.00000000,s,m,
1526895475.2087,13.798800,5.00000000,b,m,
1526951133.9002,12.800000,175.53300000,s,m,
1526977402.0328,12.940200,17.43000000,s,l,
1526951402.3433,12.994100,5.00000000,b,l,
1526993790.4636,12.685600,79.32823800,s,l,
1526900885.1545,13.260600,5.00000000,s,m,
1526993792.8369,12.685700,4.00000000,s,l,
1526993793.4934,12.685700,145.56872750,s,l,
1526908857.2498,13.492500,991.84500000,s,m,
1526911496.0487,13.426800,2.49002992,s,m,
1526993800.4225,12.685600,90.11892750,s,l,
1527008748.5141,12.822100,0.00000996,s,m,
1527029203.4704,12.204600,23.00000000,b,m,
1527017528.5034,12.710900,966.26811165,s,m,
1526970815.6704,13.065500,35.40416730,b,m,
1526900688.549,13.271400,768.50398900,s,m,
1526951406.2713,12.994000,35.00400000,s,l,
1527026584.327,12.412000,100.00000000,b,m,
1526895428.1458,13.680500,3.00000000,s,l,
1526909432.4557,13.426800,556.22392794,s,l,
1526952860.6062,12.872600,68.90607694,b,l,
1526980238.736,12.711800,8.32000000,s,m,
1526952863.3269,12.872600,0.06034857,b,l,
1526952864.4398,12.873200,137.42864109,b,l,
1526993825.9897,12.685700,56.00000000,b,l,
1526979147.992,12.891200,11.68640708,s,l,
1526993827.8826,12.690400,500.00000000,s,l,
1527018404.9549,12.779800,23.28977762,b,l,
1526952871.8681,12.876900,2.99222028,s,l,
1527022247.8405,12.620300,121.99432665,s,l,
1526944686.9135,13.406900,2.99520772,b,l,
1526951133.8652,12.860300,614.07743107,s,l,
1526899529.6717,13.437300,10.00000000,s,l,
1526925137.697,13.227900,0.00151166,s,m,
1526991008.6624,12.729700,100.00000000,b,m,
1526903997.6611,13.512000,0.23138354,s,l,
1526991009.5603,12.710000,9.30617882,s,l,
1527006028.8672,12.989600,47.82013200,b,m,
1526899533.654,13.439900,21.00000000,b,m,
1526887382.3996,14.000000,500.00000000,s,l,
1527026647.5535,12.475400,105.39970343,b,l,
1526887384.5541,14.000000,500.00000000,s,l,
1526887386.7431,14.000000,219.64663166,s,l,
1526908689.4215,13.509000,5.00000000,s,m,
1526911969.8972,13.407600,38.23332000,b,m,
1526965510.7583,12.816700,981.77210000,s,m,
1526992379.0596,12.704500,1153.45120031,s,l,
1527026660.9013,12.491700,100.00000000,b,m,
1526926844.6771,13.250000,46.88152720,s,l,
1527000889.0708,12.800000,132.81618000,s,l,
1526980093.6588,12.714600,0.00042676,s,m,
1526985712.5505,12.890000,139.06568461,b,l,
1526934959.3051,13.370000,5.00000000,b,m,
1526926230.8446,13.143200,91.00000000,s,m,
1526995115.2003,12.910400,756.89543082,b,m,
1526985723.1691,12.890000,0.05311390,b,l,
1526920229.7443,13.141000,39.35452312,s,l,
1527026647.5508,12.463700,991.84500000,b,l,
1527031744.7296,12.110400,174.17390000,s,m,
1526936577.9481,13.325300,400.00000000,s,l,
1526995115.1913,12.880900,38.76819300,b,m,
1526936580.1984,13.312000,0.01295876,b,l,
1527022250.1232,12.620300,39.87080940,s,l,
1527002125.6371,12.869900,400.00000000,b,m,
1527011855.9869,12.828800,5.00000000,s,l,
1526895640.6717,13.750100,0.00022910,s,m,
1527013810.7228,12.710700,8585.16818716,s,l,
1526895418.8563,13.700000,117.27137956,s,m,
1526912865.3136,13.300000,100.00000000,b,l,
1526895649.8334,13.750100,100.00000000,s,m,
1526920229.7386,13.145600,60.00000000,s,l,
1526969385.1014,12.954900,6.92000000,b,l,
1527024312.1716,12.336900,81.36632618,s,m,
1527017675.6058,12.623600,400.00000000,s,m,
1526936628.0405,13.349300,5.15330378,s,l,
1526888628.1717,14.021400,5.00000000,b,l,
1526951133.9094,12.800000,24.42304557,s,m,
1526943243.6578,13.311700,9.60635062,s,m,
1526900853.1541,13.276700,25.25307799,s,m,
1526985797.0089,12.976400,14.28241000,b,m,
1527023321.0816,12.500000,500.00000000,s,m,
1526985723.16,12.890000,0.17294988,b,l,
1526969420.4791,12.890000,0.00007252,b,l,
1526951117.966,12.979900,37.90145629,s,m,
1526952803.2079,12.782300,1300.00000000,s,l,
1526991034.3204,12.651100,205.07700000,s,m,
1526952805.9096,12.780000,478.17309399,b,l,
1526920289.4284,13.176700,143.88694438,b,m,
1526952806.5847,12.780000,7.00659919,b,l,
1526997430.683,12.850000,19.45525000,s,m,
1527023804.0238,12.450000,75.00000000,s,m,
1526983541.7483,12.794300,5.00000000,b,m,
1526900925.2254,13.273200,444.11802886,s,m,
1526952808.3768,12.780000,0.00011955,b,l,
1526912114.5583,13.400000,5.93905500,s,l,
1526961268.6686,13.000000,9.99000000,b,l,
1526961273.8343,13.000000,4.99899999,b,l,
1527013252.5511,12.800000,148.27536342,b,l,
1526954175.1324,12.989200,400.00000000,b,m,
1527024288.7526,12.365100,4.98703371,s,m,
1526937613.4695,13.357300,0.00002837,s,m,
1527024000.2593,12.450000,32.24449799,s,l,
1526992248.6132,12.750000,426.32541468,b,m,
1526885519.594,14.039500,86.65108854,b,l,
1526900834.0836,13.300800,4.51100686,s,m,
1527026821.793,12.400000,3.67257864,s,m,
1526899775.9302,13.378700,5.00000000,s,m,
1527008791.0722,12.822300,94.77254589,s,m,
1527029074.9179,12.150100,0.02586533,s,l,
1526912142.202,13.400000,6.16600000,s,l,
1526961295.0987,13.000000,5.80327840,b,l,
1526961296.3883,13.000000,157.43257378,b,l,
1526961298.5516,13.000000,158.01395207,b,l,
1526961299.6948,13.000000,158.73747829,b,l,
1527024683.8397,12.450300,0.00000026,s,m,
1526953109.9974,12.830600,3.00000000,s,l,
1526903958.3499,13.512000,14.08936000,s,l,
1527026839.1217,12.400000,4.51175638,s,l,
1526961304.4712,13.000000,40.80411094,b,l,
1526961305.2667,13.000000,157.01111541,b,l,
1526961306.9657,13.000000,157.14277021,b,l,
1526961308.0714,13.000000,96.94907743,b,l,
1526912160.429,13.340800,150.27896628,s,l,
1526936577.9387,13.331700,5.00000000,s,l,
1527022557.8334,12.526000,148.92612029,b,l,
1526951117.827,13.020300,56.00700000,s,m,
1527006067.0591,13.020000,122.00000000,b,m,
1526920377.4071,13.214600,45.16200000,b,m,
1526903997.6643,13.512000,0.00042314,s,l,
1526953150.5073,12.907000,100.00000000,b,l,
1526895808.4593,13.790100,60.31426491,b,l,
1526953153.1205,12.907000,100.00000000,b,l,
1527022529.4371,12.580000,11.44530000,s,l,
1527022802.25,12.540100,82.34298291,s,m,
1526953164.609,12.907000,158.79649838,b,l,
1526953165.5359,12.907000,141.20350162,b,l,
1527018702.9629,12.702200,36.53351683,s,l,
1526985940.1315,12.974400,104.90547540,b,l,
1526991054.7755,12.644400,67.48600000,s,m,
1526953175.5324,12.907700,500.00000000,s,m,
1526994137.3214,12.798900,30.93605094,b,l,
1526994139.0515,12.798900,149.93831173,b,l,
1526994141.063,12.798900,0.01527606,b,l,
1526897807.7529,13.500000,0.00000029,s,m,
1526980134.0351,12.791600,200.00000000,b,m,
1527022604.6641,12.561900,6.00000000,b,l,
1526895849.0919,13.800000,5.00000000,b,l,
1526953194.482,12.969700,5.22571841,b,l,
1526967847.5746,12.979100,7.00000000,b,l,
1526969580.0555,12.989000,7.69880000,b,l,
1526912247.0332,13.300000,0.23026387,s,l,
1526994170.6515,12.799000,63.06758473,s,l,
1526985979.1016,12.956800,138.92661893,b,l,
1526951467.3208,12.993300,150.00000000,b,m,
1527010570.1698,12.909700,7.00000000,b,m,
1526897000.8056,13.650400,558.27000000,s,m,
1527002381.8215,12.879300,23.27385000,b,l,
1527012909.2089,12.799700,5.00000000,b,m,
1526953232.6215,12.932600,50.00000000,b,m,
1526943607.7954,13.340600,0.01291060,s,l,
1526993344.5249,12.620500,149.23841369,s,l,
1527008748.5122,12.822100,0.00453685,s,m,
1526915972.8828,13.242700,400.00000000,s,m,
1526912283.9184,13.357600,105.32000000,b,l,
1527026351.3293,12.400000,2.68212734,s,l,
1526945057.8013,13.483800,3.00000000,b,l,
1526951117.9586,13.084700,3.00000000,b,m,
1526986026.4937,12.977100,3.00000000,b,l,
1527019011.0396,12.629800,0.00000096,s,m,
1526993800.4193,12.685700,55.50827250,s,l,
1526891870.0443,13.850000,0.83765293,b,l,
1526912309.7677,13.300000,5.69264000,s,l,
1526969654.3655,12.989400,59.35057944,b,l,
1526993801.5592,12.685600,7.55750000,s,l,
1526953272.5418,12.876600,500.00000000,s,m,
1527025204.1019,12.409900,40.23300000,s,m,
1526951133.8231,12.960000,400.00000000,s,l,
1527022474.8613,12.600000,0.00000087,s,m,
1526912319.8758,13.300000,92.81766910,s,l,
1526969666.8033,12.989400,76.83407305,b,l,
1527018820.9726,12.723700,6.92000000,b,l,
1527023321.0557,12.500000,5.00000000,s,m,
1526924173.3487,13.276400,5.00000000,s,m,
1526904147.2424,13.464300,0.00417447,b,l,
1527002455.0482,12.877400,30.00000000,b,l,
1527024000.2768,12.401000,0.00015924,s,l,
1526953305.5562,12.876600,500.00000000,s,m,
1526912348.6097,13.230500,14.93516854,s,m,
1526952803.2132,12.781600,136.71158962,s,l,
1526986082.7151,12.972900,270.00000000,b,l,
1526912640.796,13.300000,5.00000000,b,l,
1526901251.6035,13.346300,43.98300000,s,m,
1526904147.1608,13.464300,5.22225750,b,l,
1526895418.8295,13.747100,31.93900000,s,m,
1526904173.6844,13.452000,100.00000000,b,l,
1527029952.0485,12.030700,205.07700000,s,m,
1526908700.203,13.545200,0.04775639,b,l,
1526913256.7418,13.207700,0.03781030,s,m,
1526953330.2337,12.876700,400.00000000,s,m,
1527029479.295,12.150000,9.40215033,s,l,
1526904180.7158,13.451300,5.24918909,b,l,
1526994295.2721,12.790000,12.60060060,b,l,
1526912377.1669,13.171100,0.00052098,s,m,
1526994300.043,12.790000,10.28347047,b,l,
1526994305.3422,12.790000,44.71252124,b,l,
1526994307.9708,12.790000,59.40582400,b,l,
1526992379.0724,12.675800,0.37417602,s,l,
1526994312.6808,12.800000,3.97577577,b,l,
1526950124.314,13.170100,89.85603004,s,m,
1526994315.8129,12.800000,400.00000000,b,l,
1526953356.4204,12.877100,400.00000000,s,m,
1526994318.0848,12.800000,196.02422423,b,l,
1526950125.4677,13.170100,41.49737493,s,m,
1526887825.0291,14.000000,103.23588130,s,l,
1526900688.6749,13.260000,0.00000015,s,m,
1526897056.1543,13.684200,0.00000435,s,m,
1526905070.407,13.542400,0.11952146,s,m,
1526908857.2433,13.503900,15.00000000,s,m,
1526900925.2169,13.281000,400.00000000,s,m,
1526896026.5037,13.800000,5.00000000,b,m,
1526928799.8783,13.190000,26.61174580,s,l,
1527024312.5274,12.310000,200.00000000,s,m,
1527008748.5103,12.822100,2.06674071,s,m,
1526912430.4003,13.190000,500.00000000,b,l,
1526928816.7152,13.190000,3.00000000,s,m,
1526951133.9739,12.800000,40.00000000,s,m,
1526951133.905,12.800000,100.00000000,s,m,
1526952863.3237,12.872600,75.49605918,b,l,
1526928828.7183,13.190000,40.43022930,s,l,
1526912446.7095,13.200000,98.95867964,b,l,
1526952864.4445,12.873200,0.10985503,b,l,
1527028616.8138,12.221500,0.00400011,s,m,
1526950134.8735,13.181300,0.43807038,s,m,
1527022497.3447,12.600000,4.09827426,s,l,
1527012172.0627,12.800000,0.31714301,s,l,
1526904267.6823,13.466700,0.02865112,b,l,
1526918335.4889,13.224000,0.39840479,s,m,
1527021447.8511,12.681300,105.39970343,b,m,
1526969815.615,13.085200,52.00000000,b,m,
1526994394.3743,12.837000,300.00000000,b,l,
1526898255.5812,13.415000,500.00000000,s,l,
1526928863.9449,13.190000,5.21562076,s,l,
1526928866.2283,13.190000,5.21562076,s,l,
1526950139.2768,13.277500,541.98000000,b,l,
1526986212.3126,12.938000,390.00000000,b,m,
1526937061.9919,13.390900,6.00000000,b,m,
1526943313.7488,13.401400,35.19449812,b,m,
1526952871.8708,12.876900,0.00775960,s,l,
1526904300.7403,13.514000,206.58750925,b,m,
1527028813.1662,12.190200,657.10398433,b,l,
1527013810.7158,12.720700,277.47345141,s,l,
1526912496.1384,13.202900,123.75250065,s,m,
1526939219.6117,13.350000,50.98874906,s,l,
1526947524.1036,13.344500,0.00002012,s,l,
1526947482.6037,13.344100,0.51524284,s,m,
1526994170.6549,12.799000,75.60957203,s,l,
1527031814.8966,12.139700,400.00000000,s,m,
1526991103.1292,12.709200,21.50000000,b,l,
1527024449.378,12.429700,173.24739999,b,l,
1526928898.068,13.190000,19.52678338,s,l,
1527019011.0369,12.629800,0.00036891,s,m,
1527019015.4646,12.629800,30.00000000,s,m,
1526953483.2906,12.988500,91.68000000,b,l,
1526912348.6214,13.230500,49.17991000,s,m,
1526953489.8101,12.988100,3.00000000,b,l,
1526944686.9279,13.406900,0.00478467,b,l,
1527002646.7535,12.869900,4.19353797,s,l,
1527027225.2208,12.400000,5.10432434,s,l,
1526994459.603,12.811100,0.00000554,b,l,
1526928933.8635,13.150000,0.00000040,s,m,
1526991171.0952,12.625500,5.00000000,s,m,
1527024312.1735,12.336900,0.19481163,s,m,
1527017675.5699,12.670700,34.40545698,s,m,
1526897000.8229,13.625200,300.00000000,s,m,
1526922703.9361,13.241300,109.02128370,s,m,
1526953528.8957,12.860200,223.64744979,s,m,
1526951520.3255,12.826300,731.09267510,s,m,
1526928963.1415,13.157400,70.31811249,s,m,
1526949856.9215,13.292100,0.00002012,s,l,
1526953528.8925,12.894800,5.00000000,s,m,
1526998929.8068,12.876900,134.11984590,b,m,
1526912588.8305,13.252300,10.00000000,s,l,
1526951117.897,12.979900,292.14976748,s,m,
1526900728.6159,13.315700,0.00139609,b,l,
1526922704.6229,13.250000,230.86178145,b,l,
1527028699.382,12.200000,100.00000000,s,l,
1527006067.1336,13.020000,175.54503841,b,m,
1526896218.8823,13.742900,0.63559972,s,m,
1526945618.7425,13.393700,26.94750000,s,m,
1526993628.24,12.684200,20.01000000,b,m,
1526953573.3974,12.855400,6.92000000,s,m,
1526928998.7075,13.150200,5.00000000,s,l,
1526908857.2282,13.514700,5.20285155,s,m,
1527008871.0624,12.880000,99.13124477,b,l,
1526978162.5134,12.940300,3.00000000,s,m,
1526969971.8143,13.012300,120.00000000,s,l,
1527017675.6089,12.620900,20.00000000,s,m,
1527029482.9006,12.110000,33.24356673,s,m,
1526951520.3207,12.879400,524.09000000,s,m,
1527002749.6579,12.880000,179.84500000,b,l,
1526912640.8015,13.300000,0.20395633,b,l,
1526912641.3216,13.300000,129.36051000,s,l,
1527002754.9196,12.897600,179.84580000,s,l,
1527002756.2171,12.897500,34.10029793,s,l,
1527002757.8966,12.897500,40.83167430,s,l,
1526912377.1338,13.200000,10.00000000,s,l,
1527022529.1643,12.580000,134.85360000,s,l,
1526931162.4381,13.244100,662.03900000,b,l,
1526980053.1504,12.737000,5.00000000,b,l,
1526953611.7995,12.855800,0.00000765,b,l,
1526912657.4268,13.300000,108.63710000,s,l,
1526912658.1589,13.300000,603.71900000,s,l,
1526986392.9182,12.950000,156.05256095,s,l,
1526986394.1039,12.950000,6.10959905,s,l,
1526976198.6823,12.981300,0.00138109,s,l,
1526986398.9589,12.907400,6.41264701,s,l,
1526996085.3052,12.841600,5.00000000,b,l,
1526925006.7398,13.298000,0.00019853,s,l,
1526986403.104,12.906900,147.36668590,b,l,
1526904486.9625,13.514000,13.41249075,b,l,
1526986410.6734,12.906700,34.35225225,b,l,
1527019181.999,12.691600,180.00000000,b,m,
1526986414.9681,12.906700,147.81661662,b,l,
1526986416.3343,12.906700,94.42552553,b,l,
1526986418.5341,12.906700,135.97747748,b,l,
1526924406.2428,13.300000,0.00013763,b,l,
1526991134.2162,12.650000,100.00000000,s,l,
1527022537.5125,12.570000,20.00000000,s,l,
1526935156.8841,13.424900,205.07700000,b,m,
1526901056.45,13.389500,36.58302731,b,l,
1526900885.146,13.260700,4.52464802,s,m,
1526912705.6174,13.310000,18.79699000,s,l,
1526926010.8164,13.173400,64.07134411,s,m,
1526912707.487,13.310000,9.00000000,s,l,
1526912710.5885,13.331200,74.92500000,b,m,
1527022541.8817,12.555000,119.17940000,s,l,
1526904532.6689,13.517000,18.49522000,b,l,
1526934881.4427,13.293200,2.99222024,s,l,
1527028548.0425,12.352000,1784.24780000,s,l,
1526929113.9854,13.150200,5.00000000,s,l,
1526986461.8182,12.906800,5.50362781,b,l,
1526938530.6018,13.374100,5.00000000,s,m,
1526915506.372,13.203600,509.25000000,s,m,
1527028548.0699,12.300000,209.33455303,s,l,
1527007168.2212,12.970000,92.75000000,s,l,
1527022545.2086,12.550000,28.45865120,s,l,
1526888169.2148,13.988800,5.24784690,s,l,
1527027434.367,12.461200,187.84515688,b,m,
1526912747.6013,13.310000,106.76534185,s,l,
1527028699.3766,12.200000,3.21000000,s,l,
1526931682.152,13.200000,0.00003583,b,l,
1526978289.4196,12.940300,3.36040000,s,l,
1526952765.478,12.800000,109.49824216,s,m,
1526896937.2284,13.730000,145.66642000,s,l,
1526888185.7521,13.999900,10.00000000,s,l,
1526887382.2211,14.000000,1300.00000000,s,l,
1526957899.7299,13.026300,400.00000000,b,m,
1527026647.5619,12.491800,5562.23737118,b,l,
1526912780.6498,13.300000,41.00372451,s,l,
1526985723.1711,12.890000,0.00008484,b,l,
1526896400.4165,13.799900,3.00000000,b,l,
1527022552.1367,12.549900,105.39970343,b,l,
1526999094.1576,12.830500,0.01937261,s,m,
1526912789.4702,13.300000,45.14687970,s,l,
1526978326.0506,12.980300,5.00000000,b,m,
1526983541.752,12.794500,5.56348868,b,m,
1526929179.728,13.150100,38.83483483,b,l,
1526887386.7607,13.995100,5.00000000,s,l,
1526979884.5974,12.720000,6.52434631,s,l,
1527024312.1615,12.365000,35.63716134,s,m,
1526996039.5451,12.800400,9.00000000,s,l,
1527022557.7057,12.530000,5.00000000,s,l,
1527029482.9032,12.110000,0.08620913,s,m,
1526904639.0729,13.513500,5.22184813,b,l,
1526904646.1894,13.517000,6.40300000,b,l,
1526945609.5973,13.393500,5.00000000,s,m,
1527029183.7533,12.150000,16.50348000,s,l,
1526929231.022,13.150100,5.00500501,b,l,
1526904656.7407,13.517000,218.10127075,b,l,
1526945618.7487,13.393600,23.05250000,s,m,
1527022563.7962,12.534200,3.07964806,s,l,
1526951133.817,12.961300,26.56500000,s,l,
1526912854.8042,13.299900,10.44644645,b,l,
1526912856.4303,13.299900,10.01001001,b,l,
1526904668.2495,13.546000,11.29300000,b,l,
1526912861.9492,13.299900,109.98745853,b,l,
1526904670.575,13.549500,6.27050000,s,l,
1526929247.527,13.150100,31.16016016,b,l,
1526952803.3,12.780000,82.51500000,b,l,
1526912865.3024,13.299900,108.47256426,b,l,
1526970210.7344,13.065500,3.00000000,b,l,
1526912869.8204,13.311900,0.16968883,s,l,
1526897000.7846,13.730000,145.66642000,s,m,
1526888297.3429,14.000000,22.50000000,s,l,
1526888301.6079,14.005000,5.00000000,b,l,
1526953838.2258,12.989200,3.00000000,b,l,
1526901251.5922,13.386700,276.37132876,s,m,
1527022552.14,12.550000,0.00060000,b,l,
1526970231.9032,13.063900,958.07872840,b,m,
1526912348.4073,13.250000,5.00000000,s,m,
1526916045.7459,13.229200,50.81900000,s,l,
1526900688.6087,13.271400,42.18446625,s,m,
1526901056.4593,13.389700,0.07770231,b,l,
1526888325.5216,13.988900,5.00000000,s,l,
1527019398.1256,12.689900,15.59454302,b,l,
1526942017.6168,13.334100,11.40358500,b,l,
1526936628.0426,13.349300,0.01336384,s,l,
1526921102.6106,13.200000,29.92071991,b,l,
1526970815.7031,13.083400,87.25006666,b,m,
1526991171.1024,12.620100,186.07952000,s,m,
1526989001.2552,12.710000,4.00000000,s,m,
1526897000.7779,13.730000,116.21094178,s,m,
1526947482.596,13.355100,5.00000000,s,m,
1526912931.263,13.300000,18.79699000,b,l,
1527023942.216,12.450200,24.94014366,s,l,
1526986662.2501,12.906900,68.39100000,s,l,
1527019431.1581,12.670000,88.12878300,s,l,
1526898332.6456,13.444600,0.00000524,b,l,
1526929323.3757,13.150000,30.63377000,s,l,
1526991176.6382,12.630000,203.71900000,s,l,
1526951133.855,12.900000,4.00000000,s,l,
1526890157.8234,13.900000,3.85445324,s,l,
1526936628.0303,13.349400,5.00000000,s,l,
1527001332.8796,12.886200,118.76138815,b,m,
1527019463.0979,12.670000,167.66816400,s,l,
1526988746.7384,12.763500,270.65578971,b,l,
1527019466.1114,12.670000,167.66986230,s,l,
1527019467.1148,12.670000,45.59246190,s,l,
1526912377.1589,13.171400,6.92000000,s,m,
1527019476.5553,12.670000,74.88908850,s,l,
1527026647.5561,12.475500,532.50000000,b,l,
1527017528.5074,12.710600,2.00000000,s,m,
1526921179.8198,13.201400,4.68395954,s,l,
1526994459.5991,12.811100,5.55484032,b,l,
1526904801.678,13.567000,170.00000000,b,l,
1526985723.173,12.890000,0.00000014,b,l,
1526901073.1283,13.392400,5.00000000,b,l,
1527011313.1872,12.828700,82.69955729,s,l,
1527011668.9958,12.928600,118.68000000,b,m,
1527030740.0596,12.265900,81.68000000,b,m,
1526992206.7603,12.688800,4.88579211,s,m,
1526991189.8704,12.700000,250.00000000,b,m,
1526994944.0647,12.867200,140.00000000,b,m,
1526951520.3173,12.879500,199.34712479,s,m,
1526936577.9419,13.331200,7.14000000,s,l,
1526996652.4574,12.917800,34.81814700,b,m,
1527022557.7009,12.551700,136.99402178,s,l,
1526937613.4565,13.357400,5.00000000,s,m,
1526890157.8294,13.890000,45.50000000,s,l,
1526979825.6786,12.750100,5.00000000,s,l,
1526991943.6557,12.792000,0.00556900,b,l,
1526909273.0759,13.427500,0.23278793,s,m,
1526936580.1957,13.312000,94.95438705,b,l,
1527013810.7126,12.727100,531.65000000,s,l,
1526895418.8489,13.700000,100.00000000,s,m,
1526900688.6275,13.260000,612.52430173,s,m,
1526993344.5279,12.620200,238.93451023,s,l,
1526935156.8905,13.428100,84.80550188,b,m,
1526949693.0513,13.369500,1300.00000000,b,l,
1526959818.2472,13.001200,0.00000080,s,m,
1527028548.062,12.330000,80.92458232,s,l,
1527024312.6101,12.337000,0.00000065,s,m,
1526893642.1337,13.929300,0.00368934,b,l,
1527017675.5788,12.650100,200.68623077,s,m,
1526991189.8775,12.719100,286.60784961,b,m,
1527022604.6718,12.570000,18.27500000,b,l,
1526971276.9954,13.124800,189.78061380,b,m,
1526954060.7538,12.987500,47.00000000,b,m,
1527002125.624,12.835100,10.00000000,b,m,
1526913106.96,13.300000,75.69009774,s,l,
1527026647.5594,12.491700,241.29438159,b,l,
1527024683.0396,12.473300,86.61503601,b,m,
1526995932.1631,12.800600,0.26903061,s,m,
1526994459.6012,12.811100,0.00554929,b,l,
1526896748.6478,13.798700,3.00000000,b,m,
1526915410.8363,13.242700,0.04655759,s,m,
1526897000.7969,13.678400,67.57100000,s,m,
1526979825.7178,12.730000,0.06746575,s,m,
1526979825.7004,12.730000,0.22140827,s,m,
1526929537.4994,13.216500,124.20012106,b,m,
1527021447.8581,12.681300,94.60029657,b,m,
1527029441.609,12.160000,149.17504162,s,l,
1526896263.4525,13.743400,0.00000044,s,m,
1526895640.6696,13.750100,0.20042384,s,m,
1527029443.3249,12.160000,154.03849855,s,l,
1526897006.2746,13.763400,50.02385312,b,m,
1526947524.1011,13.344500,0.00775960,s,l,
1527023957.6093,12.450200,216.00837821,s,m,
1526896804.3071,13.728100,114.11400000,s,l,
1526976198.6802,12.981300,0.58760128,s,l,
1526913191.2159,13.262000,60.00000000,s,l,
1526995115.1949,12.881000,7.76335000,b,m,
1526928998.7159,13.150100,0.00018880,s,l,
1527011924.2369,12.820000,603.71900000,b,l,
1527024312.6221,12.337000,42.27990778,s,m,
1526899775.6369,13.390000,52.60000000,s,m,
1526951133.8294,12.950000,400.00000000,s,l,
1526913213.2143,13.224600,115.00000000,s,l,
1526954175.1411,13.009900,566.37000000,b,m,
1526993344.5299,12.620200,0.42930936,s,l,
1526988770.862,12.671200,0.48706664,s,m,
1526990773.1026,12.673300,5.00000000,s,m,
1527027926.8535,12.400000,4.76190000,s,l,
1526888663.3641,14.020000,3.00000000,b,l,
1526947482.6079,13.344100,0.00000130,s,m,
1526986974.2379,12.906000,10.00000000,s,l,
1526920229.7469,13.141000,0.08547688,s,l,
1526913248.7762,13.220000,55.93256430,s,l,
1526986978.8686,12.900000,69.43631351,b,l,
1526913251.5143,13.200000,94.06743570,b,l,
1526983846.076,12.827100,731.36021357,b,m,
1526913256.7436,13.207700,0.00008818,s,m,
1527019756.8024,12.630000,329.66200000,s,m,
1526905070.4024,13.542400,59.88024835,s,m,
1526952765.4547,12.801600,162.29749221,s,m,
1526913270.0837,13.249900,225.86832335,b,l,
1526969385.1215,12.955100,293.08000000,b,l,
1527027961.329,12.400000,63.20828434,s,l,
1526936194.9892,13.368400,63.18606921,s,l,
1526924330.5529,13.349300,7.14000000,b,m,
1527028548.0662,12.320000,300.00000000,s,l,
1527024000.2743,12.401000,0.07612680,s,l,
1527029462.898,12.150000,133.41817752,s,l,
1526897000.7996,13.678300,205.07700000,s,m,
1527022566.6656,12.553100,11.03139742,s,l,
1526952803.2198,12.780000,30.00000000,s,l,
1526931162.4354,13.244000,400.00000000,b,l,
1526913311.3094,13.264000,55.35700000,b,l,
1526893642.1297,13.929300,4.99631066,b,l,
1526929703.8967,13.163300,43.29950130,s,m,
1526896937.2321,13.730000,29.45547822,s,l,
1526895418.8591,13.690300,74.27038471,s,m,
1526995115.1976,12.882500,1091.49602618,b,m,
1526898178.328,13.403500,5.26814688,b,l,
1527013810.6932,12.740200,991.84500000,s,l,
1526936628.0445,13.349300,0.00003238,s,l,
1526914026.6549,13.267100,18.08986138,b,m,
1526936368.2273,13.400000,18.65671000,b,l,
1526987073.9898,12.900000,29.00000000,s,l,
1526997430.6863,12.850000,469.92068981,s,m,
1526963937.136,12.875000,282.77900000,s,m,
1526904180.7245,13.452000,86.00000000,b,l,
1526937613.4646,13.357300,4.98703895,s,m,
1526921548.2579,13.271300,93.60844077,b,l,
1527022557.8497,12.526000,321.18910000,b,l,
1527011668.9919,12.919300,8.32000000,b,m,
1527019861.0484,12.683100,100.00000000,b,m,
1526912377.1692,13.171100,0.00000115,s,m,
1526908689.4305,13.508400,0.12063408,s,m,
1526952803.1988,12.800000,10.00000000,s,l,
1527013228.5531,12.799600,10.00000000,b,l,
1526897000.8145,13.625200,241.83375984,s,m,
1527022652.0445,12.550000,0.01784708,s,m,
1527029479.2912,12.150000,3.00000000,s,l,
1526897006.2637,13.763000,6.92000000,b,m,
1527022653.7513,12.550000,29.92220838,s,m,
1526951100.3679,13.050000,57.71208224,s,l,
1527023321.0783,12.500000,11.66600800,s,m,
1527003509.6335,12.840000,96.12853797,s,l,
1526916045.7366,13.231100,1320.72042300,s,l,
1526899775.9476,13.320000,95.63287538,s,m,
1527029482.8821,12.132200,10.00000000,s,l,
1526988746.7333,12.749700,154.51444754,b,l,
1526951133.799,12.981000,142.10250000,s,l,
1526886125.4721,14.000400,5.00000000,s,l,
1526978964.4293,12.940300,185.92313934,s,l,
1526908700.2001,13.545200,34.15946779,b,l,
1526908213.8915,13.460900,286.84494103,s,m,
1526985797.0058,12.957400,7.71759000,b,m,
1526897056.152,13.684200,0.00167689,s,m,
1527029488.2136,12.110000,149.40985962,s,l,
1526936577.951,13.323400,1300.00000000,s,l,
1526905256.8528,13.578000,212.00000000,b,l,
1526959818.2453,13.001200,0.00030855,s,m,
1526976198.6744,12.981600,5.00000000,s,l,
1526905265.6949,13.580000,100.00000000,b,l,
1526935283.904,13.364400,5.00000000,s,m,
1527030857.2694,12.198900,150.00000000,s,l,
1526912640.7994,13.300000,145.88704686,b,l,
1526970815.6961,13.082000,100.00000000,b,m,
1526897056.15,13.684200,0.64663313,s,m,
1526980342.3233,12.808500,6.92000000,b,m,
1526984655.0619,12.811100,9.47418893,b,l,
1526969420.4692,12.890000,29.95208070,b,l,
1527028846.7543,12.200000,0.00067315,s,m,
1527023321.0878,12.500000,87.61590492,s,m,
1526899775.9665,13.309600,200.00000000,s,m,
1526899820.2207,13.340000,0.00025543,s,m,
1526973136.7397,12.923600,0.00000217,s,m,
1527029497.4387,12.100000,20.66500000,s,l,
1526995421.5199,12.854000,173.00000000,b,m,
1527028891.248,12.150000,0.00000003,s,m,
1526951768.6212,12.983800,178.89553850,b,l,
1526913508.0286,13.257900,44.38985906,s,l,
1526943466.554,13.415000,10.00000000,b,l,
1526900912.4104,13.336000,7.00000000,b,l,
1527028891.226,12.150200,8.32000000,s,m,
1527002195.6919,12.859200,5.00000000,b,l,
1527017675.6001,12.640000,23.46420000,s,m,
1526912642.0498,13.300000,708.54193927,s,l,
1527028217.3238,12.380000,22.11371197,s,l,
