time,price,volume,buy_or_sell,market_or_limit,misc
1526995074.9093,682.99000,0.05000000,b,l,
1527005185.5392,678.58000,0.03600000,b,l,
1526990711.2255,683.47000,0.89190000,b,m,
1526952003.8306,685.00000,0.25000000,s,m,
1527024534.8578,652.97000,0.02000000,b,m,
1526988820.8347,683.20000,1.50000000,b,l,
1526931789.9651,696.96000,0.35400000,b,m,
1526988824.3208,684.02000,0.10345552,b,l,
1526988825.97,684.72000,14.60800000,b,l,
1526923291.8178,696.89000,0.30000000,b,m,
1526988828.7269,684.78000,0.83496665,b,l,
1526988836.1273,685.07000,1.00487504,b,l,
1526988837.1688,685.07000,1.54474438,b,l,
1526969688.185,694.00000,3.94600000,b,l,
1526988842.6597,684.87000,0.26631637,s,l,
1526956076.7751,688.01000,0.50000000,s,m,
1527021617.6821,662.88000,0.15000000,b,l,
1526990711.2003,682.13000,1.11730965,s,m,
1527010654.9052,675.97000,0.02600000,b,m,
1527030297.9378,642.59000,0.20000000,b,m,
1526986813.8641,689.99000,0.09242510,b,m,
1527017753.9286,663.08000,1.40170000,s,l,
1527021633.5094,662.88000,1.00000000,b,m,
1527021643.7928,663.69000,0.02600000,b,m,
1527005934.7515,679.35000,0.02700000,b,m,
1527021648.5908,663.40000,0.15000000,b,m,
1527024092.2396,650.30000,7.43550853,s,l,
1526964525.2602,686.24000,7.37112161,s,m,
1526956118.9934,688.02000,1.00000000,b,l,
1527016121.9051,672.76000,13.48700000,b,m,
1526988890.43,685.88000,0.02400000,b,l,
1526988892.8218,686.00000,4.23664150,s,l,
1526923358.9899,696.50000,3.00000000,s,l,
1527011067.453,675.00000,1.58466304,s,m,
1526923363.3103,696.20000,5.74000000,s,l,
1526988900.3551,685.79000,0.02000123,b,l,
1526923366.4951,696.20000,0.10780574,s,l,
1526988904.2339,684.53000,0.85525222,s,l,
1526923369.2524,696.20000,3.00000000,s,l,
1527021677.0169,662.96000,0.02600000,b,m,
1526983806.737,686.67000,0.02800000,b,l,
1527021679.5141,662.95000,0.02600000,b,l,
1526977896.686,692.07000,0.02500000,b,l,
1526995105.6465,683.90000,0.01040000,b,m,
1526923380.543,696.20000,0.02159010,s,l,
1526983358.4045,685.63000,8.99732737,b,m,
1526956150.5939,688.04000,0.02500000,b,l,
1526977899.6831,692.09000,0.02200000,b,l,
1527017657.284,663.10000,1.00000000,s,l,
1526988938.5074,684.14000,7.50000000,s,m,
1526994285.1449,682.27000,0.06249904,b,l,
1526946676.5271,697.16000,1.00000000,s,m,
1526988824.3309,684.02000,0.00010336,b,l,
1527021714.7207,662.98000,2.78262747,b,l,
1526999747.6206,683.81000,0.02100000,b,l,
1526956180.9935,688.01000,0.32200000,s,m,
1526929611.7614,689.76000,0.31158810,s,l,
1526983364.5119,685.62000,8.98589387,b,m,
1526956188.5999,688.10000,0.02200000,b,l,
1526955305.7833,686.60000,3.65947278,b,l,
1526956190.0376,688.25000,0.02500000,b,l,
1527021728.5697,662.88000,0.02706865,s,m,
1526956193.0537,688.23000,0.27000000,s,l,
1526923291.8246,696.89000,0.45000000,b,m,
1526956196.6637,688.69000,0.04800000,s,l,
1526934214.8157,696.98000,0.01473860,b,m,
1526956199.0413,688.79000,0.56500000,b,l,
1527022552.1866,655.50000,8.57633143,s,m,
1526923292.5566,696.88000,0.10000000,s,l,
1527024836.6437,656.99000,0.06982813,b,m,
1527017223.0708,664.60000,0.20000000,s,m,
1526923439.4719,696.20000,0.27850000,s,l,
1526951101.0138,688.82000,5.00000000,s,l,
1526929612.2212,689.96000,0.02200000,b,m,
1527029996.7379,640.00000,9.94713875,b,l,
1527025889.5446,650.42000,7.88700000,s,l,
1527003475.7221,680.04000,0.00000257,s,l,
1526956230.529,688.80000,1.33811302,s,l,
1526949907.4447,697.99000,0.03600000,b,m,
1526934220.2851,696.98000,0.02600000,b,l,
1527015812.7775,671.87000,0.00300000,b,l,
1526926660.7618,693.12000,0.19357486,b,m,
1526972450.9238,693.51000,6.23900000,s,l,
1527000979.0514,680.21000,0.03675334,s,m,
1527021776.086,662.00000,0.03548432,s,l,
1526976483.4078,693.43000,0.22054159,b,l,
1526929497.8783,689.75000,1.05700000,b,m,
1526956246.7734,687.52000,2.28187530,s,m,
1526989015.1422,685.76000,1.00000000,b,m,
1526952527.2827,685.70000,0.04375091,b,l,
1526989022.464,684.50000,0.26631958,s,l,
1526956257.045,688.92000,0.02500000,b,m,
1527021795.3563,662.56000,2.00000000,b,m,
1526923492.3627,696.25000,1.95000000,b,l,
1526939686.3627,693.12000,10.15496935,s,m,
1526956267.8779,688.98000,0.05100000,b,m,
1526956268.6169,689.00000,0.43000000,b,m,
1526956270.3728,688.93000,1.00000000,b,m,
1526956272.5478,687.80000,0.50000000,s,l,
1526963322.1001,684.50000,0.17080911,b,l,
1526956274.8131,688.92000,0.02200000,b,l,
1526924568.825,697.00000,0.50000000,b,m,
1526952735.5872,683.00000,0.20000000,s,m,
1526956292.4595,688.11000,0.10000000,s,l,
1526981989.2005,683.97000,0.02500000,b,l,
1526923533.9333,696.22000,0.07100000,b,m,
1526925855.7896,690.75000,0.02500000,b,l,
1527021840.6769,662.25000,0.13289020,s,l,
1526971254.0655,696.95000,0.09522727,b,m,
1526960465.8769,686.15000,2.42000000,s,m,
1526991065.9276,679.99000,0.08823659,s,l,
1527021370.886,662.85000,0.31679996,s,m,
1526980242.9949,686.02000,6.42265195,s,l,
1527021856.4552,661.73000,0.30000000,s,l,
1526967003.8958,688.51000,0.30024809,s,m,
1526931776.5142,696.79000,2.60221997,b,m,
1526955359.7806,686.88000,0.02500000,b,m,
1526998228.1433,684.46000,0.02100000,b,l,
1526956331.6708,690.30000,5.74000000,b,m,
1526951535.3288,685.00000,25.53230000,s,l,
1526923571.169,696.19000,5.00000000,b,l,
1526935072.1326,698.01000,0.30434917,b,l,
1527016159.229,671.93000,5.20927802,b,l,
1526940528.7497,694.43000,0.36169359,b,l,
1526956356.5875,688.41000,0.26662552,s,l,
1526952469.1092,685.51000,5.00000000,s,m,
1526952865.2383,682.83000,8.49440226,b,l,
1526956361.0847,690.04000,4.00000000,b,m,
1526926482.3669,693.51000,2.58000000,b,m,
1526956364.7527,688.42000,0.20000000,s,l,
1527028910.8786,642.04000,0.02700000,b,l,
1526945264.941,700.00000,0.37500000,b,m,
1526951067.0394,686.00000,5.00000000,s,m,
1527021918.9659,661.23000,0.50000000,s,m,
1526951535.3572,684.80000,0.50000000,s,m,
1526989155.4288,684.90000,0.00010250,s,l,
1526923620.4462,696.20000,0.71736011,b,l,
1526956390.0763,688.42000,0.99422261,s,l,
1527017753.3203,663.05000,0.29345873,b,l,
1526989162.3579,684.92000,0.16543305,s,l,
1527022494.3999,656.81000,0.21597354,s,m,
1527030536.1749,645.40000,0.05000000,s,l,
1526999784.3482,683.85000,0.66835555,b,l,
1527025960.6033,650.14000,0.10139000,s,l,
1526951441.7051,689.00000,1.90275761,s,l,
1526925570.7366,694.58000,3.47737806,b,m,
1526956408.8721,687.80000,35.68699697,s,m,
1526969933.6911,693.22000,0.15878887,s,l,
1526956417.2135,688.30000,1.00000000,s,l,
1526956418.581,688.30000,0.32000000,s,m,
1526923651.6903,696.18000,0.70000000,b,m,
1527021959.5653,660.95000,0.07020761,s,l,
1526991017.2486,680.00000,9.30000000,b,l,
1526923658.6373,696.00000,0.00103069,s,l,
1526956428.817,687.51000,9.01200000,s,m,
1526951066.9036,686.24000,0.00148912,s,m,
1526951658.4461,685.50000,0.12000000,s,m,
1526994311.3738,682.03000,0.16874309,s,l,
1526950640.3631,693.93000,0.23317996,b,l,
1526956450.0287,688.70000,0.05708614,s,m,
1527021989.7598,660.90000,0.10554261,s,l,
1526978683.7776,690.43000,21.67095061,s,m,
1526989233.7973,685.78000,0.02500000,b,l,
1527024580.3972,653.36000,0.02300000,b,m,
1527022012.8979,660.91000,0.81852978,s,m,
1527019244.2018,664.53000,2.68991614,s,m,
1527016181.5602,671.02000,0.00100000,s,m,
1527022016.477,661.70000,0.10000000,b,m,
1527021643.8107,663.78000,0.08947424,b,m,
1527012822.7435,673.04000,0.02000000,b,l,
1526928530.8309,689.68000,0.25000000,b,m,
1526989255.6579,686.24000,0.03056940,s,l,
1526953788.9668,689.10000,5.00000000,s,l,
1526956494.779,688.54000,4.96800000,s,m,
1527022031.5837,661.70000,1.50000000,b,m,
1526923729.7508,696.18000,0.10000000,b,m,
1526923739.1092,696.17000,0.00103069,b,m,
1527025954.2711,650.16000,2.34500000,s,m,
1526926482.3453,692.53000,0.02800000,b,m,
1527010725.7925,675.45000,0.00604325,s,l,
1527022070.7406,660.62000,0.93514000,s,m,
1526956515.083,687.88000,11.17100000,s,m,
1527024430.5156,651.38000,1.36852637,b,m,
1526961450.9253,688.05000,0.07128521,b,m,
1526928807.6709,687.80000,14.84033919,b,l,
1527022062.6994,660.91000,1.83000000,s,m,
1526965171.9654,686.56000,0.38531918,s,l,
1527022070.7455,660.59000,35.86112330,s,m,
1527028762.4013,642.00000,5.40000000,s,m,
1527023460.5798,653.12000,1.65446932,s,m,
1526956539.1567,689.94000,0.30076477,b,m,
1526951762.7065,684.91000,8.49440226,s,l,
1526934214.7614,696.91000,0.02600000,b,l,
1527027115.1987,651.10000,0.05000000,s,l,
1527017880.6361,663.97000,2.64924522,s,l,
1527022090.5818,660.23000,0.32025203,s,m,
1527022095.7743,661.31000,0.04536107,b,l,
1527029512.8047,638.79000,0.66180418,s,l,
1527022097.3132,660.02000,1.13000000,s,m,
1526956562.4513,690.10000,2.77040331,b,l,
1526989331.1683,686.31000,1.03663061,s,l,
1527027118.7595,651.18000,0.04500000,b,m,
1526923799.085,696.41000,10.20981510,b,l,
1526989336.932,686.20000,7.12000000,b,l,
1526923803.8603,696.33000,0.10776064,s,l,
1526956122.3465,688.01000,0.27373610,s,l,
1526986920.7944,692.73000,0.02200000,b,m,
1526923810.0261,696.33000,0.10776064,s,l,
1526989347.9696,686.20000,5.90000000,b,l,
1526989348.4955,686.20000,1.54659319,b,l,
1527002730.1685,681.50000,19.97300000,b,m,
1526956583.512,688.53000,1.00000000,s,l,
1526989352.8269,686.20000,0.61251267,b,l,
1526923817.9276,696.32000,0.07055753,s,l,
1526991133.6553,678.24000,9.12400000,s,l,
1526941069.9447,693.99000,0.23581334,b,l,
1526929538.4735,689.72000,0.02800000,b,m,
1527022134.4698,660.01000,0.35264051,s,l,
1526999817.7719,683.87000,0.50000000,b,m,
1527022589.5738,654.72000,7.98900000,s,m,
1526962778.3698,684.36000,0.26000000,s,m,
1526953448.1484,684.49000,0.02400000,b,m,
1526968787.695,688.00000,6.74820585,b,l,
1526931699.819,693.90000,0.05200000,b,m,
1527027127.6465,651.18000,0.05000000,s,l,
1526966724.9587,688.00000,0.64026832,b,l,
1526989389.3886,686.87000,0.02395000,b,l,
1526983806.7427,686.69000,0.02800000,b,l,
1527022245.0928,657.43000,13.00000000,s,m,
1527022169.5816,660.79000,0.20449473,b,l,
1527022174.1869,660.00000,11.16319297,s,l,
1526925657.5018,693.68000,1.44158690,s,m,
1526926117.9313,692.01000,4.45525540,b,m,
1526989425.8288,686.64000,0.17422950,s,l,
1526928830.5661,688.28000,19.97900000,s,l,
1527000784.4239,680.50000,0.15447056,s,m,
1526951104.4586,688.51000,1.64400000,b,l,
1526950676.5615,694.68000,0.49218204,b,l,
1526929442.0388,689.57000,0.02200000,b,m,
1526956669.2228,688.81000,0.23971491,s,l,
1526964634.5606,686.50000,0.04000000,b,l,
1526989440.7937,686.87000,0.02605000,b,l,
1526926354.89,690.97000,0.00319532,s,m,
1526956678.8045,688.81000,2.00000000,s,m,
1526989448.0696,688.66000,2.58000000,b,m,
1526932901.5215,695.60000,0.44824689,b,l,
1527021677.0251,662.96000,2.77400000,b,m,
1526985667.5712,689.93000,0.10338620,b,l,
1526928835.7607,688.02000,0.50000000,s,l,
1526956697.779,688.82000,0.11005953,s,m,
1526938229.2184,698.14000,0.52499420,b,l,
1527021679.52,662.97000,0.02300000,b,l,
1526987766.8727,687.34000,0.18769607,s,m,
1527022242.2534,660.08000,0.41171625,s,l,
1527022244.7343,659.00000,8.60000000,s,l,
1527022245.2597,655.52000,1.00000000,s,m,
1527022246.1149,655.46000,0.03000000,s,m,
1527022247.7672,659.00000,0.30419893,b,l,
1527022248.1412,659.00000,0.06000000,b,m,
1527022249.3329,658.99000,0.36991478,b,l,
1527022250.8984,659.00000,8.80151129,b,l,
1527022252.5106,658.98000,1.13260167,b,l,
1527029965.3682,639.99000,1.59684535,b,l,
1527022255.9948,657.98000,0.60000000,s,m,
1526958880.0277,688.16000,0.20000000,b,m,
1526923953.7374,696.77000,0.03800000,b,m,
1526923954.1616,696.32000,0.17868726,s,m,
1526979821.8778,686.01000,8.30500000,s,l,
1526989492.7591,687.44000,0.17260000,s,l,
1527022261.5938,658.96000,0.30349930,b,m,
1527027145.5193,650.31000,0.04865826,s,l,
1527022264.4592,658.96000,0.30165078,b,l,
1526981852.3068,683.00000,1.78448250,b,l,
1526952805.0272,680.63000,10.29277370,s,m,
1526956150.6313,688.07000,0.03500000,b,l,
1527022279.8789,658.04000,0.00400385,s,m,
1526952827.5848,681.42000,0.32756397,b,m,
1526928998.617,687.94000,0.02100000,b,m,
1527022284.4676,658.05000,0.01500000,s,m,
1526980913.2537,686.01000,0.00746228,s,l,
1527022289.4143,658.06000,0.33600000,s,m,
1527022290.7515,658.06000,0.00000614,s,m,
1527022291.2368,658.99000,0.30349470,b,m,
1527016026.0526,671.99000,0.02900000,b,l,
1527022293.6217,658.04000,7.28805952,s,l,
1527017657.8455,663.20000,0.50086019,b,m,
1526989528.2221,686.74000,0.08931433,s,l,
1527022298.9813,658.00000,0.02201753,b,l,
1527022300.4363,658.00000,1.94266080,b,l,
1527022301.0758,658.00000,0.19465402,b,l,
1527022303.8596,658.00000,0.04561635,b,l,
1527022304.8417,658.00000,0.10000000,b,l,
1527022305.7452,658.00000,1.75247186,b,l,
1527022307.1474,658.00000,1.68601619,b,l,
1527022308.8594,657.99000,2.75084918,s,m,
1526989542.8384,686.50000,14.24100000,b,l,
1527022311.4585,658.00000,0.02201753,b,l,
1527022312.0889,658.00000,1.51370570,b,l,
1527022313.4,658.00000,0.59820000,b,l,
1526989546.8068,686.50000,14.24100000,b,l,
1527022315.0609,658.00000,1.52678185,b,l,
1526945234.2421,699.95000,0.02300000,b,l,
1527022319.0309,658.98000,1.06600000,b,l,
1526926009.1872,690.62000,0.15110000,s,m,
1527028968.6008,641.03000,0.62918733,s,m,
1527022324.5668,657.99000,7.30284918,s,m,
1526932978.7495,694.00000,0.10000000,s,m,
1526924022.3002,696.32000,0.13196790,s,l,
1526989560.2543,686.50000,5.29000000,b,m,
1526980347.8581,684.34000,0.03100000,b,m,
1527022334.8437,658.99000,0.45524210,b,m,
1526934338.8513,697.57000,0.02500000,b,m,
1526956910.8842,688.72000,1.47227168,s,m,
1526931776.5566,696.94000,0.00828722,b,m,
1527022347.9299,658.99000,0.15174740,b,m,
1526931683.5224,693.34000,0.00063896,b,l,
1527022349.6743,658.38000,2.00000000,s,m,
1526989594.6332,686.50000,0.52139785,b,l,
1527027390.8254,650.60000,0.10797558,s,l,
1526978010.5804,692.05000,0.07269126,b,l,
1526961627.0305,687.99000,0.02500000,b,l,
1526989605.8393,686.49000,0.33524458,b,l,
1526951066.9776,686.24000,0.26882800,s,m,
1526989608.4281,686.50000,12.00000000,b,l,
1526989609.319,686.50000,0.11535779,b,l,
1526989610.8423,686.50000,9.00000000,b,l,
1527026037.283,648.39000,2.31761828,s,l,
1526955533.9384,688.98000,18.40200000,b,m,
1526989613.3813,686.50000,9.00000000,b,l,
1526961629.7292,688.04000,0.02100000,b,l,
1527022922.1065,654.10000,15.25100000,s,m,
1527015918.9927,671.98000,0.02000000,b,l,
1526955533.9233,688.20000,12.00000000,b,m,
1527027168.7526,650.70000,1.50000000,s,m,
1527026981.4746,651.96000,0.03600000,b,m,
1527006098.2653,679.74000,0.12733874,b,m,
1526972153.3257,694.74000,0.00010157,b,l,
1527021289.5069,662.88000,1.07552966,b,m,
1526935596.4396,696.28000,14.32700000,s,m,
1526929283.528,689.13000,0.02800000,b,m,
1526935090.4778,698.99000,0.80000000,b,l,
1527022422.7123,659.96000,0.50000000,b,m,
1526965588.5215,686.89000,2.88576355,s,m,
1526924125.2413,696.79000,0.04422592,b,l,
1527022431.339,659.96000,4.75000000,b,l,
1527022434.1142,659.96000,0.25000000,s,l,
1526989671.2376,686.49000,0.00208683,s,l,
1526929992.1327,693.80000,9.00000000,b,l,
1527021714.7161,662.98000,0.21737253,b,l,
1526956910.8595,688.74000,0.02772832,s,m,
1526924145.1392,696.21000,0.06826313,s,l,
1527001952.7967,680.47000,0.02400000,b,l,
1527025148.2073,655.28000,5.10773460,s,m,
1527022456.8379,658.66000,0.89816477,s,m,
1526972564.3236,693.57000,0.02600000,b,m,
1526935111.1463,699.90000,0.09661238,b,m,
1527025960.869,650.00000,0.30534351,s,m,
1527022469.3335,658.60000,0.50000000,s,m,
1527022475.7771,658.61000,1.80000000,s,m,
1527022477.5222,658.61000,1.50000000,s,l,
1526965588.621,687.49000,0.02500000,b,m,
1527022479.1721,658.61000,6.11000000,s,l,
1527018514.7731,666.98000,0.02700000,b,m,
1527022482.8422,658.61000,3.24401830,s,l,
1527022483.3609,658.11000,3.24500000,s,l,
1526989716.8608,686.50000,15.97377786,b,m,
1527027182.8266,650.61000,0.02000000,s,l,
1527024565.2642,653.24000,0.02200000,b,m,
1527022492.9301,658.12000,8.56700000,s,l,
1527022494.3622,657.26000,6.56090923,s,m,
1526989727.6148,686.49000,0.07019586,b,l,
1527022496.1752,653.89000,0.73529000,s,m,
1526945264.9272,699.98000,0.02300000,b,m,
1527028743.0939,645.00000,0.30925859,s,l,
1527023926.5419,651.10000,0.80000000,s,m,
1527021292.2357,662.85000,0.28999933,s,l,
1526987467.8899,689.54000,0.64961932,s,l,
1527022503.9987,656.41000,4.00000000,s,m,
1527022504.0321,656.40000,0.00001004,s,m,
1526956188.5934,688.09000,0.03700000,b,l,
1527022514.2523,656.51000,4.56961813,s,l,
1527022517.6497,653.90000,2.14178469,s,m,
1527022518.8496,652.31000,10.00000000,s,m,
1527022519.7177,655.90000,1.34946440,b,l,
1527022520.3041,655.90000,0.04744403,b,m,
1527022522.063,655.55000,1.33600000,b,l,
1527022523.1435,655.55000,0.47600000,b,l,
1527022524.26,655.89000,1.33700000,b,l,
1526980543.9226,684.97000,0.02700000,b,l,
1527022526.9627,655.89000,1.11966943,b,m,
1527022527.1578,655.89000,1.11966943,b,l,
1527021728.5832,662.87000,0.00067724,s,m,
1526979979.221,680.00000,6.00000000,s,m,
1526937940.8818,695.57000,13.50000000,s,l,
1527022533.5783,655.90000,0.56900000,s,m,
1526989766.244,686.49000,0.02831492,b,l,
1526956193.9166,688.23000,0.03610000,s,l,
1526924234.1005,696.98000,0.02587410,s,l,
1526957003.238,688.74000,0.20883921,s,l,
1526989774.1476,686.50000,14.24100000,b,l,
1526989776.1499,686.50000,0.04500000,b,l,
1526989778.8236,686.50000,3.33059869,b,l,
1526989779.0767,686.50000,1.26410488,b,l,
1527022548.8073,655.41000,0.00000902,s,m,
1527022549.7154,655.50000,0.24700000,s,l,
1527022551.4802,655.87000,1.45248350,b,m,
1527022552.5155,652.49000,0.56077251,s,m,
1526956562.4291,690.05000,0.02800000,b,l,
1527022559.5625,654.08000,0.67182080,s,m,
1527022561.1473,652.96000,4.09182080,s,m,
1527022565.9326,655.43000,3.00018498,b,l,
1527022566.6275,655.43000,1.87428604,b,l,
1527022567.9368,655.43000,3.94433085,b,l,
1527022571.5737,655.43000,0.02609425,b,l,
1526967122.0192,689.05000,0.02100000,b,l,
1527022574.9324,655.47000,1.75316140,b,l,
1527022575.2699,655.85000,0.30514320,b,m,
1527024430.498,651.33000,0.77180063,b,m,
1527012101.7266,673.00000,0.00960000,s,l,
1527022580.7699,654.70000,0.10000000,s,m,
1526928894.6556,687.69000,0.02500000,b,m,
1527022585.6231,655.83000,1.00000000,b,l,
1527022586.7763,654.72000,0.20579531,s,l,
1527022587.5467,655.83000,1.14218624,b,m,
1527022589.5799,654.72000,1.04000000,s,m,
1527030024.3666,640.00000,3.36813875,b,l,
1526925657.7395,690.07000,0.00218790,s,m,
1527022592.932,655.83000,3.41360868,b,l,
1526928896.3969,687.11000,0.16439455,s,l,
1527022494.4686,655.00000,4.00000000,s,m,
1527022595.8144,655.82000,0.88025000,b,l,
1527022597.8975,654.72000,5.00000000,s,l,
1527027201.2192,650.71000,0.24000000,s,l,
1526925276.0338,694.72000,0.00007380,s,m,
1526971094.2555,694.39000,0.02600000,b,m,
1526943103.625,693.98000,0.02011093,b,l,
1526924304.6588,696.52000,0.04025970,s,l,
1527022615.9201,654.22000,8.39900000,s,m,
1527022617.5128,654.51000,0.25000000,s,m,
1526924314.2447,696.94000,4.33570189,b,l,
1527028721.4651,645.60000,1.00000000,s,m,
1527027205.1785,650.71000,1.00000000,s,m,
1526924320.4949,696.52000,0.86142537,s,m,
1527017125.7645,665.77000,7.87511711,b,l,
1527022631.6628,654.23000,7.45900000,s,l,
1526991077.4488,679.68000,0.12920650,s,l,
1527022635.4245,654.00000,0.02274043,b,l,
1527022637.1984,653.49000,1.77390000,s,m,
1527022639.5395,654.00000,0.52142142,b,l,
1527022641.2664,654.72000,0.49386136,b,m,
1527023479.4644,654.00000,0.30000000,b,l,
1527022657.7413,655.27000,0.59734100,b,l,
1526924359.9359,696.52000,0.40000000,s,m,
1526928908.4469,687.10000,1.34653403,s,l,
1527022666.7186,655.09000,0.59736900,b,l,
1527022672.0791,653.84000,0.10636787,s,l,
1526952780.779,682.00000,2.79941714,s,m,
1527014751.9803,673.96000,0.02400000,b,l,
1526989909.0439,686.50000,0.14046898,b,l,
1527022680.2744,655.24000,1.00000000,b,m,
1527029731.7465,640.11000,0.02200000,b,l,
1526928911.4561,687.09000,0.99740675,s,m,
1527014855.1679,673.98000,0.02700000,b,m,
1526989918.9014,686.50000,14.24100000,b,l,
1527002749.3228,681.48000,0.02500000,b,l,
1526953726.9923,683.11000,0.15567739,b,l,
1527015920.7329,671.98000,0.02400000,b,m,
1527015721.8727,671.00000,8.00000000,b,l,
1526951762.7298,684.28000,2.58000000,s,l,
1527027674.3732,652.78000,45.00000000,b,l,
1526941069.9298,693.80000,0.05900000,b,l,
1527015843.2392,671.94000,0.02600000,b,l,
1527022706.5356,653.73000,0.66340782,s,m,
1527030028.1646,640.00000,0.25000000,b,l,
1526991018.6956,680.00000,2.60810000,b,l,
1526989946.6683,686.50000,4.86200687,b,l,
1527022716.2491,654.99000,1.04458057,b,m,
1527022717.8501,654.99000,1.00000000,b,l,
1527025557.0524,651.48000,0.04744310,s,l,
1527022720.0465,655.19000,1.43000000,b,m,
1526999747.623,683.84000,0.07160000,b,l,
1527022730.8838,655.24000,11.17100000,b,m,
1527022732.8903,655.18000,8.49440226,b,l,
1526992352.8459,680.68000,5.74000000,s,m,
1526957199.1035,688.72000,4.31302801,s,l,
1527022737.3306,655.24000,8.43000000,s,l,
1527022740.2363,655.24000,3.57559774,s,l,
1527022741.3844,654.00000,4.00000000,b,m,
1527027225.2059,650.99000,0.31542435,b,l,
1526934383.5403,697.64000,0.02300000,b,m,
1526929067.8532,688.00000,0.03692586,s,m,
1526999920.3234,682.93000,0.26558626,s,m,
1527025934.1289,650.26000,0.99487831,s,l,
1527022249.582,658.99000,0.37507193,b,l,
1527022767.1647,655.22000,0.02200000,b,m,
1526934978.2929,698.20000,7.03129948,b,m,
1527012572.4962,671.28000,0.19776787,b,l,
1527015283.5985,670.71000,0.71798496,s,m,
1527022776.132,653.74000,0.00095011,s,m,
1527022778.372,654.85000,6.81958149,b,m,
1526983916.1932,686.72000,1.45789100,b,l,
1527022781.2856,654.84000,0.02500000,b,l,
1527001736.8092,680.26000,0.02500000,b,m,
1526928849.2769,687.00000,0.50000000,s,m,
1527022785.735,655.56000,5.33600000,b,l,
1527022561.0862,654.07000,0.57182080,s,m,
1526999479.1615,683.94000,0.14455000,b,l,
1527027233.5883,651.00000,0.05000000,b,l,
1527022792.9792,653.76000,2.00000000,s,m,
1526978265.37,692.48000,0.00000010,b,l,
1526963472.2781,684.51000,3.30000000,b,l,
1527022799.0925,655.46000,0.02300000,b,m,
1527022803.9891,653.79000,0.05000000,s,m,
1527028940.2158,642.39000,0.02500000,b,m,
1527029600.4656,637.50000,0.02600000,s,m,
1526929512.6865,689.74000,0.02800000,b,m,
1527022809.7252,655.48000,0.52500000,b,m,
1527016314.3442,671.40000,0.70892082,b,m,
1527021776.0882,662.00000,5.00000000,s,l,
1526953128.419,682.69000,8.38044786,b,l,
1526983300.4404,685.66000,1.00000000,b,l,
1526957288.6697,688.73000,0.04864094,s,l,
1527022825.7037,654.99000,0.02500000,b,m,
1526991079.8536,678.80000,4.70954655,s,m,
1526924525.5696,696.89000,0.02214710,b,l,
1527022832.117,653.82000,0.16345041,s,l,
1526978088.7268,692.03000,4.60900000,s,l,
1526939859.5757,694.44000,0.02600000,b,m,
1527017885.6755,663.98000,0.05900000,b,m,
1526952780.7122,682.00000,20.00000000,s,l,
1526940528.7462,694.43000,0.02500000,b,l,
1527022847.4223,655.58000,2.99000000,b,m,
1526957314.8344,687.30000,2.12708614,s,l,
1526990084.247,686.01000,0.09138312,s,l,
1526956246.7605,688.07000,5.00000000,s,m,
1526990086.3261,686.00000,6.67000000,s,l,
1526990087.6367,686.00000,0.04000000,s,l,
1526990088.1328,686.00000,0.83802282,s,l,
1527022857.569,653.92000,1.00000000,s,m,
1527022859.5206,655.47000,0.02900000,b,m,
1526990092.0488,685.59000,0.03952633,s,l,
1526934467.0949,697.77000,0.89355841,b,l,
1527022865.1509,655.51000,0.04600000,b,m,
1527011484.45,673.42000,1.26791040,s,m,
1526990101.3692,685.02000,2.84286926,s,l,
1526924568.8359,697.05000,0.02200000,b,m,
1526992153.7301,682.00000,0.00342341,b,l,
1527022877.6358,655.24000,0.02500000,b,l,
1526957350.2025,687.04000,0.13343409,s,l,
1526990124.9454,683.58000,1.42011518,s,m,
1527013247.8345,674.37000,0.02700000,b,m,
1527020524.6963,661.28000,0.02300000,b,m,
1526937978.031,696.00000,0.12911100,s,l,
1527027251.3603,650.72000,0.25919818,s,m,
1526989022.4705,684.50000,0.00069064,s,l,
1526990136.1785,684.25000,0.07279600,b,l,
1527008355.3761,678.66000,0.02100000,b,m,
1526974387.7505,693.77000,0.00100000,b,m,
1526957378.8211,689.19000,1.91150441,b,m,
1527022916.2088,655.23000,0.02500000,b,l,
1526956257.0489,688.92000,0.10199175,b,m,
1527022922.1094,654.09000,4.99900000,s,m,
1526928951.3275,687.04000,1.18177698,s,m,
1526947294.9256,698.36000,0.86094109,b,m,
1526980238.7209,686.02000,2.22716026,s,l,
1526935596.4037,697.14000,5.74000000,s,m,
1527010135.5487,677.00000,9.98437533,b,l,
1527022939.9884,654.43000,0.21700000,s,m,
1527024580.4,653.37000,0.02300000,b,m,
1527022941.5244,654.85000,17.31933657,b,l,
1527025960.6457,650.11000,1.00000000,s,l,
1527027259.7684,650.99000,0.08657797,b,l,
1527003849.0703,680.05000,0.02100000,b,l,
1527022958.1245,654.85000,5.00000000,b,m,
1526953614.7852,683.51000,0.12516075,s,l,
1527011484.4525,673.42000,0.00000001,s,m,
1526924665.9986,696.98000,8.01200000,b,l,
1526924666.0017,697.00000,0.02200000,b,l,
1526924667.3322,697.00000,3.05037834,s,l,
1527023490.3351,652.91000,0.45093340,s,m,
1526924671.2957,697.00000,3.05037834,s,l,
1527022976.2836,655.57000,0.02600000,b,m,
1527029600.2624,637.90000,9.99440226,s,m,
1527022978.8869,655.67000,1.00000000,b,m,
1526956267.8818,688.99000,0.02100000,b,m,
1526924676.4449,697.00000,0.05485890,s,l,
1526956268.621,689.01000,6.25400000,b,m,
1526950807.4817,694.87000,1.87429888,s,l,
1526924685.7201,697.00000,1.53288061,s,l,
1526987134.4031,689.35000,0.02691109,s,m,
1526957463.9314,688.97000,1.00000000,b,m,
1526952637.2508,685.01000,0.40000000,s,m,
1526992352.8702,679.70000,90.00000000,s,m,
1526957477.1817,689.00000,1.50000000,b,m,
1526956408.8608,688.03000,6.79100000,s,m,
1526928144.2073,690.54000,1.17388669,b,m,
1526924712.437,697.00000,0.02550000,s,l,
1527022293.6242,658.01000,5.00000000,s,l,
1526956274.8215,689.01000,0.43500000,b,l,
1526949186.9838,696.74000,7.75440226,s,m,
1527023029.4158,655.66000,0.02900000,b,m,
1527024583.2395,653.43000,0.39400028,b,m,
1526924729.2516,697.00000,0.24971019,s,l,
1526928970.0179,687.18000,0.03000000,s,l,
1526981851.4918,684.12000,3.19900000,s,l,
1527023044.9183,655.74000,0.03700000,b,m,
1526990277.205,683.85000,2.03010236,s,l,
1527027857.4815,650.66000,2.71979254,s,m,
1526994032.9525,678.28000,0.16969176,s,m,
1526935111.1651,699.96000,0.31253198,b,m,
1527021378.703,663.64000,0.02000000,b,l,
1526990285.0484,683.85000,1.96989764,s,l,
1527029747.9819,640.66000,0.02200000,b,l,
1526924751.1442,697.00000,0.05498046,s,l,
1526924753.1178,697.00000,0.13480000,s,l,
1526956539.1353,689.60000,0.03800000,b,m,
1527028762.4104,641.66000,4.97725541,s,m,
1527020086.3499,661.57000,0.08864941,b,m,
1526924761.2143,697.00000,0.02749014,s,l,
1526990299.2606,683.39000,0.08779760,s,l,
1527005434.535,677.54000,0.19128780,s,m,
1526926482.3211,691.88000,0.02500000,b,m,
1527024658.1374,654.36000,0.02300000,b,m,
1527023079.5164,655.01000,4.23100000,s,l,
1526960465.8262,688.24000,4.05983880,s,m,
1526924781.9584,697.00000,8.10000000,s,l,
1526958026.8464,687.03000,0.09471853,s,l,
1526990324.1692,683.39000,0.73470240,b,m,
1527025961.7009,650.00000,2.45700000,s,l,
1526924793.2783,697.00000,0.38405001,s,l,
1526924794.768,697.01000,0.02300000,b,m,
1526920995.1464,696.07000,1.51091256,b,l,
1526924796.6183,697.00000,1.00000000,s,l,
1526924798.1838,697.00000,0.90130000,s,l,
1526924799.8373,697.00000,1.00000000,s,l,
1527004711.028,678.00000,10.00000000,s,l,
1526924804.1166,697.00000,1.00000002,s,l,
1526925657.4542,693.83000,5.00000000,b,l,
1527022245.2626,655.46000,12.77700554,s,m,
1527009310.6303,678.60000,1.50000000,b,m,
1527011067.4924,675.00000,0.10000000,s,m,
1526935949.1892,697.51000,5.00000000,s,m,
1526924818.8463,697.01000,0.53832370,b,l,
1526924819.0369,697.00000,0.09788234,s,l,
1527021359.1701,662.92000,0.02300000,b,m,
1526957593.8729,687.76000,0.16794610,s,l,
1526924826.4218,697.00000,0.69818473,s,l,
1527018253.0604,667.22000,0.02000000,s,l,
1526924831.4617,697.00000,1.00000000,s,l,
1526924832.9227,697.00000,1.00000000,s,l,
1526924833.3159,697.00000,0.60000000,s,l,
1527025678.7655,651.05000,1.00000000,s,l,
1527016949.4736,665.36000,3.71523952,s,l,
1526989671.2427,686.49000,0.03740113,s,l,
1527023156.02,655.00000,0.18222705,s,l,
1526980242.9587,686.02000,14.24100000,s,l,
1526924858.8075,696.98000,0.12710422,b,l,
1526990395.6993,683.09000,0.25032749,s,l,
1527023167.2828,655.00000,0.01500000,s,m,
1526957634.2055,688.96000,0.01800000,b,m,
1527023174.5883,655.00000,7.80000000,b,l,
1526956190.0429,688.64000,6.32300000,b,l,
1527023180.3702,655.00000,16.15446932,s,l,
1527024430.7022,653.78000,0.02500000,b,m,
1526982580.1142,684.83000,0.16121423,s,m,
1526979852.9596,686.00000,0.50000000,s,m,
1527023193.5516,654.90000,0.45807120,b,m,
1526930134.2272,692.99000,0.02800000,b,m,
1527023196.7868,654.90000,0.11145000,b,l,
1527022245.1652,655.91000,8.69433554,s,m,
1527011067.5156,675.00000,1.84047934,s,m,
1526924897.5426,696.20000,0.96300000,s,l,
1527023202.2234,654.23000,0.24549110,s,m,
1526924900.6824,696.21000,1.00000000,s,l,
1526928998.6351,688.69000,0.28576011,b,m,
1526924903.8937,696.21000,0.30500000,s,l,
1527023209.6618,654.24000,0.11685039,s,m,
1527021359.1825,663.25000,0.05800000,b,m,
1526930752.1643,693.09000,0.52900000,b,m,
1527002410.5659,681.20000,0.97600000,b,l,
1526968787.7094,688.53000,0.97500000,b,l,
1527020288.4848,661.96000,0.12694211,b,m,
1527023222.6199,653.91000,0.71922385,s,m,
1527027305.0849,651.00000,0.74244244,b,l,
1526943112.8086,694.00000,0.24700000,b,l,
1526935117.6247,700.00000,0.10000000,b,m,
1526939114.1517,694.66000,0.10000000,s,l,
1527023235.9548,653.97000,0.10903248,s,m,
1527023236.8084,653.96000,0.00100340,s,m,
1526952469.1156,685.23000,0.36207954,s,m,
1526990475.8435,683.51000,0.01700000,s,m,
1527025962.5096,650.00000,2.46900000,s,l,
1527019257.3316,665.01000,0.20000000,b,l,
1526934467.1701,698.00000,0.02600000,b,l,
1527023252.5539,653.93000,0.14179352,s,m,
1527023254.7195,654.86000,0.50000000,b,m,
1527000004.6559,682.72000,0.00418490,s,m,
1527024430.5285,652.05000,1.06400000,b,m,
1526924955.5123,696.90000,4.02373053,b,m,
1526990493.7379,683.78000,0.02000000,b,l,
1527023262.8937,653.85000,0.36675516,s,m,
1526950394.3134,694.56000,1.00000000,s,m,
1527027390.8068,651.11000,8.63200000,s,l,
1526990501.7039,683.78000,0.00700000,b,m,
1526957735.9982,688.94000,0.02500000,b,l,
1526957736.0163,688.96000,0.00700000,b,l,
1526990508.6133,684.34000,2.00000000,b,m,
1526922025.2231,696.69000,0.02200000,b,m,
1527003860.4486,680.11000,0.19062957,s,l,
1527030545.0813,644.33000,0.28135660,s,m,
1526945041.5273,699.65000,0.02300000,b,l,
1526966258.0873,688.20000,0.02500000,b,m,
1527023289.0277,653.88000,0.36162269,s,m,
1526924988.7942,696.21000,2.60541819,s,l,
1527031632.284,640.30000,0.72063857,s,m,
1526990526.2766,683.53000,5.00000000,s,l,
1526924991.2944,696.21000,1.00000000,s,l,
1526921651.2291,697.00000,0.12516164,b,m,
1526957762.5154,689.00000,0.96800000,s,l,
1527016493.5702,669.00000,0.29091343,s,m,
1527027318.6672,651.00000,1.80845452,b,l,
1526979917.0335,682.51000,1.57323427,s,m,
1527023305.069,654.83000,0.15249266,b,m,
1526922026.7845,696.97000,0.00528201,b,m,
1526925004.0682,696.20000,1.31887084,s,l,
1527023317.8044,654.00000,0.30000000,s,m,
1526935090.4965,699.00000,0.58964450,b,l,
1527018046.9654,664.00000,3.95400000,b,m,
1527024800.7363,658.80000,0.49506943,b,m,
1527016400.4618,670.03000,0.21266101,s,l,
1526925026.2363,696.20000,1.00000000,s,l,
1526948214.3255,697.99000,0.17967608,b,l,
1526951066.816,688.30000,6.00000000,s,m,
1526950968.3426,690.00000,1.32753000,s,l,
1527023342.3825,654.82000,0.19990000,b,l,
1527024800.6524,656.21000,0.20000000,b,m,
1526929243.1345,689.67000,0.02100000,b,m,
1527023349.5875,654.82000,0.44174593,b,m,
1526945890.3667,696.87000,0.70135774,s,m,
1527024430.5063,651.35000,0.02500000,b,m,
1526946982.4118,696.02000,0.69832272,s,m,
1527031746.1938,641.58000,5.00000000,b,l,
1527024594.5626,652.06000,0.10384292,b,l,
1526925058.492,696.20000,26.13639229,s,l,
1526956331.6584,689.55000,0.00000564,b,m,
1526990598.3813,683.52000,0.25042280,s,l,
1527010945.2492,675.66000,0.04698230,b,m,
1526951535.2935,685.74000,2.80000000,s,l,
1527023370.1035,653.53000,0.00265862,s,m,
1527018093.2196,667.64000,1.27187904,b,m,
1527005485.2479,679.00000,0.43313667,b,m,
1527010410.323,676.00000,0.00072558,s,l,
1527023383.5588,652.59000,3.69700000,s,m,
1527023385.1462,652.01000,3.00000000,s,m,
1527008505.6367,677.83000,0.13390433,s,m,
1526925085.6956,696.32000,0.68625194,b,l,
1527023391.2747,652.10000,5.59470000,s,m,
1527023394.2792,653.31000,2.00000000,s,m,
1526957860.4587,688.63000,11.70000000,s,l,
1526979859.2227,683.17000,1.00000000,s,m,
1527023401.5857,653.00000,0.20000000,b,l,
1526990634.8818,683.53000,0.05009167,b,l,
1526945415.7241,699.98000,0.85745064,b,l,
1526957868.3485,687.86000,0.38040576,s,l,
1526996911.0898,685.57000,0.12522528,s,m,
1527027869.9574,650.68000,1.37600000,s,m,
1526990641.9273,683.53000,0.05000000,b,m,
1526923571.1568,696.12000,0.07975874,b,l,
1527023412.7926,654.00000,6.61005738,b,l,
1527018049.2198,664.00000,37.37448371,b,l,
1526929033.35,688.99000,0.13200000,b,l,
1527024596.133,653.38000,2.07588626,s,m,
1527016949.5252,664.85000,0.42151700,s,m,
1526939957.3709,694.46000,0.07800000,b,m,
1526952858.838,682.17000,3.50000000,b,m,
1526925124.8021,695.02000,0.10000000,s,m,
1526979860.4896,683.17000,42.81996508,s,l,
1526935090.5275,699.00000,0.02502503,b,m,
1527028961.6764,641.97000,0.25595756,b,l,
1527023439.1055,653.99000,0.27327327,b,l,
1527023441.4369,653.99000,0.09058733,b,m,
1526957907.1813,687.28000,0.05761228,s,l,
1526957908.5045,688.08000,0.02500000,b,l,
1526950400.4889,694.55000,0.83505060,s,l,
1527006382.4339,680.44000,0.00360000,b,l,
1526925147.0554,695.00000,0.37200250,s,l,
1527023453.8344,653.12000,0.30000000,s,l,
1526990687.5524,682.06000,0.03000000,s,m,
1527023460.2741,654.00000,0.06515000,b,m,
1527023461.6578,653.00000,0.19514277,s,l,
1527023465.6019,652.91000,0.25152957,s,m,
1526925162.5058,695.00000,0.00299750,s,m,
1527023470.8106,653.00000,14.68400000,b,l,
1527000593.8958,680.18000,0.04949892,b,m,
1526925174.5535,694.70000,1.00000000,s,m,
1526990711.2096,682.13000,0.00000640,s,m,
1526988599.95,687.19000,5.00000000,b,m,
1526929486.9673,689.12000,5.00000000,s,m,
1527005917.7919,678.97000,8.49440226,b,m,
1527023490.3322,652.91000,0.21068028,s,m,
1527023494.7354,653.60000,0.50000000,b,m,
1526931036.854,693.64000,0.02200000,b,l,
1527027351.1978,651.05000,0.16000000,s,l,
1527030110.926,641.77000,5.00000000,b,m,
1526992956.7253,679.49000,5.00000000,s,m,
1527022767.1594,654.53000,14.24100000,b,m,
1526924215.5315,696.98000,11.98249990,s,m,
1527023511.8809,652.76000,0.20000000,s,m,
1527023512.8774,652.76000,0.00001129,s,m,
1527022245.2166,655.68000,1.72300000,s,m,
1527029019.3167,640.08000,0.11582321,s,l,
1527021326.4408,662.88000,8.00000000,b,m,
1526994587.2657,681.84000,2.60540000,s,l,
1527031347.2957,646.46000,0.03000000,b,l,
1527020235.0415,661.09000,9.49867293,s,m,
1526928144.2148,690.77000,1.00200000,b,m,
1526978683.7609,691.49000,6.84100000,s,m,
1526956361.1135,690.04000,0.02500000,b,m,
1527016436.0507,670.00000,81.84309223,s,l,
1527004578.5763,678.53000,0.02000000,s,l,
1526979864.1155,683.45000,0.06403079,b,l,
1526934518.7207,698.00000,0.00000757,s,m,
1527023558.088,652.87000,2.58670000,s,m,
1526958026.858,687.01000,0.10000000,s,l,
1526982759.6861,683.43000,18.93860487,s,l,
1526958028.4919,687.00000,38.91010000,s,l,
1526950404.709,693.80000,0.61946990,s,l,
1526983358.4227,685.70000,0.02200000,b,m,
1527020945.6574,663.03000,0.77495673,b,l,
1527028762.1567,643.00000,4.00000000,s,m,
1527027364.4257,651.44000,1.58000000,b,l,
1527022419.2384,658.68000,1.12800000,s,m,
1526925276.0385,694.72000,0.00000019,s,m,
1526926482.3855,693.59000,4.07972297,b,m,
1527010981.3837,675.67000,1.53585261,b,m,
1526939169.5171,693.00000,5.94900000,s,l,
1526979861.14,682.16000,0.25000000,s,l,
1526927934.3463,692.75000,0.10000000,b,m,
1526929063.635,688.00000,0.96307414,s,m,
1526980280.4657,685.00000,5.99096267,s,l,
1527023601.9274,653.30000,2.33830000,b,l,
1526931856.968,696.00000,0.47630000,s,l,
1527023604.8326,653.30000,0.13068847,b,l,
1527023605.2378,653.30000,2.33840000,b,l,
1526947132.941,696.69000,0.39573773,b,l,
1527023608.8357,653.26000,0.08840000,b,l,
1527023611.9678,653.10000,0.08660000,b,l,
1527023612.8071,653.10000,0.81380000,b,l,
1526979979.1941,680.00000,0.51511000,s,m,
1527023614.9807,652.34000,0.09058733,s,m,
1526931924.6875,694.90000,0.20000000,b,m,
1527023617.5492,653.10000,0.06460000,b,l,
1527022494.45,655.20000,12.00000000,s,m,
1526929067.8714,687.43000,0.74584363,s,m,
1527023622.4155,653.29000,0.93920000,b,l,
1526925320.536,694.72000,0.07470403,s,l,
1527009327.088,677.88000,3.45585713,s,m,
1526946676.5405,697.11000,1.23990348,s,m,
1526956697.8008,688.68000,0.69751485,s,m,
1526979701.0653,688.99000,5.00000000,s,l,
1527023637.7143,652.38000,0.73838315,s,m,
1527023638.6081,653.28000,0.57650000,b,l,
1527023639.638,653.28000,0.91850000,b,l,
1526929992.1354,694.28000,1.41800000,b,l,
1527028968.6067,641.03000,0.11308826,s,m,
1527024975.4891,657.12000,0.02600000,b,m,
1527030111.0821,642.94000,1.88000000,b,m,
1527016454.1481,670.00000,3.00000000,s,m,
1526953774.1578,689.99000,6.00000000,b,l,
1526990892.1363,682.56000,0.06235786,s,l,
1526979765.7632,688.54000,2.67900000,s,l,
1527022422.1355,659.96000,2.84033057,b,m,
1527021918.9716,660.92000,0.20000000,s,m,
1526951477.6571,686.80000,4.94300000,s,m,
1527023674.9265,652.99000,0.55290693,b,l,
1526925371.6393,694.70000,2.19866446,s,l,
1526961319.7227,685.71000,0.06812453,s,m,
1526925374.4218,693.97000,5.74000000,s,m,
1526929077.1284,688.02000,0.12218920,s,l,
1526958144.6631,687.00000,0.24236073,s,l,
1526932797.0929,696.45000,0.04900000,b,l,
1526925387.2786,694.71000,0.20273939,b,l,
1526931859.7608,696.00000,1.90570000,s,l,
1527025965.1647,650.00000,2.49500000,s,l,
1526925392.5327,694.26000,0.02742175,s,l,
1526953762.6951,688.79000,0.03700000,b,l,
1527006008.6753,679.37000,0.08112609,b,m,
1526989155.4237,684.90000,0.03989750,s,l,
1526925400.1645,694.26000,2.00000000,s,m,
1527028802.6068,644.01000,1.43000000,b,l,
1527011067.4382,675.10000,0.44437000,s,m,
1527023712.0388,652.57000,0.16080000,b,l,
1526943112.8012,694.00000,0.24500000,b,l,
1527031639.2551,640.34000,2.00000000,s,m,
1526956390.0809,688.41000,0.80111947,s,l,
1526952735.6101,682.82000,0.54264548,s,m,
1526931860.0114,695.00000,1.80669556,s,l,
1526959491.5478,688.08000,7.31300000,b,m,
1526998419.6904,684.89000,0.02700000,b,m,
1527006325.8965,680.04000,0.03323749,s,l,
1526988599.9444,687.14000,0.40277563,b,m,
1527023730.8603,653.00000,2.03998324,b,l,
1526958196.841,687.00000,0.10000000,s,l,
1527027390.8294,650.60000,0.00000052,s,l,
1527023734.3679,652.55000,0.02330668,s,l,
1526922346.075,698.60000,0.00053836,b,m,
1526924199.2744,696.74000,2.17207303,b,l,
1526939606.2455,694.14000,0.21382850,b,l,
1527021776.0814,662.00000,0.02038461,s,l,
1526941882.5909,693.98000,0.03095301,b,m,
1526990982.4962,681.03000,2.70850000,s,l,
1526990983.0202,681.00000,0.17230000,b,l,
1526990984.9423,680.99000,1.71616048,b,l,
1527023753.8876,652.10000,1.48181087,s,m,
1526925450.4571,694.28000,0.08645000,s,l,
1527022561.415,655.44000,0.68529145,b,l,
1526985175.6999,688.74000,0.04800000,b,m,
1527014952.3965,674.08000,0.02700000,b,l,
1527023764.3972,652.12000,2.00000000,s,m,
1527023766.3543,652.12000,0.09000000,s,m,
1527023768.6898,652.13000,3.52700000,s,m,
1526925465.4806,694.28000,0.20000000,s,m,
1527023770.9278,652.13000,2.00000000,s,m,
1527023771.9584,652.99000,0.24188635,b,l,
1527016474.9254,670.00000,1.39700000,s,l,
1526955479.7025,687.41000,0.21927331,b,m,
1526991009.5821,680.90000,0.19199825,s,l,
1526991013.1649,680.90000,8.16000175,s,l,
1526991014.7856,680.00000,0.90000000,b,l,
1526991017.2068,680.00000,8.55800000,b,l,
1526991018.4987,680.00000,9.30000000,b,l,
1526991020.6378,680.00000,3.82400000,b,l,
1526950941.3374,692.60000,1.90000000,s,l,
1526991024.8426,680.00000,0.08400000,b,l,
1527019900.5531,661.34000,4.00000000,s,m,
1526991027.665,679.94000,2.71290000,s,m,
1526991028.2807,680.00000,6.13670000,b,l,
1526991029.0774,680.00000,5.43000000,b,l,
1526991030.1977,680.00000,2.86090000,b,l,
1526991031.9181,680.00000,2.64057713,b,l,
1527023801.0922,652.16000,7.42954970,s,m,
1526991036.0895,680.00000,4.20900000,b,l,
1526991037.398,679.98000,1.00000000,s,m,
1527023807.4323,650.99000,0.07352504,s,m,
1527019460.5384,663.91000,1.74100000,s,m,
1527023809.5385,650.77000,0.18469348,b,m,
1527023811.4327,651.85000,1.00000000,s,m,
1526991046.3011,680.00000,2.71260000,b,l,
1526950945.8146,691.33000,0.19000434,s,l,
1526991048.7546,680.00000,2.71260000,b,l,
1526991049.8242,680.00000,2.28380000,b,l,
1526991052.2389,680.00000,1.26614657,b,l,
1527027405.2502,651.04000,0.99740727,s,l,
1526991056.5385,680.00000,2.71220000,b,l,
1526956408.8635,687.89000,4.65000000,s,m,
1526925522.3429,694.28000,1.44000000,s,l,
1527023827.715,651.84000,6.00000000,s,m,
1526991060.6565,680.00000,2.71260000,b,l,
1526991061.8413,680.00000,7.06118311,b,l,
1526991062.5942,680.00000,1.52750000,b,l,
1526991063.4752,680.00000,0.38940000,b,l,
1526991064.5998,680.00000,2.83040713,b,l,
1526991065.9336,679.96000,9.15100000,s,l,
1526991067.9826,679.66000,0.10672404,s,l,
1526991069.3033,679.99000,7.33500000,s,l,
1527016159.2742,671.94000,0.02600000,b,l,
1526991071.2443,679.66000,0.03000000,s,l,
1526929104.1659,688.94000,0.02200000,b,m,
1526991076.7722,679.68000,1.86879350,s,l,
1526991077.5794,679.42000,2.37627239,s,l,
1526991078.3152,679.43000,1.19900000,b,l,
1526991079.8113,679.43000,0.74654655,s,l,
1526952119.8527,689.52000,0.02800000,b,l,
1526991081.0395,678.81000,3.00000000,s,l,
1526991082.8219,678.91000,0.50000000,s,l,
1526929106.5564,688.89000,0.15929836,b,l,
1527023854.666,650.81000,0.39340000,s,m,
1526991087.4596,678.92000,8.18400000,s,l,
1527023857.9647,652.39000,0.23388480,b,l,
1527023858.7364,650.81000,6.13900000,s,m,
1526991093.4145,679.68000,1.51600000,b,l,
1526959143.6622,683.98000,0.06647805,b,l,
1526991098.2837,679.68000,0.40197520,b,m,
1527025702.2047,650.75000,3.83000000,b,l,
1526978261.8306,692.46000,0.33013505,b,l,
1526925570.7307,694.51000,0.30342307,b,m,
1526991107.9424,678.63000,2.71810000,s,l,
1526978262.9539,692.46000,2.42885083,b,l,
1527023880.5957,652.48000,4.00000000,b,m,
1526958345.0497,687.04000,3.98433992,s,m,
1526991115.0272,678.34000,0.50000000,s,l,
1526934467.1276,697.97000,0.93700000,b,l,
1526991118.6915,678.23000,5.22000000,s,l,
1527016493.493,669.80000,0.18825381,s,m,
1526977446.77,692.90000,0.11955214,s,l,
1527023892.9535,651.04000,0.15000000,s,m,
1526978265.3636,692.48000,0.10222225,b,l,
1526991132.1676,678.50000,0.52000000,b,m,
1526991133.6761,678.00000,12.00000000,s,l,
1526980242.8103,686.02000,1.55554493,s,l,
1526925600.3372,694.65000,6.48999995,b,l,
1526958370.6331,687.04000,0.89000000,s,l,
1526925604.7849,694.75000,1.51091256,s,l,
1526951066.8751,686.48000,2.44910000,s,m,
1526991143.6799,677.89000,2.83040713,b,l,
1526925608.2258,694.75000,0.05366742,s,l,
1526991145.16,677.99000,0.48850906,s,l,
1526991146.1348,677.60000,0.03149094,b,l,
1526991147.6077,678.00000,1.09859159,b,l,
1526991148.3703,678.00000,0.10603253,b,l,
1526991149.3467,678.00000,0.62222222,b,l,
1526991150.0681,678.00000,220.45110000,b,l,
1526991151.5443,678.00000,0.11924779,b,l,
1526994061.4138,679.60000,9.00000000,b,l,
1526991153.0884,678.00000,0.05276185,b,l,
1526991154.7005,677.91000,0.52000000,s,l,
1527000115.3974,682.65000,0.35331505,s,l,
1526991156.4634,678.00000,3.99496000,b,l,
1526991157.9737,678.00000,0.89993000,b,l,
1526991158.7334,678.00000,0.20000000,b,l,
1526991159.4002,678.00000,0.92723947,b,l,
1526991160.8008,678.00000,0.07616000,b,l,
1526991161.9305,678.00000,90.00000000,b,l,
1526991162.3132,678.00000,1.58795667,b,l,
1526991163.3863,678.00000,1.01640000,b,l,
1526991164.0651,678.00000,0.22073267,b,l,
1526991165.9629,678.00000,2.51900000,b,l,
1526991166.3719,678.00000,2.83040712,b,l,
1526991167.5569,679.74000,4.32996591,b,l,
1526991168.4586,680.00000,1.05404000,b,l,
1526925634.3279,694.12000,1.22305825,s,l,
1526963510.7209,684.41000,1.50000000,s,m,
1526991173.0683,679.99000,0.49619780,b,l,
1526925638.6209,694.00000,1.00000000,s,m,
1526971122.2368,694.90000,0.44652815,b,l,
1526991176.257,679.99000,0.97900000,b,l,
1526956428.8143,687.54000,14.49800000,s,m,
1526991178.9527,680.00000,0.09500000,b,l,
1526991180.8231,680.00000,1.25000000,b,l,
1526925646.4896,694.00000,13.51240072,s,l,
1526950968.31,690.16000,0.14473710,s,l,
1526958418.7408,687.01000,0.00655664,s,m,
1526925657.5903,691.00000,0.20000000,s,m,
1526991197.719,679.23000,3.00000000,s,m,
1526991198.455,679.23000,0.20000000,s,l,
1526925664.5212,692.30000,0.04183784,b,l,
1526925667.9317,691.78000,5.74000000,s,l,
1527023973.1004,652.39000,2.50000000,b,m,
1526991206.1615,679.21000,5.17000000,s,l,
1526925671.5914,691.74000,5.45400000,s,l,
1526991208.9383,679.21000,5.90000000,s,l,
1526950972.0493,690.00000,0.02841301,b,l,
1526985970.8914,692.08000,0.02200000,b,m,
1527023979.4865,652.40000,5.00000000,b,l,
1526925679.8569,691.56000,0.04504812,s,m,
1526925681.2758,691.56000,5.00000000,s,l,
1526925682.9706,691.90000,0.30821206,b,l,
1527023987.8919,651.25000,0.84490585,s,m,
1526926893.4226,691.50000,0.02500000,b,m,
1526925686.7787,691.57000,0.02716204,s,l,
1526925695.313,691.20000,0.05800000,s,m,
1527029413.9365,640.15000,0.31745856,b,m,
1527024001.8408,651.75000,1.66444572,s,l,
1526991234.0705,678.66000,0.37215115,s,l,
1527018049.2287,664.00000,24.99870778,b,l,
1526925701.9397,691.30000,1.10800000,b,l,
1526946982.4156,696.00000,0.78617848,s,m,
1527024010.4746,651.25000,0.07292700,s,m,
1526991243.4017,680.03000,0.68295376,s,m,
1527014183.3116,674.10000,15.85849870,b,l,
1526925712.3363,691.22000,0.10000000,s,m,
1526968787.7227,688.81000,0.02800000,b,l,
1526950979.6285,689.24000,4.71319252,s,m,
1526961902.2012,686.64000,0.45463993,s,m,
1526925718.2435,691.24000,1.58000000,s,l,
1526991255.5093,681.28000,1.97500000,b,m,
1527004086.1709,678.56000,3.62660453,s,m,
1526935111.129,699.55000,1.00000000,b,m,
1527024028.0607,652.28000,0.50000000,b,m,
1526947645.0707,697.90000,0.89300000,b,m,
1527027440.0637,651.45000,0.00018795,s,l,
1526991268.0392,681.28000,0.50000000,b,m,
1526925733.7921,691.25000,1.00000000,s,l,
1527024041.9614,652.25000,1.00000000,b,m,
1526925739.9901,691.25000,0.17386953,s,m,
1526925740.0038,691.20000,5.00000000,s,m,
1527024658.1682,655.20000,1.07552966,b,m,
1526925743.0242,691.18000,2.00000000,s,m,
1526991280.8958,680.33000,20.00000000,s,l,
1526939114.1329,695.00000,2.09784459,s,l,
1526925750.1966,691.18000,0.07800000,s,l,
1526958520.7199,687.00000,0.15935636,s,l,
1527020883.8373,662.86000,0.04400000,b,m,
1526991290.1487,680.01000,0.19695970,s,l,
1526979979.2389,680.00000,6.27456646,s,m,
1527030073.3103,640.01000,1.80692080,s,l,
1527022494.4949,655.00000,0.02559726,s,m,
1526925762.7209,691.98000,0.38134810,b,m,
1527024070.2819,651.05000,0.01262733,s,m,
1527026800.0666,650.75000,0.26471013,b,m,
1526956450.0378,687.81000,0.87291386,s,m,
1526925775.9654,690.91000,21.38762143,s,l,
1526938124.5703,698.62000,2.58000000,b,m,
1526925778.946,690.01000,1.13000000,s,l,
1526925779.0345,689.70000,0.10000000,s,m,
1527021247.6306,662.87000,0.02300000,b,l,
1527027449.2093,651.98000,0.19155355,b,m,
1527016949.5274,664.85000,0.02000000,s,m,
1526925786.5691,690.89000,2.00000000,b,l,
1526983759.1986,686.42000,0.02500000,b,l,
1527024092.2279,650.76000,0.67849662,s,l,
1527024094.8726,652.04000,1.00000000,b,m,
1527021989.7686,660.89000,0.11734328,s,l,
1526991329.2446,680.69000,0.56787538,b,l,
1527011067.489,675.00000,22.40947689,s,m,
1527024430.6659,653.00000,14.10000000,b,m,
1526983761.3415,686.48000,0.02200000,b,l,
1526925801.9832,689.71000,2.00000000,s,m,
1527022799.101,655.47000,13.50000000,b,m,
1526925804.6508,689.71000,0.13177004,s,l,
1526925805.1791,689.71000,0.90838325,s,l,
1526961996.8019,686.00000,8.14159412,s,l,
1527024112.6507,650.41000,0.74999462,s,m,
1526925809.8599,689.00000,0.10680000,s,l,
1526958578.2478,687.01000,2.00000000,s,m,
1526991349.6085,680.20000,0.04977002,s,m,
1527024121.6326,650.51000,6.00000000,s,l,
1526978683.8255,690.43000,2.76257824,s,m,
1527016729.4035,666.56000,12.48588142,s,l,
1526925825.2767,689.00000,0.50647500,s,l,
1526925826.1562,689.00000,0.71000000,s,l,
1526925827.5422,689.00000,2.09650000,s,l,
1526951514.6572,686.30000,0.72000000,s,m,
1526925657.5438,691.92000,1.49500000,s,m,
1527013599.827,671.30000,0.34620020,s,m,
1526925832.1279,689.00000,2.00000000,s,m,
1527022245.1134,657.06000,40.00000000,s,m,
1526991370.8379,680.70000,0.23590875,b,m,
1526991371.4069,680.60000,0.89316150,b,m,
1526958604.1999,687.17000,0.02400000,b,l,
1526925837.7774,689.00000,0.10000000,s,m,
1526939219.3515,693.00000,0.28740712,b,l,
1526925841.4341,689.06000,0.33477777,b,l,
1526925842.904,689.35000,2.03700000,b,l,
1527031167.9073,644.91000,0.03000000,b,m,
1526925845.8901,689.36000,2.08642684,b,l,
1527027460.778,651.45000,0.39510809,b,m,
1526951762.6851,685.60000,10.20000000,s,l,
1526925851.6105,690.01000,2.00000000,s,m,
1526925853.9696,690.60000,3.93800000,b,l,
1526925855.795,690.88000,0.90119196,b,l,
1526994069.7313,680.32000,0.02700000,b,l,
1526925857.8031,690.00000,0.03967505,b,l,
1526925859.7152,690.00000,2.80932495,b,l,
1526925861.8193,691.97000,1.31667264,b,m,
1526989233.8012,685.79000,0.00799877,b,l,
1526969448.2945,688.90000,1.43352925,b,l,
1527024800.6554,656.58000,0.76300000,b,m,
1526925870.3527,691.92000,0.61892691,b,m,
1526958641.1437,687.35000,0.02500000,b,l,
1526929693.4092,691.11000,0.25000000,b,m,
1526925881.9549,691.90000,6.90000000,b,l,
1526927549.1532,690.53000,1.26966216,s,m,
1526925887.4422,691.90000,2.79561000,b,l,
1527024195.7912,650.50000,3.67000000,s,l,
1526951772.2547,687.89000,0.03500000,b,l,
1526958641.1414,687.33000,0.02200000,b,l,
1526925894.0232,691.95000,2.38658626,s,l,
1527024199.7831,651.91000,1.00000000,b,m,
1526952199.3865,687.72000,0.02200000,b,m,
1526936965.202,696.80000,65.48860853,s,m,
1526962258.1779,683.20000,2.16334935,s,m,
1526994337.0605,682.59000,0.02400000,b,m,
1526925906.5027,691.82000,1.09876879,s,l,
1526991020.3089,680.00000,7.46975822,b,l,
1526925908.7144,692.50000,1.00000000,b,m,
1527003891.5931,680.02000,0.02000000,b,l,
1526983780.0649,686.70000,0.02500000,b,m,
1526925914.3276,691.81000,2.65740172,s,l,
1526929992.0987,693.15000,0.03100000,b,l,
1527019640.6126,663.75000,0.03000000,s,l,
1527017676.2376,663.10000,1.97187190,s,l,
1526951265.3457,689.91000,0.02200000,b,m,
1526930121.1641,691.19000,6.84100000,s,m,
1527027473.2866,651.45000,0.24463549,b,m,
1527022012.9046,660.91000,0.00147022,s,m,
1526951554.4254,687.90000,3.67080545,b,l,
1526991467.6767,681.40000,0.23531025,b,m,
1527024237.3687,650.26000,12.78531433,s,m,
1526951684.1709,684.18000,0.13767310,s,m,
1527016181.5742,670.35000,4.82100000,s,m,
1527005161.5609,678.81000,0.06179814,b,l,
1526958710.7538,687.47000,0.09676940,b,l,
1527024247.6913,650.27000,9.16300000,s,m,
1527031400.2044,647.21000,0.02800000,b,m,
1527024250.3613,650.26000,5.93432116,s,m,
1527024253.6175,650.27000,5.00000000,s,m,
1526951762.7093,684.48000,13.50000000,s,l,
1527001736.8041,680.23000,0.02100000,b,m,
1527024266.2219,650.29000,0.34000000,s,m,
1526958734.3824,687.01000,5.00000000,s,l,
1526920967.6758,695.49000,0.14249660,b,l,
1527024276.2892,650.29000,2.00000000,s,m,
1527015039.2885,673.47000,0.02000000,b,l,
1527003508.7416,680.50000,0.17115955,b,l,
1526991515.9343,681.50000,0.06021910,s,l,
1527027482.8385,651.45000,0.11160000,b,l,
1527019204.7302,665.02000,0.25906594,s,m,
1526929179.6215,688.02000,0.74295630,s,l,
1527020288.5043,662.60000,5.74000000,b,m,
1526925991.564,692.45000,0.03200000,b,m,
1527031359.7474,646.93000,0.00100000,b,m,
1527024297.175,650.26000,0.00136766,s,l,
1527024836.6597,657.64000,0.76200000,b,m,
1526927915.2747,692.83000,0.05400000,b,m,
1526991535.7313,682.30000,1.30663240,b,m,
1526926002.8419,691.85000,0.80167474,s,l,
1526951027.8799,689.99000,0.10000000,s,m,
1527027486.8029,651.45000,0.17489671,b,m,
1526957378.8093,689.12000,1.42415234,b,m,
1526926009.1957,690.62000,1.02292607,s,m,
1527024314.5502,650.50000,0.49175979,s,l,
1526935111.1341,699.89000,0.89400000,b,m,
1526991554.7988,682.80000,0.02400000,b,m,
1526926023.7606,690.64000,5.53600000,s,m,
1526994587.2746,681.84000,0.15560741,s,l,
1527018080.6108,666.14000,0.02300000,b,l,
1527024332.9231,650.50000,3.23754650,s,l,
1527024334.0974,651.35000,4.60702091,b,m,
1526932711.9023,697.37000,1.27500000,b,m,
1526926034.4296,691.91000,0.02343750,b,m,
1526926035.5353,690.66000,0.24000000,s,m,
1526991572.4343,683.09000,0.23502900,b,m,
1526956494.7862,688.53000,1.09689414,s,m,
1526926038.3988,690.66000,2.00000000,s,m,
1526958809.093,687.04000,0.13942727,s,l,
1527027551.2148,652.47000,0.02200000,b,m,
1526926044.3139,690.66000,1.00000000,s,m,
1527012822.7409,673.03000,0.02700000,b,l,
1526926049.0622,690.70000,1.00000000,s,m,
1527024354.1489,650.50000,1.05284635,s,l,
1526958819.0259,687.80000,0.02200000,b,l,
1527024356.6898,650.57000,0.18395305,b,l,
1526997349.1138,684.69000,0.02400000,b,m,
1526947457.4585,697.48000,6.02164561,b,l,
1527028992.7613,640.60000,0.02600000,s,m,
1527024369.7719,650.27000,8.17600000,s,m,
1526980030.168,681.79000,7.36600000,b,l,
1526983806.7264,686.01000,0.10081121,b,l,
1526986920.8108,693.40000,14.20000000,b,m,
1527027498.7686,651.45000,0.60831824,b,m,
1527013541.9223,673.65000,2.00000000,b,m,
1527022561.3865,655.44000,1.00000000,b,l,
1527013725.2086,672.01000,0.02441978,s,m,
1527024390.0268,650.30000,7.69298883,s,m,
1526934970.9983,698.18000,0.03500557,b,m,
1527024392.1971,650.90000,0.83000000,b,m,
1527024393.6251,650.90000,1.06532761,b,l,
1527028993.706,640.60000,2.94550000,s,m,
1527019173.9555,665.03000,4.85421570,s,m,
1527025720.6367,650.32000,0.75637045,s,l,
1526989448.0562,688.06000,0.56088760,b,m,
1526949341.2009,698.00000,1.60702745,b,m,
1526958879.9935,688.13000,0.02200000,b,m,
1526958880.0245,688.16000,0.10000000,b,m,
1527024417.4764,651.33000,0.30000000,b,m,
1526929538.4762,689.73000,0.02500000,b,m,
1526926117.9061,691.82000,0.33474460,b,m,
1526951066.8378,687.18000,3.60834231,s,m,
1526926482.3397,692.49000,0.02800000,b,m,
1527024430.7125,653.94000,47.84611814,b,m,
1527024431.6937,654.94000,0.30706400,b,m,
1527028763.8467,641.57000,0.14400000,s,m,
1527029898.2134,640.84000,0.14649458,b,m,
1527017259.6318,664.95000,1.27900429,b,m,
1527024450.2894,652.05000,11.17100000,b,m,
1526991683.8288,682.98000,0.02700000,b,m,
1526920973.5015,696.00000,1.90474793,b,l,
1527027510.6187,651.45000,0.02743153,b,m,
1527009744.8137,677.07000,0.01681479,s,l,
1526951066.969,686.24000,0.22525103,s,m,
1527029166.0225,641.77000,0.02700000,b,l,
1526956515.0718,688.35000,0.37756279,s,m,
1527024471.2527,652.06000,0.12835082,b,m,
1527024475.0982,650.46000,5.00000000,s,m,
1527020372.1794,661.50000,50.00000000,b,l,
1526993244.7245,677.00000,5.00000000,s,l,
1526952865.2468,683.10000,6.61395286,b,l,
1527028996.0929,641.19000,0.02500000,b,l,
1526992417.5584,680.47000,0.28930000,s,m,
1527024492.274,652.05000,7.80000000,b,m,
1526949769.0647,696.10000,75.47057996,s,l,
1527014751.974,673.94000,0.02100000,b,l,
1527023383.5332,653.51000,4.89000000,s,m,
1527029462.8694,638.78000,0.03000000,s,l,
1526989716.8568,686.50000,15.96087193,b,m,
1526978367.8257,692.63000,5.81873494,b,l,
1527024510.6327,652.63000,6.98000000,b,m,
1527021359.1801,663.16000,0.02300000,b,m,
1527025980.6356,650.00000,2.49100000,s,l,
1527024523.3705,652.04000,0.02000000,s,m,
1527013725.4577,670.00000,0.00000795,s,m,
1527024527.5329,652.64000,0.02300000,b,m,
1527024528.6799,652.85000,0.02300000,b,m,
1526932978.7642,693.98000,2.00000000,s,m,
1527027523.3405,651.45000,0.58944871,b,m,
1527022062.7093,660.91000,0.09530768,s,m,
1527024534.8978,653.52000,5.74000000,b,m,
1527020515.8987,660.92000,0.98000000,s,m,
1526951066.8672,686.51000,2.67300000,s,m,
1527030089.3352,640.82000,0.03000000,b,l,
1526987535.1382,689.00000,0.35492986,b,l,
1526951067.0321,686.16000,0.50000000,s,m,
1527011142.328,675.96000,0.04800000,b,m,
1527006008.2418,678.46000,4.38499639,s,m,
1527024565.2666,653.40000,0.91100000,b,m,
1526961993.8689,686.05000,0.60240091,s,l,
1527030090.1626,640.96000,0.03300000,b,l,
1526961994.3384,686.00000,0.10000000,s,l,
1527025343.9503,653.65000,1.25209040,s,l,
1527029026.1896,640.00000,0.06700000,s,m,
1527024576.6667,653.00000,0.54000000,b,m,
1527016608.501,668.00000,5.11695906,s,m,
1526959043.892,687.00000,7.80000000,s,l,
1527024580.3947,653.35000,0.06000000,b,m,
1527022070.8998,660.00000,0.02000000,s,m,
1526959047.8481,684.94000,3.93000000,s,m,
1526961996.4978,686.00000,1.65900000,s,l,
1526959050.1052,684.35000,4.45523616,s,m,
1526959052.5178,683.37000,0.96083390,s,m,
1526949907.4341,697.96000,0.02600000,b,m,
1526961997.9564,686.00000,1.20600000,s,l,
1527012101.7179,673.00000,10.00000000,s,l,
1526938124.5946,698.70000,13.20112404,b,m,
1527024594.6026,653.32000,15.30900000,b,l,
1526992352.8787,679.34000,13.50000000,s,m,
1527024596.167,653.38000,0.00001044,s,m,
1527024597.241,653.38000,1.52860239,s,l,
1527024600.9518,653.38000,0.20000000,s,m,
1526959065.2178,683.89000,1.00000000,b,m,
1526959067.0163,683.14000,0.57000000,s,l,
1527024604.4361,653.38000,14.24100000,s,l,
1526944983.0415,699.30000,0.09254184,b,m,
1526945616.4108,699.75000,0.02500000,b,l,
1526956539.1693,689.94000,14.19223523,b,m,
1527024614.4824,653.39000,0.20000000,b,m,
1526991013.2326,680.00000,0.50000000,s,l,
1527022916.2121,655.45000,0.02900000,b,l,
1527024619.5994,653.38000,0.58311630,s,l,
1527024623.1468,653.38000,1.71315839,s,l,
1527024625.5176,653.29000,7.00000000,b,m,
1527027539.1243,651.44000,0.02000000,s,l,
1527015060.6929,673.13000,0.02100000,b,m,
1527013725.4168,670.00000,40.00000000,s,m,
1527030092.206,641.00000,0.05200000,b,l,
1527027540.1457,651.45000,11.52731787,b,l,
1527012634.8276,672.31000,0.04500000,b,m,
1527029001.0565,640.12000,1.20000000,s,m,
1526979979.0906,680.65000,1.74143670,s,l,
1527024639.9142,654.94000,6.74410817,b,m,
1526956494.8015,687.84000,6.35800000,s,m,
1526959106.9662,683.00000,0.20169506,s,l,
1527029029.2505,640.00000,86.73896625,s,l,
1526925657.4832,694.48000,41.41415149,b,l,
1526988599.9011,686.15000,0.20000000,b,m,
1526991880.6629,682.34000,0.05111753,s,l,
1526951066.9246,686.24000,3.06057881,s,m,
1526959120.4459,683.18000,0.13195591,b,l,
1526954097.6262,686.55000,0.01113822,s,m,
1526926354.884,691.32000,6.68377351,s,m,
1526972263.9237,694.24000,14.17996858,s,l,
1527030093.984,641.59000,6.49000000,b,m,
1526959130.8699,683.20000,0.13700000,b,l,
1526959132.6405,683.20000,0.13700000,b,l,
1526989528.217,686.90000,0.47374082,s,l,
1526959134.5131,683.20000,0.13700000,b,l,
1526959136.5207,683.20000,1.80439426,b,l,
1526959138.8969,683.89000,0.13631933,b,l,
1526929243.1317,689.66000,1.87700000,b,m,
1526959143.6555,683.93000,2.34305469,b,l,
1526959144.5487,684.56000,8.49440226,b,l,
1527005703.8022,679.13000,0.02700000,b,l,
1527014952.2839,673.91000,0.03000000,b,l,
1526990982.491,682.00000,5.00000000,s,l,
1527022456.8451,658.66000,0.00000604,s,m,
1526959154.3719,685.33000,0.50000000,b,l,
1527030094.0065,641.86000,0.10000000,b,m,
1526966885.9557,689.07000,0.02200000,b,l,
1527027551.2034,652.36000,0.02000000,b,m,
1527022090.5876,660.02000,0.67974797,s,m,
1527024706.42,654.86000,0.02600000,b,l,
1527024709.2298,655.06000,0.04900000,b,m,
1527024710.7481,655.00000,0.03390000,s,l,
1527024639.9066,654.38000,1.12878053,b,m,
1527024712.6165,655.00000,2.33208364,s,l,
1527024714.2018,655.00000,2.33208364,s,l,
1527024715.0733,655.00000,0.85390000,s,l,
1526926415.4156,691.82000,0.02762803,b,l,
1527018080.5801,666.05000,0.60992898,b,l,
1527027857.4553,652.00000,0.19700000,s,m,
1527030381.3706,642.53000,0.37766696,b,m,
1526935167.3604,699.50000,14.08310016,b,l,
1527018093.1888,666.97000,0.02400000,b,m,
1527024739.828,655.00000,14.24100000,s,l,
1527024742.4109,655.11000,0.02300000,b,m,
1526945923.1783,696.60000,1.55824610,s,l,
1527016636.2543,668.00000,3.01399311,s,l,
1526959211.1628,685.00000,19.98856650,b,m,
1526931699.8407,693.95000,0.02800000,b,m,
1526956562.442,690.07000,0.02200000,b,l,
1526951101.0105,688.82000,8.29700000,s,l,
1526920983.3458,696.00000,0.00005778,b,l,
1526959850.9062,685.91000,1.18044175,s,l,
1526989331.1582,686.42000,0.55525176,s,l,
1526951102.9107,688.51000,0.41041041,b,l,
1527013599.8469,671.20000,27.63923228,s,m,
1526951535.3469,684.80000,0.02905963,s,m,
1527000784.3957,680.62000,0.08815492,s,m,
1526928303.4536,690.32000,0.02800000,b,l,
1526991998.6022,682.50000,2.00000000,s,l,
1527001190.8323,680.85000,0.02100000,b,m,
1526951104.6961,688.51000,3.00000000,b,l,
1527027563.5702,652.48000,0.02600000,b,m,
1526951762.7168,684.43000,1.88000000,s,l,
1526952865.2305,682.18000,0.22500000,b,l,
1527000258.6643,681.06000,5.00000000,s,l,
1526971176.9484,695.57000,0.02800000,b,l,
1526929442.0323,689.55000,0.02200000,b,m,
1526926482.3371,692.10000,0.02500000,b,m,
1527016643.0682,668.00000,7.00000000,s,m,
1526953740.047,684.85000,0.02400000,b,l,
1526958710.7565,687.49000,0.02400000,b,l,
1526955479.7079,687.98000,0.04800000,b,m,
1527024800.6615,656.99000,0.94000000,b,m,
1526979935.2093,681.89000,2.39261271,s,l,
1527000262.7205,681.34000,0.04000000,b,m,
1526926503.843,691.60000,0.02500000,s,m,
1526926660.7702,693.38000,0.02500000,b,m,
1527024811.6069,656.92000,1.00000000,b,m,
1526923805.9208,696.33000,0.10776064,s,l,
1527011484.4761,673.01000,4.75000000,s,m,
1527024821.5282,656.93000,0.36100000,b,l,
1526951537.8992,685.00000,2.49730000,b,l,
1527016073.6272,672.49000,0.02300000,b,m,
1527025961.0911,650.00000,0.21436395,s,l,
1527024836.641,656.91000,0.02500000,b,m,
1527024191.7858,651.00000,3.60829493,s,m,
1527000593.9095,680.99000,3.38908530,b,m,
1527024844.6436,657.60000,0.02600000,b,m,
1526926544.036,692.44000,0.02600000,b,l,
1527021390.4704,663.74000,0.02900000,b,m,
1526929875.2249,692.42000,0.02500000,b,m,
1527022799.1225,655.51000,0.04300000,b,m,
1526961997.9376,686.00000,0.11521805,s,l,
1526926559.0402,692.10000,0.00001767,s,l,
1526959330.3423,686.97000,1.08100000,b,m,
1527024867.0535,656.89000,0.02800000,b,l,
1526961180.2973,688.20000,0.08568070,b,m,
1526959335.555,685.31000,0.34564556,s,l,
1526920987.9475,696.07000,1.58907754,b,l,
1527006008.3271,677.93000,3.00100000,s,m,
1526956408.866,687.88000,14.50200000,s,m,
1527024880.6815,657.50000,1.23100000,b,m,
1526989352.8365,686.20000,9.56199697,b,l,
1527000275.7883,681.09000,0.02000000,b,l,
1526929243.129,689.50000,6.00000000,b,m,
1527024886.7356,657.20000,1.50000000,b,m,
1526926583.4465,692.44000,0.03757227,b,l,
1527017007.0448,664.77000,0.11000000,s,m,
1526983391.2483,685.57000,0.02100000,b,l,
1526990148.0704,685.00000,1.24164180,b,l,
1527025973.7214,650.00000,2.48600000,s,l,
1527031192.2329,644.99000,7.96640226,s,m,
1527024899.0679,656.17000,0.62053948,s,m,
1527027251.3656,650.72000,7.63980182,s,m,
1526929736.5756,692.08000,0.76400000,b,m,
1527024906.7088,656.88000,2.30094385,b,l,
1526961360.5521,686.20000,3.00000000,s,m,
1526962050.4506,683.38000,0.00238852,s,m,
1527028992.7678,640.60000,0.60000000,s,m,
1526940730.0639,693.27000,8.26900000,s,m,
1526929283.5636,689.17000,0.02200000,b,m,
1527009370.7207,678.88000,3.73495085,b,m,
1526951658.0397,685.51000,1.21425979,b,l,
1526983897.9889,686.81000,0.93505500,b,l,
1526992153.7326,682.03000,0.35253043,b,l,
1526992154.2169,682.47000,3.88733158,b,l,
1527024926.7984,656.50000,14.09878169,s,l,
1527005744.2118,679.20000,0.19004056,s,m,
1526926627.4249,692.63000,0.24866274,b,l,
1527024933.0314,656.51000,0.17588758,s,l,
1526951066.7716,689.52000,7.20200000,s,m,
1527029011.5552,640.12000,0.34811630,s,l,
1527001952.7848,680.43000,0.05000000,b,l,
1527024940.8631,656.50000,6.83610589,s,l,
1527024945.7784,656.32000,0.14918127,b,l,
1527024953.2224,656.76000,0.02600000,b,m,
1527024954.7859,656.76000,0.00100000,b,m,
1526979701.0624,689.00000,1.54920000,s,l,
1527006098.2627,679.72000,0.02800000,b,m,
1526992191.1696,682.47000,1.00000000,b,m,
1526926117.9188,691.90000,0.03800000,b,m,
1526994827.6312,681.41000,0.30095429,s,l,
1526926660.7288,692.67000,0.02500000,b,l,
1527022134.4737,660.00000,81.91574158,s,l,
1527029166.0424,641.78000,0.24723086,b,l,
1527024973.3502,656.99000,0.02000000,b,m,
1527024975.4958,657.19000,1.00000000,b,m,
1527024976.2276,658.10000,0.00100000,b,m,
1526962863.6953,686.16000,6.49000000,b,m,
1527024980.9289,656.06000,0.86805555,s,m,
1527024986.9482,656.90000,0.00100000,b,m,
1526932978.7409,694.03000,0.73508353,s,m,
1526992220.6333,682.47000,0.08711550,b,l,
1526991017.1734,680.00000,2.50500000,b,l,
1526992223.3433,682.40000,0.02181575,b,l,
1526959458.8103,687.85000,0.02800000,b,m,
1527024997.9309,657.37000,0.10444665,b,m,
1527005756.341,679.20000,1.74483695,s,l,
1526926698.1166,692.69000,0.67835585,s,l,
1526927118.5864,692.55000,0.11351869,b,m,
1527025011.4491,657.19000,0.02000000,b,m,
1527015920.7216,671.98000,0.01250000,b,m,
1527023558.124,652.86000,2.77254603,s,m,
1527025017.6691,657.30000,1.50000000,b,m,
1527028762.2282,642.00000,15.57632000,s,m,
1527029029.2566,640.00000,1.66042472,s,l,
1527029091.1655,641.75000,3.51381460,b,m,
1526959491.5113,687.97000,0.17713199,b,m,
1527029996.1028,639.50000,3.00000000,s,m,
1526929302.3941,689.11000,0.02500000,b,l,
1527022799.1088,655.50000,4.00000000,b,m,
1526983916.2157,686.72000,0.85915916,b,l,
1526926730.1261,693.34000,0.04500000,b,m,
1527025035.4667,656.12000,0.41264699,s,m,
1526926734.4267,693.00000,0.32100000,s,l,
1527000680.8147,681.49000,0.02700000,b,m,
1526926740.6192,692.45000,0.08642773,s,m,
1526959509.0907,688.23000,4.97800000,b,m,
1527006101.9691,680.00000,2.36080327,b,l,
1526979861.1531,682.16000,6.00000000,s,m,
1527027611.5825,652.49000,0.38304467,b,m,
1526951066.8412,687.17000,13.50000000,s,m,
1526959530.639,688.00000,0.25000000,s,l,
1526961225.0967,685.50000,0.50000000,s,m,
1526951155.585,688.76000,7.40000000,b,l,
1526930121.1454,692.11000,5.00000000,s,m,
1527022494.4896,655.00000,0.01807257,s,m,
1526979979.1615,680.00000,1.75348302,s,m,
1527029016.8784,640.11000,0.26333982,b,m,
1526934773.3237,698.00000,0.20547233,s,l,
1527027616.3592,652.49000,1.03012569,b,l,
1527018105.904,667.21000,0.02400000,b,m,
1527025097.1813,656.14000,0.17732866,s,l,
1526980030.1541,681.55000,0.72000000,b,l,
1526959563.6114,688.36000,1.20169506,b,m,
1527014855.1566,673.91000,0.02400000,b,m,
1527022244.6393,660.00000,0.51000000,s,l,
1527028762.3732,642.00000,0.05662551,s,m,
1527025111.4882,656.95000,0.02300000,b,m,
1527016949.4575,665.40000,3.57720000,s,l,
1526959581.6341,687.35000,1.19976000,s,l,
1527020288.49,661.97000,5.00000000,b,m,
1526959583.3556,686.80000,8.49440226,s,l,
1526992352.8732,679.50000,0.80000000,s,m,
1527025999.7664,648.11000,0.25000000,s,m,
1526959587.5044,685.48000,1.95000000,b,l,
1526959590.6122,684.23000,0.03100000,b,l,
1526959591.6385,684.23000,6.00000000,b,m,
1526959592.0332,684.23000,0.38338338,b,l,
1526966885.9376,688.69000,0.02500000,b,l,
1527025132.5099,656.64000,1.00000000,b,m,
1527025139.4674,656.14000,0.16363810,s,m,
1526951166.2631,689.98000,0.36679904,b,m,
1527030109.3507,641.84000,3.97300000,b,l,
1527021359.1562,662.88000,0.57387260,b,m,
1527025148.1871,656.00000,1.00000000,s,m,
1526926845.3841,692.40000,0.98990000,s,l,
1526926846.8813,692.40000,1.23195075,s,l,
1526926847.9609,691.76000,0.06396700,s,m,
1526926849.2174,691.76000,0.03879027,s,l,
1527022494.6721,653.88000,7.98243864,s,m,
1526925657.7183,690.07000,2.28160920,s,m,
1527015039.3003,673.99000,0.04800000,b,l,
1527022245.1573,656.00000,3.00000000,s,m,
1526926858.6015,691.75000,0.68824704,s,l,
1526992397.1147,680.49000,4.15690170,s,l,
1526959630.5348,685.44000,0.02800000,b,l,
1527027683.3093,653.47000,0.02500000,b,m,
1526980229.8472,685.86000,14.60400000,b,l,
1526992404.2916,680.60000,1.50000000,s,m,
1527022169.5909,660.01000,1.00000000,s,m,
1527029019.3599,640.00000,0.67541647,s,m,
1526926874.294,691.48000,0.28415017,b,l,
1526926881.105,691.48000,0.00894718,b,l,
1526959650.2371,685.05000,0.00000550,s,l,
1526926885.4079,691.50000,6.11476971,b,l,
1526926887.5444,691.50000,8.47000000,b,l,
1526926888.1064,691.50000,0.71458000,b,m,
1526926890.7139,691.50000,8.69000000,b,l,
1526929875.2142,692.33000,0.02600000,b,m,
1526926893.4144,691.50000,0.75000000,b,m,
1526926894.2561,691.50000,0.18300000,b,l,
1526926897.0372,691.50000,10.50000000,b,l,
1527030111.0735,642.36000,6.49000000,b,m,
1527011251.141,675.97000,0.02100000,b,l,
1527025205.6273,655.25000,2.86079037,s,l,
1526926903.3213,691.50000,8.30000000,b,l,
1526926904.599,691.50000,1.50429481,b,l,
1527025209.9089,655.27000,0.11656337,s,m,
1526926906.4777,691.50000,6.78000000,b,l,
1527002369.3586,680.80000,79.51809636,b,l,
1526926908.7164,691.50000,0.00421606,b,l,
1526926909.4865,691.50000,14.24100000,b,l,
1526926912.2272,691.50000,0.75000000,b,m,
1526991065.9433,679.93000,11.17100000,s,l,
1527025221.4487,655.25000,0.18389511,s,l,
1527025223.1455,655.26000,2.00000000,s,l,
1527025234.9152,655.26000,2.08100000,s,l,
1526959703.8338,685.57000,0.17053050,b,l,
1526926937.937,691.50000,6.55000000,b,l,
1526956539.1217,689.53000,8.49440226,b,m,
1526953743.4146,685.34000,6.32918361,b,l,
1526934467.1647,698.00000,0.67200000,b,l,
1526926954.5485,691.50000,5.79000000,b,l,
1526951186.9398,689.09000,0.04379144,s,l,
1526992494.0356,679.76000,0.41228484,s,l,
1526971192.9894,696.20000,0.32099705,s,l,
1527025981.9833,650.00000,2.45500000,s,l,
1526953734.7303,683.87000,0.13031952,b,l,
1527016723.6209,667.34000,3.07251059,s,m,
1526929302.3743,689.10000,0.04500000,b,l,
1527020524.6937,661.26000,0.02900000,b,m,
1527030464.0642,644.99000,0.07496356,b,m,
1527016724.1591,667.95000,1.00000000,b,m,
1527025274.9871,655.00000,1.00000000,s,m,
1526959584.2892,686.74000,5.98000000,s,l,
1527024658.1551,655.07000,1.88000000,b,m,
1527016726.7636,667.12000,1.63900000,s,l,
1527029023.6987,640.00000,1.59996625,s,m,
1527016728.8772,667.10000,3.00000000,s,l,
1526929347.0091,689.33000,0.62167770,b,m,
1527016729.4157,666.26000,0.10096191,s,l,
1527016730.5064,666.10000,0.12512513,b,l,
1526944578.9777,697.31000,0.02500000,b,l,
1526982105.9832,684.11000,0.02000000,s,l,
1527016731.322,666.70000,0.03200000,b,l,
1526947189.2987,696.74000,0.02200000,b,m,
1526927993.153,690.80000,1.84840644,s,l,
1526963556.2381,685.68000,0.02100000,b,l,
1526953736.7996,684.25000,0.12755486,b,l,
1526927549.1429,691.81000,5.00000000,s,m,
1527019204.7526,665.02000,0.13504920,s,m,
1526951554.403,687.14000,0.14158644,b,l,
1526957378.7795,688.37000,0.49650963,b,m,
1527025336.5483,654.41000,0.27628047,s,l,
1527025340.7023,654.12000,2.46500000,s,l,
1527025341.8388,654.12000,0.42900000,s,l,
1527025343.6559,653.65000,2.46100000,s,l,
1527025344.82,652.70000,2.46500000,s,l,
1527015283.4969,671.62000,0.34609973,b,m,
1527025349.1247,653.10000,2.45100000,s,l,
1527025350.3945,652.74000,1.86200000,s,l,
1526980648.3094,687.89000,9.62179513,s,l,
1526929875.2223,692.38000,0.03100000,b,m,
1527025353.8598,652.70000,2.45336124,s,l,
1527025354.2387,652.70000,2.48300000,s,l,
1527025355.077,652.70000,2.47500000,s,l,
1526961225.0801,686.00000,10.00000000,s,m,
1527000979.0656,680.00000,0.15000000,s,m,
1526964655.297,686.52000,0.02100000,b,l,
1526981376.4343,686.28000,0.10600000,b,m,
1526929358.2912,689.18000,0.76063860,s,l,
1527018114.3609,667.92000,1.00000000,b,m,
1527014163.969,673.50000,0.20000000,b,m,
1526938006.7162,696.05000,0.05412290,s,l,
1526921651.2132,697.00000,0.77600000,b,m,
1527025910.3279,650.41000,0.70240741,s,m,
1526958026.8604,687.01000,0.10000000,s,l,
1526992611.9048,680.00000,5.99520387,b,l,
1526952871.5897,682.17000,0.00000009,b,l,
1527025383.0196,653.22000,3.98962697,s,l,
1526959850.8876,685.95000,0.46504237,s,l,
1527029026.1956,640.00000,0.01000000,s,m,
1527025401.9433,653.22000,0.61000000,b,l,
1527024430.6826,653.59000,0.02600000,b,m,
1526974240.1997,693.75000,0.04100000,b,l,
1526937159.1298,696.45000,0.36880134,s,m,
1526989440.8447,686.89000,0.02500000,b,l,
1527029027.3359,640.00000,6.08896625,s,m,
1526929367.6491,689.39000,0.02200000,b,l,
1526927118.6031,692.97000,0.02600000,b,m,
1526922346.0374,698.60000,0.74887887,b,l,
1527025425.1515,653.01000,0.33546326,s,l,
1527025754.3741,650.75000,0.09461884,b,l,
1527017493.5248,663.63000,2.00000000,s,m,
1527009630.0832,677.03000,0.10000000,s,l,
1527025435.3615,653.02000,0.26160571,b,l,
1527027674.3646,652.75000,0.02200000,b,l,
1526938124.5237,697.70000,0.02300000,b,m,
1527021390.4553,663.69000,0.02300000,b,m,
1527017885.6673,663.97000,1.47445194,b,m,
1526953740.0495,684.86000,0.02100000,b,l,
1526970107.7256,690.58000,0.72406050,b,l,
1526956494.7896,688.41000,6.49000000,s,m,
1527025451.0792,653.34000,0.57090145,b,l,
1526992352.8514,680.26000,8.51000000,s,m,
1526989448.0726,688.68000,5.99812710,b,m,
1527014952.3912,674.00000,9.69637327,b,l,
1527025460.0638,653.34000,1.00000000,b,m,
1526959925.9338,686.38000,0.02400000,b,l,
1526959927.9813,686.86000,0.03700000,b,l,
1526959930.3103,686.88000,0.02400000,b,l,
1526945759.7136,699.17000,0.00208893,s,m,
1526929736.5989,692.11000,1.66954264,b,m,
1526959938.6018,686.90000,0.16553825,s,l,
1527020482.0901,661.00000,0.06429652,s,l,
1527029029.269,640.00000,2.34374900,s,l,
1526959943.6007,687.21000,0.21888228,b,l,
1527025480.3127,653.02000,0.02000000,s,l,
1526925657.6722,690.07000,0.27850000,s,m,
1527011142.3333,675.98000,0.02100000,b,m,
1527025484.9925,653.69000,3.00000000,b,m,
1527025485.0272,653.69000,2.05747105,b,m,
1526927184.931,692.48000,0.40733627,s,l,
1526962863.714,687.44000,5.10000000,b,m,
1527027683.2956,653.08000,0.02300000,b,m,
1527015936.6045,671.99000,0.00650000,b,m,
1526929380.8545,689.57000,0.02100000,b,m,
1527029898.1977,640.73000,0.81117593,b,m,
1526927195.3368,691.85000,10.00000000,s,m,
1526980637.3323,685.66000,0.02800000,b,l,
1526992736.315,679.87000,0.03148858,b,l,
1527025509.8986,652.80000,0.85000000,s,m,
1526945234.227,699.68000,0.02600000,b,l,
1527025515.834,652.62000,0.30425454,b,l,
1526983358.3929,685.59000,0.02100000,b,m,
1527022922.0912,654.11000,4.89000000,s,m,
1526953749.6178,686.25000,0.02100000,b,m,
1526959986.2734,687.90000,0.02800000,b,l,
1526953743.4077,685.20000,0.84690119,b,l,
1526960001.3072,687.96000,4.00000000,s,m,
1526952652.5171,685.02000,0.50000000,s,m,
1526925374.3995,694.26000,4.97259404,s,m,
1527013725.2516,671.82000,0.16956518,s,m,
1527025550.403,652.51000,14.28700000,s,l,
1526945773.672,699.08000,14.27300000,s,l,
1527012322.4628,673.15000,4.95047602,b,m,
1527025553.7481,652.50000,2.00000000,b,l,
1527025555.684,651.48000,1.48655690,s,l,
1527025556.1183,651.48000,2.45900000,s,l,
1527025557.0591,651.00000,1.00000000,s,l,
1527025558.4882,650.62000,2.47300000,s,l,
1526956697.8278,687.77000,0.35001591,s,m,
1526938812.8745,695.05000,0.06800000,s,m,
1526955479.7053,687.54000,0.02800000,b,m,
1526994927.5158,681.31000,0.02940000,b,l,
1526927262.0705,692.40000,0.39790300,b,l,
1527027696.1768,653.00000,10.00000000,s,l,
1527025570.563,650.90000,4.00000000,s,m,
1526945777.6931,698.58000,4.91600000,s,l,
1526991158.7532,678.00000,2.57510906,b,l,
1526934855.5698,698.00000,0.23662141,s,l,
1527015721.8635,671.00000,3.80900824,b,l,
1527029251.7295,640.01000,0.04019882,s,l,
1527025594.2019,652.45000,0.22568612,b,l,
1526932614.416,696.62000,0.02200000,b,m,
1526993244.6874,677.50000,0.08856089,s,l,
1527025598.8732,651.30000,1.50000000,s,m,
1526985175.727,689.36000,3.82894539,b,m,
1527027702.19,653.46000,0.02000000,b,l,
1526961998.4006,686.00000,2.39300000,s,l,
1526929399.8088,689.39000,0.04695300,s,l,
1527014855.1753,673.99000,0.02178750,b,m,
1526992153.7379,682.47000,0.27318247,b,l,
1526949341.1804,697.93000,0.02300000,b,m,
1526927318.9464,692.40000,0.10450156,s,l,
1526929106.5508,688.89000,2.09717872,b,l,
1527022244.704,660.00000,0.50000000,s,l,
1526970113.684,690.59000,0.47778505,b,l,
1526929402.9671,689.58000,0.02500000,b,m,
1527025630.537,652.20000,1.00000000,b,m,
1527022245.0993,657.32000,10.00000000,s,m,
1527022070.7548,660.59000,0.34964965,s,m,
1527024430.6893,653.67000,3.09676557,b,m,
1526987134.392,689.49000,5.30564389,s,m,
1527025641.7379,650.96000,0.25624350,s,l,
1527022247.6484,659.00000,2.33219181,b,l,
1526931924.6843,694.90000,0.09700000,b,m,
1526960110.5879,688.33000,0.23866718,s,l,
1527028221.1976,650.00000,8.70600000,s,l,
1527020086.4822,661.09000,18.37060704,s,m,
1527022249.5851,659.00000,21.36769661,b,l,
1526934868.3465,698.00000,0.25000000,s,m,
1526925991.5455,691.98000,0.02626052,b,m,
1527022250.9134,659.00000,0.09941985,b,l,
1527028993.6842,640.60000,2.00000000,s,m,
1526953128.4389,683.26000,0.02944141,b,l,
1527022494.6628,653.88000,0.00258655,s,m,
1526952779.8874,682.83000,8.70100000,s,l,
1527031652.5996,640.34000,2.58000000,s,m,
1527028763.8348,641.57000,0.17785515,s,m,
1527025678.7678,651.05000,1.00000000,s,l,
1527025679.7034,650.75000,1.00000000,b,l,
1526979935.4517,680.92000,0.67661445,s,m,
1526996302.2489,683.76000,0.00000001,s,l,
1527002410.5395,681.19000,0.02400000,b,l,
1526953748.3586,685.37000,1.40925734,b,l,
1526952178.3816,686.93000,0.02800000,b,m,
1527022494.4823,655.00000,1.50000000,s,m,
1526945797.495,697.71000,11.17100000,s,l,
1526955305.7561,686.56000,6.48435173,b,l,
1526927398.8938,692.75000,0.94900000,b,m,
1526923953.7425,696.86000,0.02600000,b,m,
1527031434.3649,646.31000,8.49440226,s,l,
1527025707.3304,650.31000,0.80683337,s,m,
1526923954.1644,696.32000,0.00046274,s,m,
1526945890.3791,696.60000,0.98990000,s,m,
1526953749.6297,686.86000,1.91300000,b,m,
1527025717.8748,650.74000,0.03682115,b,l,
1526970116.4605,691.00000,0.83900000,b,l,
1527025720.6326,650.32000,0.48362955,s,l,
1526989492.7977,687.43000,0.00040000,s,l,
1526943281.7092,696.95000,0.02600000,b,m,
1526992956.7514,679.32000,2.86199184,s,m,
1526991013.2154,680.00000,0.51826000,s,l,
1526927423.1955,692.41000,0.03174800,b,m,
1527025730.3725,650.74000,0.76928630,b,l,
1527025734.9782,650.75000,1.49700000,b,l,
1526951265.3431,689.90000,0.02200000,b,m,
1527025736.7166,650.75000,1.24238187,b,l,
1527027724.3251,653.47000,0.02800000,b,m,
1527025738.2648,650.34000,2.00000000,s,l,
1526973111.5162,691.36000,0.15641453,s,m,
1527025740.1184,650.75000,1.60000536,b,l,
1527011251.138,675.96000,0.02700000,b,l,
1526979937.5192,680.70000,0.40890757,s,m,
1527025744.7939,650.75000,1.10411679,b,l,
1527025745.4603,650.75000,2.30842566,b,l,
1527025746.6783,650.75000,0.04899583,b,l,
1527025748.6809,650.74000,0.23900000,b,l,
1527025754.3706,650.74000,0.31788394,b,l,
1527025756.415,650.73000,0.10774639,b,l,
1527025762.8884,650.75000,0.48995436,b,l,
1526951270.7452,690.00000,0.34358232,b,m,
1527014362.732,674.07000,0.02400000,b,l,
1526927466.4333,692.41000,0.18600000,b,l,
1526929746.5157,692.10000,0.02200000,b,l,
1527027730.8955,653.48000,0.50000000,b,m,
1526955533.9263,688.32000,0.05000000,b,m,
1526963744.4499,685.21000,0.37789558,s,m,
1526932797.0376,696.44000,0.06747403,b,l,
1526960245.7825,688.38000,0.08593371,s,l,
1526947189.3067,697.19000,0.02500000,b,m,
1526943112.8358,694.00000,0.24800000,b,l,
1526927483.2239,692.42000,0.05450000,b,m,
1526927487.2406,692.41000,0.02889962,b,l,
1527025794.0721,650.75000,0.38945122,b,l,
1526934891.4786,698.00000,0.04538100,s,l,
1527025797.5464,650.75000,0.13342102,b,l,
1527014855.178,673.99000,0.02188496,b,m,
1526927495.7726,692.40000,0.89549844,s,l,
1527025800.109,650.75000,1.00652561,b,l,
1527016159.2823,672.39000,4.79726343,b,l,
1526928144.1951,690.53000,1.15385035,b,m,
1527008000.1163,677.84000,0.00000167,s,m,
1527025816.1441,650.75000,8.57888590,b,l,
1526947697.1122,696.33000,0.26239669,s,m,
1526952001.1032,686.01000,0.20000000,s,m,
1527002749.597,681.50000,0.34620020,b,l,
1527025826.3897,650.74000,0.61884751,s,l,
1527022518.8546,652.00000,5.20000000,s,m,
1527022494.5516,654.00000,15.31901895,s,m,
1527023797.0786,652.99000,0.10857876,b,m,
1526935596.4428,696.20000,5.52879858,s,m,
1527022279.8768,658.04000,1.82393656,s,m,
1526946982.4401,694.51000,1.88000000,s,m,
1527025844.7105,650.42000,3.00000000,s,m,
1526958026.8638,687.00000,210.20668147,s,l,
1527025847.3513,650.75000,0.32632633,b,l,
1526933022.6132,693.95000,0.00000023,s,l,
1526927549.1561,690.48000,12.96220320,s,m,
1526993089.2755,680.02000,7.00000000,s,m,
1526927555.7788,691.01000,0.75000000,s,m,
1527024430.7197,654.15000,13.50000000,b,m,
1526929442.0452,689.59000,0.02500000,b,m,
1526993102.0541,678.75000,0.05900000,s,m,
1526952722.3892,685.00000,0.10000000,s,l,
1527026416.866,647.98000,4.57439393,b,m,
1527025879.5883,650.75000,10.00000000,b,m,
1527025880.2041,650.75000,15.38461000,b,m,
1527025883.7379,650.75000,1.50056940,b,l,
1526985667.5495,688.99000,0.00010301,b,l,
1527024800.6786,657.91000,13.50000000,b,m,
1527020524.6884,661.06000,0.02900000,b,m,
1527025889.549,650.41000,0.01526805,s,l,
1527022496.1557,653.88000,2.00000000,s,m,
1527030134.2814,642.82000,13.50000000,b,m,
1527027751.0194,653.48000,0.02000000,b,l,
1527022290.7374,658.06000,4.66400000,s,m,
1527025903.1766,650.74000,0.10477828,b,l,
1526960372.1116,688.40000,0.09974103,s,m,
1526951294.7335,690.00000,0.95900000,b,m,
1527025910.3334,650.27000,5.83209669,s,m,
1526959491.5628,688.50000,1.20400000,b,m,
1527025917.155,650.75000,0.96384880,b,l,
1527013541.9271,673.65000,0.89097452,b,m,
1527022293.6192,658.06000,1.42498573,s,l,
1526927997.9505,690.00000,0.28985507,s,l,
1526993154.8667,678.76000,2.72927775,s,m,
1527025923.8364,650.75000,0.96992926,b,l,
1526993156.5624,678.70000,14.72500000,s,l,
1526980242.9493,686.02000,1.46723901,s,l,
1527025928.7216,650.29000,0.90012169,s,l,
1527025929.616,650.28000,2.49800000,s,l,
1527025931.2523,650.30000,2.47600000,s,l,
1527025932.0775,650.28000,2.32412169,s,l,
1527025933.9909,650.28000,2.48500000,s,l,
1527025934.0377,650.40000,1.50000000,s,l,
1527025935.2115,650.15000,2.46400000,s,l,
1526989528.2142,686.90000,0.75161076,s,l,
1526925387.2577,694.70000,0.33768684,b,l,
1526984320.2216,686.98000,0.04700000,b,l,
1527025942.2156,650.74000,0.07648884,b,m,
1527025943.9163,650.75000,0.40000000,b,m,
1527025980.8409,650.00000,0.18000000,s,m,
1527005434.5603,677.48000,0.00001915,s,m,
1527025948.6768,650.21000,4.20000000,s,m,
1527022298.5404,658.00000,2.09831307,b,l,
1527025953.727,650.75000,0.12418099,b,l,
1527025954.2822,650.16000,0.20000000,s,m,
1526951066.9004,686.24000,0.57422651,s,m,
1527025960.9207,650.00000,1.78563605,s,l,
1527025961.9343,650.00000,2.45200000,s,l,
1527022494.4219,656.02000,10.00000000,s,m,
1527025964.5708,650.00000,2.49900000,s,l,
1527025965.8214,650.00000,2.48000000,s,l,
1527025966.0179,650.00000,2.50000000,s,l,
1527025967.9194,650.29000,0.41623156,b,l,
1526993200.1864,678.48000,1.02000000,s,l,
1527025969.8938,650.00000,2.46200000,s,l,
1527025970.3486,650.00000,2.49900000,s,l,
1527025971.0617,650.00000,2.47000000,s,l,
1527025973.7817,650.00000,2.49000000,s,l,
1527025974.0927,650.00000,2.45200000,s,l,
1526982127.3999,684.57000,4.89618148,b,l,
1527025976.6295,650.00000,15.00000000,s,m,
1527025977.9052,650.00000,2.47800000,s,l,
1527025978.3887,650.00000,2.46400000,s,l,
1527025979.3434,650.00000,2.48400000,s,l,
1527025980.2027,650.00000,2.47400000,s,l,
1527025981.553,650.00000,2.47700000,s,l,
1527025982.3724,650.00000,2.46500000,s,l,
1527025983.8906,650.00000,2.47900000,s,l,
1527025984.1072,650.00000,5.55000000,s,l,
1527022304.7326,658.00000,2.37548800,b,l,
1527029046.0247,639.19000,0.35000000,s,l,
1527025988.6252,650.00000,6.43000000,s,l,
1526993221.4589,677.91000,0.05245405,s,l,
1527025991.9708,650.00000,0.39555885,s,l,
1526993225.2823,677.70000,0.20000000,s,l,
1526959043.7288,687.00000,2.14628381,s,l,
1526942847.9618,693.89000,1.02491014,s,m,
1526960462.6083,688.38000,1.44473038,s,l,
1527025999.7476,648.11000,1.87500000,s,l,
1527026000.0511,648.11000,2.45400000,s,l,
1527026001.6843,648.12000,3.63600000,s,m,
1526979935.449,681.00000,0.25000000,s,m,
1527026004.0345,648.60000,1.50000000,s,m,
1527022070.7705,660.59000,0.96246036,s,m,
1527027769.035,653.43000,0.50000000,b,m,
1527022308.7907,658.00000,3.95800000,b,l,
1526960475.907,686.17000,0.20000000,s,l,
1526993244.72,677.00000,1.60366518,s,l,
1527030138.9288,642.08000,0.03000000,b,m,
1527025982.5302,650.00000,2.48900000,s,l,
1526993250.9089,676.12000,0.41712658,s,l,
1526993251.1992,676.11000,0.52000000,s,l,
1526993252.3977,676.90000,0.24304304,b,l,
1526993253.0454,676.90000,1.95005005,b,l,
1526949703.9875,696.84000,5.00000000,s,m,
1527027772.9675,653.48000,20.58900000,b,l,
1526996302.2439,683.77000,3.59800000,s,l,
1526993261.8345,676.13000,2.49190000,s,l,
1526993266.0333,676.20000,0.52000000,b,l,
1526952003.8096,685.75000,25.00000000,s,m,
1527011484.4021,674.48000,2.00000000,s,m,
1527026037.4913,648.38000,2.48000000,s,l,
1527026038.4593,648.38000,2.46600000,s,l,
1527026039.9715,648.35000,2.31220078,s,l,
1527026040.4094,648.39000,2.48800000,s,l,
1526993273.5727,676.90000,0.76096096,s,l,
1526952003.8377,685.00000,0.38427000,s,m,
1526993279.1072,677.18000,0.67531824,b,l,
1526993281.6561,677.18000,2.15508887,b,l,
1527022315.0407,658.00000,0.53019303,b,l,
1527026053.3346,648.41000,6.32600000,s,l,
1526926482.3267,691.94000,0.02800000,b,m,
1527026055.9176,649.70000,1.00000000,b,m,
1527026056.9387,648.44000,0.79571760,s,l,
1526993289.2564,677.17000,2.84947573,b,l,
1526993290.8761,677.19000,0.17900000,b,l,
1527026060.3245,648.51000,1.00000000,s,m,
1526983221.2664,685.56000,9.00298118,b,m,
1527026062.2276,648.51000,0.39298689,s,m,
1526927760.6806,692.12000,0.02800000,b,m,
1526967704.2309,688.49000,0.15100000,b,m,
1527026066.7427,648.04000,10.00000000,s,l,
1527026067.8077,648.50000,1.00000000,s,m,
1527005934.7347,679.07000,0.02400000,b,m,
1526953762.7584,690.00000,0.28872934,b,m,
1527016857.691,666.00000,10.00000000,s,l,
1527011361.1183,675.04000,0.00000670,s,m,
1527027781.5724,652.00000,0.59301284,s,l,
1526994061.409,679.60000,3.39540000,b,l,
1526991065.9229,679.99000,7.80300000,s,l,
1527000680.8258,681.70000,0.19700000,b,m,
1527026090.238,648.46000,0.39809635,s,m,
1527028736.38,645.13000,0.51313146,b,m,
1526960556.5379,686.56000,6.95000000,b,l,
1527000593.9174,681.35000,0.04155689,b,m,
1526993329.3296,677.59000,0.30320000,b,l,
1527026099.784,648.88000,0.05212000,b,m,
1527026100.7171,648.88000,0.18953372,b,l,
1527022503.9951,656.61000,3.21240000,s,m,
1527022324.5787,657.33000,0.92000000,s,m,
1526953762.7241,690.00000,3.96127066,b,l,
1526927804.3631,692.21000,4.00000000,b,m,
1526927807.5568,692.20000,0.02200000,b,m,
1526960579.5192,686.65000,0.75000000,s,l,
1526952003.8343,685.00000,0.72121241,s,m,
1527026123.406,648.91000,0.03191690,s,l,
1526993356.7046,677.25000,9.29100000,s,l,
1527027789.5953,652.81000,2.47700000,b,l,
1526953762.6896,687.99000,0.14385600,b,l,
1527022504.0076,656.40000,0.03466551,s,m,
1526929486.9766,688.10000,1.00000000,s,m,
1526993366.7863,677.25000,0.18738532,s,l,
1527011142.3308,675.97000,0.02400000,b,m,
1526926482.3791,693.59000,2.97539270,b,m,
1526951333.8593,689.99000,0.03500000,b,m,
1526927840.6381,692.80000,0.02600000,b,m,
1526960610.0178,686.66000,0.30673388,s,l,
1526950490.2947,693.21000,0.48259774,s,m,
1527024430.6455,652.50000,1.62962727,b,m,
1526960614.2226,687.00000,1.66649094,b,l,
1526960616.5569,687.00000,4.87535136,b,l,
1526960620.74,687.02000,0.05428166,s,l,
1526962258.1744,683.28000,0.03723447,s,m,
1526993390.1941,677.29000,0.18706342,b,l,
1526993391.5229,676.90000,5.74000000,s,l,
1527026161.4573,648.74000,0.22297472,b,l,
1527029052.3449,639.20000,0.22404641,s,m,
1527026349.3534,647.46000,8.20300000,s,l,
1527028743.7075,645.00000,0.17562420,s,l,
1527022494.3466,658.00000,15.00000000,s,m,
1526927877.3889,692.41000,0.02900000,b,m,
1526986920.7534,691.19000,0.02200000,b,m,
1527022245.2469,655.60000,5.24400000,s,m,
1526930121.1838,690.07000,2.16635558,s,m,
1526927888.7423,692.48000,0.02800000,b,m,
1527026193.9621,648.74000,0.05000000,b,l,
1526926723.7694,692.48000,0.13424352,s,m,
1526973187.7975,691.98000,1.33021229,b,l,
1526987590.8383,687.91000,1.88000000,s,m,
1526927893.4725,692.30000,0.67318560,b,l,
1526929497.8699,689.71000,0.02200000,b,m,
1526993439.3888,676.59000,7.14110130,s,l,
1526950492.1974,693.22000,0.48167796,s,m,
1526991163.4564,678.00000,2.28478478,b,l,
1527015960.3457,672.00000,0.92600000,b,m,
1527026218.4375,648.51000,2.56323217,s,l,
1526927915.2804,693.23000,0.02200000,b,m,
1527001952.7992,680.48000,0.02700000,b,l,
1527026223.5423,648.74000,0.37411021,b,l,
1527030145.7705,643.11000,0.06625378,b,l,
1527016883.2004,666.00000,1.12057830,s,l,
1527026228.2832,648.75000,0.23076923,b,l,
1526976106.5811,693.96000,10.56740952,b,m,
1527024742.4242,655.31000,0.02900000,b,m,
1527020769.5273,662.33000,0.02300000,b,m,
1526927934.3398,692.75000,0.02500000,b,m,
1526993474.7534,676.90000,0.30000000,b,m,
1527025982.3144,650.00000,2.48100000,s,l,
1527026245.7983,648.74000,0.40000000,s,m,
1527026246.6687,648.74000,2.00000000,s,m,
1526995041.7679,682.32000,0.03655404,b,l,
1527026252.311,648.74000,4.77924041,s,l,
1526945890.3823,696.60000,1.23195075,s,m,
1526984619.8053,687.99000,0.04045840,b,l,
1526927952.2276,692.72000,0.02900000,b,l,
1526951352.3329,689.27000,1.83341110,s,l,
1526970134.3141,691.90000,0.04800000,b,l,
1527026265.1877,648.11000,0.31182279,s,m,
1527026266.2062,648.69000,1.22776545,b,l,
1527012322.1321,672.65000,0.02300000,b,m,
1527012234.0885,672.97000,0.10000000,s,l,
1527026272.6132,648.69000,0.05000000,b,l,
1526980229.85,685.87000,13.50000000,b,l,
1526934971.0008,698.19000,0.02200000,b,m,
1526993509.2382,676.59000,1.37944614,s,m,
1526986920.8056,693.01000,0.02600000,b,m,
1526955950.8468,688.54000,0.02500000,b,m,
1527009310.6729,678.89000,1.50000000,b,m,
1526993517.0234,676.97000,0.38491451,b,l,
1526993519.2664,676.99000,1.02000000,b,l,
1527027816.8889,652.51000,0.10000000,b,m,
1526927988.2095,691.54000,5.00000000,s,l,
1526927991.3484,690.84000,2.88389765,b,l,
1526927992.7708,690.80000,1.69159356,s,l,
1526927993.3658,690.64000,3.42100000,s,l,
1526984320.2192,686.91000,0.02400000,b,l,
1526927996.9282,690.02000,0.49000000,s,l,
1526927997.9545,690.00000,0.20000000,s,l,
1526928001.2756,689.80000,0.10000000,b,l,
1526926009.1894,690.62000,0.20139344,s,m,
1526979937.5248,680.65000,0.47275586,s,m,
1527026308.7425,647.40000,5.00000000,s,m,
1526993541.9791,677.49000,0.02000000,b,m,
1527026310.4791,648.69000,0.05000000,b,l,
1527026312.4619,647.41000,2.00000000,s,m,
1527026313.8394,647.42000,0.02000000,s,l,
1526934978.2983,698.69000,0.76436813,b,m,
1527029057.9548,639.16000,1.05641873,s,m,
1526928017.3223,689.20000,0.71360100,b,l,
1527016899.3193,666.00000,2.30000000,s,m,
1526928020.3572,689.03000,0.10000000,s,m,
1526993557.5597,677.68000,0.44194269,b,l,
1526979937.5222,680.70000,0.09109243,s,m,
1527026419.5885,647.54000,0.08642773,s,m,
1526941767.7678,693.98000,0.02168919,b,l,
1526989594.5896,686.49000,0.44166440,b,l,
1526993570.3714,677.67000,0.05102156,b,l,
1526993571.8367,677.68000,2.80530531,b,l,
1526928041.6246,689.00000,0.20000000,s,m,
1527000519.3338,680.95000,0.02000000,b,m,
1527026348.4045,648.68000,0.05000000,b,l,
1527026349.3738,647.30000,2.11473794,s,l,
1526928717.7931,687.77000,0.10995793,s,m,
1527026353.5,647.49000,1.00000000,s,m,
1526961999.7662,684.00000,0.10000000,s,m,
1526925861.7995,690.88000,0.07080804,b,m,
1527024237.3718,650.26000,5.21468567,s,m,
1526945909.395,697.01000,0.00259314,s,m,
1527026368.3298,648.64000,0.12000000,b,m,
1527026370.8467,647.51000,2.00000000,s,m,
1527026371.2169,648.59000,2.00000000,b,m,
1526928069.2382,689.18000,0.06300000,b,l,
1526993606.064,677.68000,1.54686445,b,m,
1526993608.9961,677.68000,0.15645646,b,l,
1526953771.0604,689.84000,0.21097882,b,l,
1526993610.021,677.68000,0.15560741,b,l,
1526948667.191,697.91000,0.59000000,b,m,
1526993244.7222,677.00000,5.00000000,s,l,
1526993614.6718,677.60000,0.08854782,s,l,
1526928079.9249,689.25000,1.00000000,b,m,
1526951589.8053,686.18000,0.14534000,s,m,
1527026387.531,647.98000,0.05000000,b,l,
1526993621.4717,677.68000,6.61000000,b,l,
1527017091.1726,665.35000,0.13046332,b,l,
1526928087.657,689.75000,0.02800000,b,m,
1526993624.2146,677.68000,3.87725490,b,l,
1527005988.4051,678.63000,0.02400000,b,l,
1526985175.7236,689.26000,5.74000000,b,m,
1527023604.0826,653.30000,2.88382274,b,l,
1526989605.8572,686.50000,4.22201246,b,l,
1526928098.6896,689.91000,0.02500000,b,m,
1526978683.7748,690.52000,1.10000000,s,m,
1526938203.1083,698.85000,8.53300000,b,m,
1527000529.9564,680.10000,0.05473296,s,m,
1527029060.8326,639.16000,0.01700000,s,m,
1527011452.9297,675.50000,0.44700000,s,m,
1526947457.4782,697.52000,0.09587620,b,l,
1526962301.8403,683.68000,0.29497250,s,m,
1527026416.8618,647.97000,0.42560607,b,m,
1526989608.1715,686.50000,7.05393775,b,l,
1527026419.5947,647.54000,0.08000000,s,m,
1526989609.421,686.50000,9.00000000,b,l,
1526960888.7151,687.04000,0.08711126,s,l,
1527016314.341,671.35000,9.20900000,b,m,
1526962303.1972,684.20000,0.02500000,b,l,
1526960895.8974,685.77000,0.00047725,s,m,
1527023801.1067,652.01000,2.22092246,s,m,
1526962304.845,684.29000,5.42030727,b,l,
1527026419.5854,647.54000,0.06357227,s,m,
1526928132.6084,689.94000,0.22525103,b,m,
1527016918.2441,666.00000,0.00278731,s,l,
1527026438.9058,647.97000,0.31230585,b,l,
1527011603.6535,673.81000,1.00230667,s,m,
1527026441.5053,647.78000,0.08507601,b,l,
1526965588.5509,686.71000,4.66000000,s,m,
1526929538.49,689.75000,0.55309628,b,m,
1526989613.8073,686.50000,4.54509628,b,l,
1526928144.1843,690.53000,5.42714965,b,m,
1527026451.4088,647.57000,0.55000000,s,m,
1527008330.6688,678.00000,0.00000395,b,l,
1527003849.0735,680.08000,0.14000000,b,l,
1526993692.6713,679.00000,0.23100000,b,m,
1526928159.9484,690.46000,0.00703563,b,m,
1526928160.0812,690.47000,0.02200000,b,m,
1526953774.1659,690.34000,2.98049856,b,l,
1526928168.2892,690.44000,0.14000000,b,m,
1526994146.1826,682.29000,0.02500000,b,m,
1527026474.1947,647.98000,5.00000000,b,l,
1527026481.591,647.60000,0.53000000,s,l,
1526924314.26,696.95000,1.16429811,b,l,
1526928179.3122,690.42000,0.00017126,b,m,
1527005058.8708,678.32000,0.09713974,s,m,
1526928191.8659,690.38000,0.62552521,b,l,
1527029063.3005,639.17000,1.03200000,s,l,
1526993732.7216,679.10000,1.00000000,s,l,
1526981761.2815,684.29000,0.02515189,s,l,
1526935117.6332,700.00000,1.12200000,b,m,
1527026503.7031,647.98000,2.00000000,b,m,
1526928203.9957,690.79000,0.17182800,b,m,
1527027853.2647,652.01000,0.22190558,s,l,
1527006008.2344,678.48000,4.49640226,s,m,
1527016931.0034,666.01000,0.02000000,b,m,
1526928212.6292,690.38000,0.02200000,b,m,
1526928213.0211,690.00000,0.19999980,s,l,
1526926482.3181,691.84000,0.02500000,b,m,
1526969768.3221,695.04000,0.12587400,b,m,
1526954867.5224,685.31000,0.02100000,b,l,
1526951535.3225,685.00000,0.37500000,s,l,
1527020372.159,661.49000,0.02900000,b,l,
1527026526.1476,647.40000,0.91754000,s,m,
1526920973.4947,695.98000,0.02100000,b,l,
1526960994.3013,686.01000,4.66000000,s,l,
1526960995.2225,686.96000,0.02500000,b,l,
1527019244.2542,662.62000,5.64430000,s,m,
1527027857.478,651.18000,0.08711057,s,m,
1527026537.8745,647.42000,0.01895225,s,m,
1527016935.5954,665.54000,0.17832100,s,l,
1527016936.126,665.99000,0.67832100,b,l,
1527025960.5989,650.15000,1.08000000,s,l,
1526962945.7976,686.40000,0.02400000,b,m,
1527022518.877,651.97000,13.50000000,s,m,
1526970555.1059,692.04000,0.02500000,b,l,
1527005060.0553,679.45000,0.03700000,b,m,
1526990982.952,681.00000,2.70850000,b,l,
1526993793.9141,678.37000,2.59797955,b,l,
1526932638.038,696.94000,0.05500000,b,m,
1527015873.4116,671.98000,0.02000000,b,l,
1527026567.5379,647.97000,0.15750959,b,l,
1526995105.6138,683.80000,0.00000862,b,m,
1527000696.8684,681.39000,0.02800000,b,l,
1526982264.8673,685.41000,0.02100000,b,l,
1526991067.9909,679.66000,2.41101237,s,l,
1526954869.1164,685.38000,0.02500000,b,l,
1527004086.1356,679.00000,0.04500000,s,m,
1527026586.4581,647.50000,4.44800000,s,m,
1527016493.5821,669.00000,4.69929872,s,m,
1526928998.6379,688.70000,0.02500000,b,m,
1527026600.7961,647.97000,0.07496111,b,l,
1527011484.395,675.00000,25.64199289,s,m,
1526941882.5876,693.98000,0.02800000,b,m,
1526951067.0965,685.75000,0.01744408,s,m,
1526983916.166,686.71000,0.02100000,b,l,
1526928303.4747,690.32000,1.91700000,b,l,
1526928304.3651,690.31000,2.62007730,s,l,
1526930865.6746,693.34000,0.23443249,s,l,
1527022520.3,655.90000,0.63974358,b,m,
1527014855.1725,673.99000,0.02165708,b,m,
1526928313.489,690.31000,0.32237730,s,l,
1526928314.6476,690.31000,0.52407540,s,l,
1526961417.2851,687.47000,0.02200000,b,m,
1526928317.8256,690.32000,0.02500000,b,l,
1527016949.5436,664.30000,11.71416488,s,m,
1527024237.3572,650.51000,0.02836593,s,m,
1527026628.0642,647.75000,0.50000000,s,l,
1527025794.067,650.74000,0.30123526,b,l,
1526995105.6103,683.50000,5.74000000,b,m,
1527026633.3092,648.06000,0.03800848,b,l,
1527026639.591,648.72000,5.00000000,b,m,
1527026640.1822,648.09000,4.71000000,s,m,
1526938124.5173,697.00000,5.93881689,b,m,
1526995107.1155,682.47000,0.00027710,s,m,
1526928340.4922,690.00000,0.10000000,s,l,
1527028762.2772,642.00000,1.01536785,s,m,
1526928343.8806,690.00000,0.50000000,b,m,
1526934925.7944,698.14000,0.02500000,b,m,
1527026651.4603,649.45000,35.00000000,b,m,
1526965828.7148,686.34000,2.68760000,s,m,
1526926482.3698,693.55000,2.13470677,b,m,
1527023079.5195,655.00000,1.37564597,s,l,
1526951419.9237,689.06000,0.02500000,b,m,
1527026660.9927,649.52000,15.38600000,b,m,
1527024430.5224,651.40000,3.00000000,b,m,
1527029965.6896,640.00000,2.46700000,b,l,
1527026664.671,649.30000,1.50000000,b,m,
1527000572.1768,680.52000,0.02700000,b,l,
1526961131.6014,686.91000,2.92411618,s,l,
1527006155.4938,679.99000,0.02700000,b,m,
1526961138.309,686.54000,7.92411618,s,l,
1527022419.2524,658.63000,0.37200000,s,m,
1526980243.8919,686.02000,1.51112757,s,l,
1527012322.4282,673.15000,0.16660000,b,m,
1526929577.6219,689.97000,0.02800000,b,m,
1526940500.9126,694.31000,0.02500000,b,l,
1526961146.7769,686.93000,0.18829470,s,l,
1526969935.5613,690.41000,9.99967185,s,m,
1527022494.439,655.23000,27.23800000,s,m,
1526947294.9062,698.07000,0.66320884,b,m,
1527022422.1388,659.96000,0.02000000,b,m,
1527028763.8409,641.57000,1.20000000,s,m,
1527026700.7838,649.52000,0.03000000,b,m,
1527022523.1765,655.89000,0.88796493,b,l,
1526936860.252,696.65000,0.00000718,s,m,
1527029070.0359,639.99000,3.00000000,b,m,
1526961173.8499,686.27000,2.96460555,s,l,
1526961450.8894,687.45000,0.02100000,b,m,
1527026715.5857,649.71000,0.03000000,b,m,
1526961180.3021,688.20000,6.55059974,b,m,
1526991067.9885,679.66000,0.58787785,s,l,
1526928417.1026,689.04000,0.37000000,s,m,
1527026722.2081,649.75000,0.89000000,b,m,
1527024706.3834,654.41000,0.05064415,b,l,
1527013599.8186,671.50000,0.20000000,s,m,
1527024800.6501,656.21000,0.57182080,b,m,
1526993960.2804,678.20000,0.23952077,s,l,
1527022524.8856,655.89000,0.21691670,b,l,
1526979792.3382,687.00000,2.54517608,s,l,
1526961627.0201,687.93000,0.03287947,b,l,
1526976106.5205,692.89000,0.02900000,b,m,
1526962356.7868,685.52000,0.15307420,s,l,
1527028762.2197,642.21000,16.44761942,s,m,
1526928444.6915,689.87000,0.12356653,b,l,
1526991013.1688,680.88000,0.77065427,s,l,
1526961225.0856,685.64000,2.55000000,s,m,
1526961226.4878,686.27000,1.48000000,s,l,
1526928459.5437,689.97000,0.02800000,b,m,
1526985175.7123,688.96000,0.02800000,b,m,
1526988890.4227,685.80000,0.00010331,b,l,
1526961241.8271,687.89000,6.00000000,b,m,
1527012617.9229,671.67000,3.60849865,b,l,
1527022494.6298,653.88000,0.03019943,s,m,
1527026786.3857,649.84000,15.56872743,b,m,
1527000593.9359,681.70000,1.46940106,b,m,
1526952735.531,684.00000,5.50000000,s,l,
1526989671.2471,686.08000,0.06259887,s,l,
1527026796.6397,649.99000,0.03900000,b,m,
1527026798.1192,649.90000,1.92381685,s,l,
1527026800.0524,650.68000,0.04500000,b,m,
1526961173.8044,686.93000,2.03539445,s,l,
1526994035.4925,678.29000,0.51792770,s,m,
1526928500.9599,689.99000,5.00000000,b,m,
1526929746.4813,691.99000,0.02500000,b,l,
1527018162.5429,667.86000,0.07049004,b,l,
1526994040.6152,679.44000,0.02700000,b,l,
1526928505.7944,689.94000,1.55115553,s,l,
1527017071.9391,665.34000,0.02600000,b,m,
1526928511.9964,689.00000,0.60000000,s,m,
1526928512.0098,689.00000,1.50897178,s,m,
1527022527.1607,655.90000,5.00000000,b,l,
1527026825.9233,649.91000,2.00000000,s,m,
1526928524.1904,689.69000,5.00000000,b,m,
1526994061.4197,679.60000,9.00000000,b,l,
1526965273.8569,687.46000,0.10758410,b,l,
1526995388.1812,682.64000,0.00002885,s,m,
1526928530.8143,689.68000,0.25000000,b,m,
1526994068.6501,680.22000,0.02100000,b,l,
1526989678.8718,686.50000,0.03131232,b,l,
1526956331.6437,689.01000,0.00005832,b,m,
1526981989.2083,684.41000,0.40975088,b,l,
1526951450.2935,686.24000,1.29000000,s,l,
1526940528.7547,694.44000,0.02200000,b,l,
1527031257.4656,646.55000,0.02700000,b,m,
1526994083.663,681.30000,0.04900000,b,m,
1526961319.7065,686.22000,14.66700000,s,m,
1527022552.5255,652.30000,2.45472098,s,m,
1527030625.0506,644.60000,0.46929455,b,l,
1526979701.0539,689.07000,0.18571622,s,l,
1526986813.8861,691.27000,0.02800000,b,m,
1526996130.7671,684.90000,0.00000862,b,m,
1526935072.1489,698.02000,31.88224390,b,l,
1527026883.4068,650.00000,0.15000000,s,m,
1526951457.1079,686.21000,2.68810000,s,m,
1526929612.2306,689.99000,0.02500000,b,m,
1526945234.2238,699.67000,0.03900000,b,l,
1527006071.6194,679.58000,0.03000000,b,l,
1526961360.5488,686.64000,0.35421172,s,m,
1527022456.8428,658.66000,0.00232917,s,m,
