time,bid,ask
1526988801,683.12000,684.78000
1526988802,683.13000,684.78000
1526988804,683.13000,684.50000
1526988806,683.13000,684.77000
1526988808,683.20000,684.77000
1526988809,683.20000,684.76000
1526988811,683.14000,684.76000
1526988813,683.14000,684.50000
1526988816,683.14000,683.20000
1526988820,683.28000,684.72000
1526988821,683.83000,684.72000
1526988822,683.28000,684.02000
1526988824,684.17000,684.72000
1526988825,683.67000,684.72000
1526988826,684.08000,684.78000
1526988828,684.20000,685.07000
1526988830,684.87000,685.07000
1526988833,684.21000,685.07000
1526988834,684.87000,685.07000
1526988837,684.90000,685.65000
1526988838,684.90000,685.85000
1526988840,684.87000,685.64000
1526988845,684.91000,685.64000
1526988846,684.91000,685.85000
1526988853,684.91000,685.84000
1526988866,684.91000,685.83000
1526988878,684.91000,685.82000
1526988879,684.91000,685.83000
1526988881,684.91000,685.81000
1526988885,684.91000,685.83000
1526988886,684.91000,685.85000
1526988888,684.91000,685.80000
1526988890,686.00000,686.07000
1526988892,684.91000,685.98000
1526988894,684.91000,685.80000
1526988898,684.91000,685.79000
1526988900,684.53000,685.70000
1526988903,684.53000,685.69000
1526988904,684.23000,685.69000
1526988905,684.24000,685.68000
1526988906,684.40000,685.68000
1526988907,684.23000,685.67000
1526988910,684.08000,685.45000
1526988912,684.08000,685.44000
1526988914,684.09000,685.44000
1526988915,684.09000,685.43000
1526988916,684.09000,685.40000
1526988917,684.09000,685.43000
1526988918,684.09000,685.42000
1526988922,684.09000,685.41000
1526988923,684.10000,685.40000
1526988924,684.09000,685.41000
1526988928,684.10000,685.41000
1526988930,684.09000,685.42000
1526988933,684.09000,685.40000
1526988938,684.14000,685.40000
1526988940,684.20000,685.65000
1526988942,684.09000,685.65000
1526988946,684.10000,685.65000
1526999747,683.50000,683.84000
1526988948,684.12000,685.65000
1526988951,684.13000,685.65000
1526988953,684.14000,685.50000
1526988955,684.14000,685.66000
1526988959,684.14000,685.50000
1526988961,684.14000,685.65000
1526988962,684.15000,685.65000
1526988965,684.20000,685.65000
1526988966,684.15000,685.65000
1526988967,684.18000,685.65000
1526988969,684.19000,685.65000
1526988974,684.20000,685.65000
1526988975,684.30000,685.65000
1526988976,684.31000,685.65000
1526988983,684.31000,685.66000
1526988985,684.32000,685.60000
1526988987,684.32000,685.66000
1526988989,684.34000,685.66000
1526988993,684.35000,685.66000
1526988996,684.40000,685.66000
1526988998,684.41000,685.66000
1526989002,684.41000,685.60000
1526989004,684.41000,685.66000
1526989006,684.41000,685.76000
1526989008,684.50000,685.76000
1526989010,684.44000,685.76000
1526989012,684.45000,685.76000
1526989015,684.50000,685.76000
1526989017,684.48000,685.76000
1526989019,684.49000,685.76000
1526989020,684.50000,685.76000
1526989023,684.51000,685.76000
1526989027,684.54000,685.76000
1526989029,684.55000,685.76000
1526989030,684.60000,685.76000
1526989033,684.55000,685.76000
1526989034,684.58000,685.76000
1526989041,684.60000,685.76000
1526989043,684.58000,685.76000
1526989044,684.60000,685.76000
1526989045,684.62000,685.76000
1526989050,684.70000,685.76000
1526989052,684.62000,685.76000
1526989054,684.70000,685.76000
1526934229,697.26000,697.77000
1526989069,684.71000,685.76000
1526989074,684.74000,685.76000
1526989077,684.74000,685.78000
1526989079,684.74000,685.75000
1526989081,684.76000,685.75000
1526989087,684.77000,685.75000
1526989091,684.78000,685.75000
1526989092,684.77000,685.75000
1526989094,684.78000,685.78000
1526989098,684.79000,685.78000
1526962350,685.51000,686.06000
1526989106,684.82000,685.78000
1526989110,684.82000,685.77000
1526989112,684.82000,685.23000
1526989114,684.83000,685.23000
1526989117,684.86000,685.23000
1526989126,684.86000,685.77000
1526989128,684.86000,685.78000
1526989130,684.87000,685.78000
1526989134,684.87000,684.97000
1526989135,684.88000,684.97000
1526989150,684.90000,684.97000
1526989151,684.89000,684.97000
1526989152,684.89000,685.78000
1526989154,684.90000,685.78000
1526989160,684.91000,685.78000
1526989161,684.92000,685.78000
1526989166,685.00000,685.78000
1526989168,684.94000,685.78000
1526989170,685.01000,685.78000
1526989172,685.02000,685.78000
1526989178,685.04000,685.78000
1526989182,685.05000,685.78000
1526989185,685.05000,685.77000
1526989190,685.22000,685.77000
1526989192,685.30000,685.77000
1526989193,685.22000,685.77000
1526989197,685.30000,685.77000
1526989198,685.22000,685.77000
1526989199,685.22000,685.78000
1526989200,685.27000,685.78000
1526989201,685.28000,685.78000
1526989202,685.30000,685.78000
1526989205,685.31000,685.78000
1526989207,685.40000,685.78000
1526989208,685.32000,685.78000
1526989210,685.35000,685.78000
1526989217,685.40000,685.78000
1526989220,685.41000,685.78000
1526989224,685.50000,685.78000
1526989225,685.44000,685.78000
1526989228,685.70000,685.78000
1526989230,685.64000,685.78000
1526989231,685.70000,685.78000
1526989233,685.80000,686.38000
1526989234,685.80000,686.65000
1526989236,685.71000,686.65000
1526989239,685.80000,686.65000
1526989240,685.72000,686.65000
1526989242,685.73000,686.65000
1526989244,685.80000,686.65000
1526989246,685.73000,686.65000
1526989248,685.80000,686.65000
1526989249,686.20000,686.65000
1526989251,686.24000,686.65000
1526989255,686.24000,686.85000
1526989257,686.26000,686.85000
1526989262,686.27000,686.85000
1526989266,686.30000,686.85000
1526989267,686.27000,686.85000
1526989268,686.30000,686.85000
1526989270,686.31000,686.85000
1526989275,686.40000,686.85000
1526989276,686.32000,686.85000
1526989279,686.34000,686.85000
1526989282,686.35000,686.85000
1526989283,686.40000,686.85000
1526989284,686.35000,686.85000
1526989286,686.41000,686.85000
1526999804,683.53000,683.83000
1526989291,686.41000,686.87000
1526939167,693.00000,694.46000
1526989310,686.42000,686.87000
1526989321,686.46000,686.87000
1526989325,686.47000,686.87000
1526989331,686.16000,686.20000
1526989335,686.17000,686.20000
1526989337,686.18000,686.20000
1526950667,694.64000,694.68000
1526989352,686.30000,686.87000
1526989354,686.19000,686.87000
1526984181,686.24000,686.65000
1526989356,686.60000,686.87000
1526989358,686.38000,686.87000
1526956125,688.01000,688.03000
1526989362,686.39000,686.87000
1526989365,686.50000,686.87000
1526989367,686.39000,686.87000
1526989369,686.40000,686.87000
1526956127,688.01000,688.02000
1526989372,686.39000,686.87000
1526999818,683.54000,683.86000
1526989376,686.42000,686.87000
1526989379,686.40000,686.87000
1526989381,686.50000,686.87000
1526989382,686.40000,686.87000
1526989385,686.41000,686.87000
1526989386,686.42000,686.87000
1526989390,686.50000,686.87000
1526989391,686.42000,686.87000
1526989396,686.43000,686.87000
1526989398,686.50000,686.87000
1526989399,686.43000,686.87000
1526989402,686.44000,686.87000
1526989406,686.70000,686.87000
1526989407,686.44000,686.87000
1526989410,686.44000,686.63000
1526989411,686.45000,686.63000
1526989414,686.50000,686.63000
1526989415,686.46000,686.63000
1526989419,686.47000,686.63000
1526989422,686.48000,686.87000
1526989423,686.50000,686.87000
1526989424,686.64000,686.87000
1526989426,686.80000,686.87000
1526989429,686.75000,686.87000
1526989436,686.76000,686.87000
1526956138,688.01000,688.04000
1526989440,686.89000,686.90000
1526989448,686.89000,688.70000
1526989449,687.06000,688.70000
1526989450,686.90000,688.70000
1526989451,687.40000,688.64000
1526989452,687.40000,688.63000
1526989453,687.41000,688.63000
1526989456,687.41000,688.60000
1526989458,687.41000,688.63000
1526989459,687.41000,688.62000
1526989461,687.41000,688.51000
1526989463,687.42000,688.50000
1526989465,687.50000,688.50000
1526989466,687.50000,688.49000
1526956143,688.02000,688.04000
1526989468,687.51000,688.48000
1526989470,687.41000,688.41000
1526989471,687.42000,688.41000
1526989475,687.42000,688.40000
1526989479,687.42000,688.39000
1526989480,687.42000,688.35000
1526989484,687.43000,688.35000
1526989486,687.43000,688.34000
1526989487,687.43000,688.32000
1526989489,687.44000,688.32000
1526989490,687.44000,687.60000
1526989491,687.44000,687.74000
1526989492,687.43000,687.73000
1526989493,686.92000,687.41000
1526989494,686.90000,687.41000
1526989496,686.90000,687.73000
1526989498,686.91000,687.73000
1526989499,686.91000,687.40000
1526989500,686.91000,687.30000
1527000688,680.42000,681.69000
1526989504,686.92000,687.29000
1526989505,686.93000,687.29000
1526989507,686.91000,687.29000
1526989509,686.93000,687.29000
1526989518,686.94000,687.29000
1526989527,686.93000,687.29000
1526989528,685.72000,686.50000
1526989529,686.11000,686.50000
1526989543,686.12000,686.50000
1526989551,686.31000,686.50000
1526989552,686.32000,686.50000
1526989559,686.33000,686.50000
1526989560,686.33000,686.49000
1526951454,686.03000,688.79000
1526989564,686.34000,686.49000
1526989566,686.35000,686.49000
1526989567,686.35000,686.49000
1526989573,686.41000,686.49000
1526989577,686.42000,686.49000
1526989582,686.43000,686.49000
1526989585,686.42000,686.49000
1526989589,686.43000,686.49000
1526989593,686.46000,686.49000
1526989594,686.46000,686.50000
1526989598,686.46000,686.49000
1526989599,686.47000,686.49000
1526989604,686.48000,686.49000
1526989605,686.48000,686.50000
1526944122,696.15000,696.99000
1526989611,686.49000,686.50000
1527005225,678.00000,679.11000
1526989671,686.08000,686.50000
1526989678,686.09000,686.50000
1526989694,686.10000,686.50000
1526989708,686.10000,686.49000
1526989709,686.11000,686.49000
1526956184,688.02000,688.09000
1526989716,686.11000,686.50000
1526958006,687.04000,687.60000
1526989724,686.00000,686.50000
1526989726,686.12000,686.49000
1526989727,686.12000,686.50000
1526999878,683.60000,683.77000
1526989740,686.13000,686.50000
1526989741,686.20000,686.50000
1526989742,686.20000,686.49000
1526989743,686.13000,686.49000
1526989754,686.12000,686.49000
1526989756,686.14000,686.49000
1526956192,688.23000,688.63000
1526962372,685.60000,686.06000
1526989766,686.20000,686.50000
1526989768,686.12000,686.50000
1526989769,686.15000,686.50000
1526989775,686.20000,686.50000
1526989777,686.15000,686.50000
1526989779,686.15000,686.49000
1526989780,686.15000,686.50000
1526989784,686.16000,686.50000
1526989785,686.16000,686.49000
1526989787,686.16000,686.50000
1526956197,688.02000,688.79000
1526989798,686.16000,686.49000
1526989800,686.16000,686.50000
1526989801,686.00000,686.50000
1526989802,686.17000,686.50000
1526989808,686.17000,686.49000
1526956200,688.48000,688.96000
1526947098,696.63000,696.67000
1526989820,686.17000,686.50000
1526999893,683.60000,683.83000
1526989829,686.18000,686.50000
1527017447,663.80000,663.91000
1526989848,686.18000,686.49000
1526989850,686.18000,686.50000
1526989852,686.18000,686.48000
1526989859,686.18000,686.50000
1527027843,652.01000,652.36000
1526989863,686.18000,686.50000
1526989888,686.00000,686.50000
1526989889,686.19000,686.50000
1526989895,686.30000,686.50000
1526989898,686.31000,686.50000
1526989904,686.32000,686.50000
1526999907,682.92000,683.50000
1526989909,686.33000,686.50000
1526989919,686.34000,686.50000
1526989924,686.35000,686.50000
1526989933,686.40000,686.50000
1526989934,686.36000,686.50000
1526989938,686.37000,686.50000
1526989943,686.40000,686.50000
1526989944,686.41000,686.50000
1526989946,686.84000,687.72000
1526989948,686.85000,687.72000
1526989949,686.85000,687.70000
1526989951,686.85000,687.72000
1526989958,686.42000,687.72000
1526989959,686.42000,687.70000
1526989960,686.42000,687.69000
1526989963,686.42000,687.50000
1526989964,686.41000,687.50000
1526989965,686.41000,687.69000
1526989966,686.42000,687.69000
1526989970,686.42000,687.52000
1526989976,686.41000,687.20000
1526989977,686.41000,687.52000
1526989979,686.43000,687.52000
1526989980,686.43000,687.50000
1526989982,686.43000,687.53000
1526989985,686.43000,687.20000
1526989987,686.43000,687.53000
1526989989,686.43000,687.52000
1526989990,686.43000,687.31000
1526989991,686.43000,687.20000
1526989992,686.43000,687.31000
1526989993,686.06000,687.30000
1526989994,686.03000,687.30000
1526989996,686.07000,687.20000
1526989997,686.07000,687.30000
1526990000,686.07000,687.10000
1527012572,671.16000,671.29000
1526990010,686.07000,687.30000
1526990011,686.07000,687.03000
1526990020,686.07000,686.99000
1526990021,686.07000,686.90000
1526990023,686.00000,686.99000
1526990027,686.00000,686.90000
1526990028,686.00000,686.99000
1526990030,686.00000,687.06000
1526990031,686.00000,686.96000
1526990034,686.01000,686.96000
1526990035,686.01000,686.90000
1526990036,686.01000,686.96000
1526990039,686.01000,686.90000
1526990040,686.01000,686.93000
1526990043,686.01000,686.90000
1526990045,686.01000,686.93000
1526956240,688.07000,688.95000
1526990050,686.01000,686.98000
1526990051,686.01000,686.94000
1526990052,686.01000,686.90000
1526990053,686.01000,686.94000
1526990054,686.01000,686.93000
1526990059,686.01000,686.90000
1527013084,672.72000,673.26000
1526990061,686.01000,686.93000
1526990063,686.01000,686.92000
1526990065,686.01000,686.91000
1526990068,686.01000,686.90000
1526990070,686.01000,686.79000
1526990072,686.01000,686.74000
1526956244,688.07000,688.94000
1526990074,686.01000,686.50000
1526990076,686.01000,686.74000
1526990080,686.01000,686.40000
1526990081,686.01000,686.53000
1526990084,686.00000,686.01000
1526990085,686.00000,686.53000
1526990088,685.59000,686.00000
1526990089,685.59000,686.53000
1526990090,685.59000,685.74000
1526990092,685.03000,685.58000
1526990093,685.02000,685.74000
1526990095,685.02000,685.73000
1526990099,685.02000,685.70000
1526990100,685.02000,685.73000
1526990101,684.25000,685.73000
1526990103,684.25000,685.72000
1526990105,684.25000,685.20000
1526990106,684.25000,685.72000
1526990108,684.25000,685.71000
1526990110,684.25000,685.02000
1526990116,684.25000,685.00000
1526999942,682.69000,683.15000
1526990118,684.25000,685.02000
1526990122,684.25000,685.00000
1526990123,684.25000,685.01000
1526990125,683.60000,684.25000
1526990128,683.61000,684.25000
1526990136,683.62000,684.25000
1526990137,683.61000,684.25000
1526990143,683.62000,685.00000
1526990145,683.70000,685.00000
1526990147,683.62000,685.00000
1526990148,683.71000,685.00000
1526990149,683.71000,685.01000
1526990150,683.72000,685.01000
1526956257,687.72000,688.92000
1526990152,683.73000,685.01000
1526990154,683.74000,685.01000
1526956258,687.72000,688.90000
1526990158,683.81000,685.01000
1526990160,683.81000,685.00000
1526990161,683.81000,685.01000
1526990167,683.82000,685.01000
1526990168,683.82000,685.00000
1526990170,683.82000,685.01000
1526990174,683.83000,685.01000
1526990177,683.84000,685.00000
1526990178,683.84000,685.01000
1526990181,683.83000,685.01000
1526990185,683.83000,685.00000
1526990186,683.83000,685.01000
1526990191,683.84000,685.01000
1526990193,683.84000,685.00000
1526990194,683.84000,685.01000
1526990196,683.85000,685.01000
1526990198,683.85000,684.99000
1526934420,697.64000,697.90000
1526990205,683.85000,684.98000
1526990211,683.85000,684.90000
1526990212,683.85000,684.98000
1526990219,683.86000,684.98000
1526990223,683.86000,684.20000
1526990224,683.86000,684.98000
1526990228,683.86000,684.00000
1526990229,683.86000,684.98000
1526990232,683.86000,684.00000
1526990234,683.86000,684.50000
1526999962,682.71000,683.06000
1526990238,683.86000,684.49000
1526956273,687.80000,688.92000
1526990263,683.85000,684.49000
1526990279,683.85000,684.48000
1526990280,683.85000,684.40000
1526990285,683.83000,683.85000
1526990288,683.83000,684.40000
1526990289,683.83000,683.85000
1526990290,683.83000,684.24000
1526990293,683.83000,683.85000
1526990295,683.83000,684.24000
1526990297,683.83000,683.85000
1526990298,683.39000,683.85000
1526990299,683.04000,683.39000
1526990302,683.01000,683.39000
1526983337,684.66000,685.60000
1526990324,683.01000,683.40000
1526990325,683.01000,683.80000
1526990327,683.01000,683.79000
1526990328,683.01000,683.78000
1526990332,683.01000,683.30000
1526990334,683.01000,683.77000
1526990335,683.02000,683.77000
1526990338,683.02000,683.40000
1526990339,683.02000,683.77000
1526990341,683.03000,683.77000
1526990344,683.02000,683.50000
1526990345,683.02000,683.50000
1526990346,683.02000,683.77000
1526990347,683.05000,683.78000
1526990349,683.02000,683.78000
1526990350,683.04000,683.78000
1526990351,683.06000,683.78000
1526990352,683.05000,683.78000
1526990355,683.06000,683.78000
1526990357,683.07000,683.78000
1526990362,683.06000,683.78000
1526990365,683.07000,683.78000
1526990367,683.06000,683.78000
1526990374,683.08000,683.78000
1526990378,683.06000,683.78000
1526990383,683.07000,683.78000
1526990384,683.08000,683.78000
1526990388,683.07000,683.78000
1526990390,683.09000,683.78000
1526990403,683.10000,683.78000
1526990405,683.09000,683.78000
1526990416,683.10000,683.78000
1526990421,683.10000,683.70000
1526990422,683.10000,683.78000
1526990431,683.10000,683.70000
1526990433,683.10000,683.78000
1526990438,683.10000,683.70000
1526990440,683.50000,683.78000
1526990444,683.50000,683.70000
1526990445,683.50000,683.78000
1526990463,683.51000,683.78000
1526990465,683.52000,683.78000
1526990474,683.51000,683.78000
1526990475,683.51000,683.78000
1526990477,683.53000,683.78000
1526990483,683.53000,683.70000
1526990484,683.53000,683.78000
1526990488,683.53000,683.70000
1526986401,689.44000,690.80000
1526990490,683.53000,683.78000
1526990501,683.53000,684.35000
1526990505,683.53000,683.70000
1526990507,683.53000,684.34000
1526990510,683.53000,683.80000
1526990511,683.53000,684.35000
1526990515,683.53000,684.30000
1526990516,683.53000,684.35000
1526990519,683.53000,684.30000
1526990521,683.53000,684.35000
1526990523,683.53000,684.33000
1526990526,683.51000,683.53000
1526990530,683.52000,683.53000
1526956321,688.18000,688.99000
1526956323,688.19000,688.99000
1526934478,698.00000,698.18000
1526990562,683.50000,683.53000
1526990564,683.51000,683.53000
1526990567,683.52000,683.53000
1526990571,683.51000,683.53000
1526990579,683.52000,683.53000
1526956331,688.21000,690.80000
1526964583,686.30000,686.50000
1526990628,683.51000,683.53000
1527000028,682.73000,682.96000
1527000029,682.74000,682.96000
1526990647,683.52000,683.53000
1526990648,683.50000,683.53000
1526990650,683.10000,683.53000
1526990651,683.52000,683.53000
1526990652,683.10000,683.53000
1526990657,683.10000,683.40000
1526990658,683.10000,683.53000
1526990663,683.10000,683.50000
1526990664,683.10000,683.53000
1526990668,683.10000,683.50000
1526990670,683.10000,683.53000
1526990674,683.10000,683.50000
1526990676,683.10000,683.53000
1526990683,683.10000,683.52000
1526990685,683.10000,683.50000
1526990687,682.04000,683.50000
1526990688,682.05000,683.52000
1526990689,682.85000,683.52000
1526990691,682.85000,683.51000
1526990695,682.85000,683.50000
1526990697,682.56000,683.50000
1526990698,682.56000,683.52000
1526990699,682.56000,683.49000
1526990701,682.57000,683.49000
1526990704,682.57000,683.48000
1526990706,682.56000,683.48000
1526990708,682.56000,683.47000
1526956350,688.40000,690.08000
1526990711,682.13000,683.46000
1526990713,682.14000,683.46000
1526990715,682.15000,683.46000
1526990722,682.16000,683.46000
1526990724,682.16000,683.45000
1526990726,682.18000,683.45000
1526990729,682.18000,683.44000
1526990730,682.19000,683.44000
1526990734,682.20000,683.40000
1526990736,682.21000,683.44000
1526990738,682.22000,683.44000
1526956355,688.41000,690.07000
1526956356,688.41000,690.06000
1526990746,682.22000,683.40000
1526990747,682.24000,683.40000
1526990749,682.24000,683.44000
1526990752,682.25000,683.44000
1526990754,682.26000,683.40000
1526990757,682.26000,683.43000
1526990759,682.26000,683.42000
1526990761,682.27000,683.40000
1526990763,682.28000,683.42000
1526990767,682.29000,683.42000
1526990768,682.29000,683.40000
1526933166,694.46000,695.30000
1526990771,682.29000,683.42000
1526990773,682.30000,683.42000
1526990774,682.32000,683.42000
1526956361,688.41000,690.05000
1526990777,682.32000,683.40000
1526990778,682.33000,683.40000
1526990780,682.33000,683.42000
1526990781,682.33000,683.46000
1526990782,682.33000,683.39000
1526990786,682.32000,683.39000
1526990787,682.34000,683.39000
1527000054,682.72000,682.88000
1526990794,682.35000,683.39000
1526990801,682.34000,683.39000
1526990802,682.36000,683.39000
1526990805,682.37000,683.39000
1526990807,682.37000,683.38000
1526990811,682.37000,683.39000
1526990814,682.37000,683.37000
1526990817,682.38000,683.37000
1526990819,682.39000,683.37000
1526990824,682.40000,683.37000
1526990826,682.41000,683.37000
1526990828,682.42000,683.37000
1526956370,688.42000,690.02000
1526990833,682.43000,683.37000
1526990834,682.43000,683.00000
1526990835,682.44000,683.00000
1526990837,682.44000,683.52000
1526990838,682.46000,683.11000
1526990844,682.47000,683.11000
1526956373,688.42000,689.99000
1526990849,682.46000,683.11000
1526990850,682.50000,683.11000
1526990854,682.51000,683.11000
1526990858,682.52000,683.11000
1526990863,682.53000,683.11000
1527000067,682.71000,682.83000
1526990870,682.54000,683.11000
1526990875,682.55000,683.11000
1526990879,682.54000,683.10000
1526990880,682.54000,682.70000
1526990881,682.56000,682.70000
1526990883,682.56000,683.10000
1526990887,682.56000,682.80000
1526990890,682.56000,683.10000
1526990892,682.34000,682.85000
1526990897,682.34000,682.80000
1526990899,682.34000,682.85000
1526990902,682.34000,683.00000
1526990903,682.34000,682.60000
1526990905,682.34000,682.82000
1526990907,682.34000,682.81000
1526990908,682.34000,682.46000
1526990912,682.34000,682.45000
1526990913,682.00000,682.45000
1526990915,682.00000,682.40000
1526990917,682.01000,682.46000
1526990919,682.01000,682.45000
1526990921,682.02000,682.46000
1526990924,682.02000,682.40000
1526990926,682.03000,682.45000
1526990927,682.03000,682.46000
1526990928,682.03000,682.40000
1526990938,682.01000,682.40000
1526990939,682.03000,682.40000
1526990940,682.04000,682.40000
1526990943,682.04000,682.59000
1526990944,682.04000,682.39000
1526990946,682.05000,682.39000
1526990947,682.04000,682.39000
1526990949,682.04000,682.39000
1526990952,682.05000,682.39000
1527011004,675.45000,675.99000
1526964594,686.30000,686.50000
1527004361,678.85000,679.90000
1527011662,674.00000,675.00000
1526990965,682.01000,682.39000
1526990966,682.02000,682.39000
1526990967,682.01000,682.30000
1526990968,682.02000,682.39000
1527005234,678.00000,679.11000
1526990977,682.02000,682.39000
1526990982,680.84000,681.00000
1526990984,680.85000,680.99000
1526990993,680.85000,681.00000
1526990994,680.86000,681.00000
1526990995,680.87000,680.98000
1526990996,680.87000,680.97000
1526990999,680.88000,680.97000
1526991000,680.88000,680.96000
1526991001,680.88000,681.41000
1526991002,680.89000,681.41000
1526991004,680.90000,681.41000
1526956400,688.30000,688.42000
1526991011,680.91000,681.41000
1526991012,680.91000,681.40000
1526991013,679.90000,680.00000
1526991014,679.91000,680.00000
1526991015,679.92000,680.00000
1526991020,679.93000,680.00000
1526991022,679.94000,680.00000
1527011016,675.45000,675.97000
1526991028,679.95000,680.00000
1526991031,679.96000,680.00000
1526991034,679.97000,680.00000
1526991035,679.98000,680.00000
1526991039,679.99000,680.00000
1526949321,697.00000,697.50000
1526991066,679.66000,680.00000
1526991067,679.67000,680.00000
1526991068,679.99000,680.00000
1526991070,679.67000,680.00000
1526991071,679.42000,679.93000
1526991072,679.42000,680.00000
1526991073,679.67000,679.92000
1526991074,679.68000,679.92000
1526991077,678.90000,680.00000
1526991078,678.93000,679.70000
1526991079,678.41000,679.70000
1526991080,678.91000,679.70000
1526991081,678.91000,679.69000
1526991084,678.92000,679.69000
1526991087,678.43000,679.69000
1526991088,678.90000,679.69000
1526991090,678.44000,679.50000
1526991091,678.44000,679.68000
1526991093,678.60000,679.68000
1526991095,678.45000,679.68000
1526991096,678.61000,679.68000
1526991099,678.62000,679.68000
1526991103,678.63000,679.68000
1526991107,678.45000,678.61000
1526991108,678.45000,679.68000
1526991110,678.45000,678.62000
1526991111,678.45000,679.67000
1526991115,678.23000,679.67000
1526991116,678.23000,679.67000
1526991117,678.23000,679.40000
1526991118,678.23000,678.41000
1526991121,678.23000,679.30000
1526991122,678.23000,678.50000
1526991123,678.23000,678.41000
1526991124,678.24000,678.50000
1526978265,692.30000,693.00000
1526991128,678.24000,678.40000
1526991129,678.24000,678.50000
1526991130,678.24000,678.49000
1526991131,678.24000,678.50000
1526991132,678.24000,679.30000
1526991133,677.55000,678.00000
1526991135,677.56000,677.90000
1526991136,677.57000,677.90000
1526991141,677.57000,677.89000
1526991143,677.58000,677.89000
1526991144,677.99000,678.00000
1526991145,677.58000,677.60000
1526991146,677.89000,678.00000
1526991147,677.90000,678.00000
1526991148,677.59000,678.00000
1526991149,677.91000,678.00000
1526991154,677.91000,677.99000
1526991155,677.92000,677.99000
1526991156,677.99000,678.00000
1526991166,678.00000,679.29000
1526991167,678.00000,680.00000
1526991168,678.01000,680.00000
1526991171,678.80000,679.99000
1526991172,678.02000,679.99000
1526991173,678.03000,679.99000
1526991174,678.10000,680.00000
1526991175,679.20000,680.00000
1526991176,679.99000,680.00000
1526991177,679.20000,680.00000
1526991179,679.21000,680.00000
1526991189,679.22000,680.00000
1526991192,679.23000,680.00000
1526991193,679.23000,679.99000
1526991199,678.89000,679.99000
1526991201,679.24000,679.99000
1526991202,678.89000,679.99000
1526991204,678.89000,679.98000
1526991205,679.21000,679.98000
1526991206,679.21000,679.50000
1526956433,688.69000,689.63000
1526991209,679.21000,679.49000
1526991211,679.21000,679.48000
1526991216,679.21000,679.49000
1526991219,679.21000,679.47000
1526991220,679.21000,679.49000
1526991222,678.35000,679.46000
1526991223,678.35000,679.49000
1526991224,678.60000,679.49000
1526991225,679.46000,679.49000
1526991227,678.64000,679.98000
1527014795,672.90000,673.96000
1526991230,678.64000,680.00000
1526991231,678.80000,680.00000
1526991232,678.65000,680.00000
1526991233,678.66000,680.00000
1526991234,679.10000,680.00000
1526991237,679.14000,680.00000
1526991239,679.15000,680.00000
1526991241,679.80000,680.00000
1526991242,680.03000,680.69000
1526991243,680.03000,681.18000
1526991244,679.81000,681.18000
1526991246,679.81000,681.19000
1526991247,679.80000,681.19000
1526991248,680.04000,681.19000
1526991254,680.05000,681.19000
1526991255,680.30000,681.28000
1526991256,680.30000,681.28000
1526991258,680.06000,681.28000
1526991259,680.06000,681.99000
1526991260,680.31000,681.99000
1526991261,680.31000,681.98000
1526991263,680.32000,681.98000
1526991264,680.32000,681.28000
1526991265,680.32000,681.98000
1526991266,680.32000,681.99000
1526991267,680.32000,681.28000
1526991268,680.33000,681.20000
1526991270,680.33000,681.28000
1526991273,680.33000,680.70000
1526991276,680.33000,680.69000
1526991280,680.00000,680.69000
1526991283,680.00000,680.32000
1526991284,680.01000,680.32000
1526991285,680.01000,680.69000
1526991289,680.01000,680.60000
1526991290,680.00000,680.60000
1526991291,680.00000,680.69000
1526991298,680.00000,680.60000
1526991299,680.00000,680.69000
1526975517,692.50000,693.23000
1526991310,680.00000,680.60000
1526991311,680.01000,680.60000
1526991312,680.01000,680.69000
1526991314,680.00000,680.68000
1526991317,680.00000,680.56000
1526991318,680.02000,680.56000
1526991319,680.00000,680.56000
1526991320,680.00000,680.56000
1526991322,680.01000,680.55000
1526991323,680.00000,680.55000
1526991324,680.01000,680.55000
1526991325,680.00000,680.55000
1526991326,680.01000,680.55000
1526956453,688.70000,689.58000
1526991328,680.00000,680.69000
1526991329,680.20000,680.69000
1526991333,680.20000,680.70000
1526991334,680.20000,680.60000
1526991335,680.20000,680.70000
1526991337,680.20000,680.68000
1526991341,680.20000,680.60000
1526991342,680.20000,680.68000
1526991347,680.20000,680.45000
1526956457,687.82000,689.58000
1526991356,680.20000,680.69000
1526991357,680.20000,680.55000
1526991358,680.20000,680.40000
1526991359,680.20000,680.55000
1526991366,680.20000,680.70000
1526991367,680.20000,680.70000
1526956460,687.86000,689.60000
1526991371,680.20000,680.60000
1526991372,680.20000,680.70000
1526940603,694.40000,694.44000
1526991379,680.20000,680.69000
1526991385,680.30000,680.69000
1526991388,680.31000,680.69000
1527011077,675.06000,675.71000
1526991393,680.31000,681.72000
1526991395,680.32000,681.50000
1526991396,680.32000,681.99000
1526991397,680.32000,681.60000
1526991398,680.33000,681.60000
1526956465,688.54000,689.59000
1526991400,680.34000,681.60000
1526991406,680.34000,681.99000
1526991407,680.35000,681.63000
1526991409,680.38000,681.40000
1526991412,680.39000,681.40000
1526991420,680.40000,681.40000
1526991425,680.41000,681.40000
1526991426,680.40000,681.40000
1526991428,680.42000,681.40000
1526991430,680.42000,681.20000
1526991431,680.40000,681.40000
1526991434,680.41000,681.40000
1526991435,680.40000,681.20000
1526991436,680.40000,681.40000
1526991437,680.20000,681.10000
1526991438,680.41000,681.10000
1526991440,680.41000,681.10000
1526991441,680.41000,681.10000
1526991442,680.20000,681.09000
1526991443,680.42000,681.10000
1526991444,680.20000,681.10000
1526991445,680.43000,681.10000
1526991446,680.43000,681.40000
1526991448,680.43000,681.36000
1526991450,680.43000,681.20000
1526991451,680.43000,681.36000
1526991454,680.43000,681.19000
1526991455,680.43000,681.36000
1526991456,680.43000,681.40000
1526991457,680.43000,681.38000
1526991458,680.44000,681.38000
1526991460,680.44000,681.30000
1526991462,680.44000,681.38000
1526991465,680.44000,681.30000
1526991466,680.44000,681.40000
1526991469,680.45000,681.40000
1526991473,680.80000,681.40000
1526991478,680.81000,681.40000
1526991481,680.81000,681.57000
1526991484,680.81000,681.50000
1526991485,680.82000,681.57000
1526991486,680.82000,681.70000
1526991487,680.82000,681.67000
1526991489,680.81000,681.67000
1526991490,680.81000,681.60000
1526991491,680.81000,681.67000
1526956481,688.54000,689.55000
1526991496,680.81000,681.69000
1526991501,680.90000,681.69000
1526991505,680.91000,681.69000
1526991506,680.91000,681.99000
1526991508,680.92000,681.99000
1526991510,681.50000,681.99000
1526991519,681.51000,681.99000
1527016987,664.86000,665.32000
1526991523,681.52000,681.99000
1526956486,688.54000,689.56000
1526991535,681.52000,682.30000
1526956489,688.54000,689.55000
1526991545,681.53000,682.30000
1526991546,681.53000,682.33000
1526991547,681.54000,682.33000
1526991552,681.55000,682.33000
1526991553,681.58000,682.33000
1526991554,681.58000,683.10000
1526991557,681.58000,682.60000
1526991559,681.59000,682.60000
1526991560,681.59000,683.10000
1526991563,681.59000,682.90000
1526991564,681.59000,683.09000
1526991567,681.60000,682.90000
1526991569,681.60000,683.09000
1526991571,681.61000,683.09000
1526956494,687.84000,689.55000
1526991576,681.62000,683.09000
1526991577,681.70000,683.09000
1526991579,681.70000,683.09000
1526991580,681.70000,683.10000
1526991582,681.71000,682.90000
1526991584,681.72000,683.10000
1526991587,681.72000,683.00000
1526991589,681.71000,683.10000
1526991590,681.70000,683.10000
1526991591,681.70000,683.00000
1526991593,681.70000,683.10000
1526991594,681.70000,683.09000
1526991597,681.70000,683.00000
1526991598,681.70000,683.09000
1526991601,681.70000,682.80000
1526991603,681.70000,683.09000
1526991607,681.70000,683.00000
1526991610,681.70000,682.90000
1526991612,681.70000,683.00000
1526991614,681.70000,682.99000
1526991621,681.70000,682.98000
1526991626,681.70000,682.97000
1526991631,681.70000,682.96000
1526991635,681.70000,682.95000
1526991637,681.71000,682.95000
1526991641,681.70000,682.95000
1526991642,681.70000,682.90000
1526991643,681.70000,682.95000
1526991645,681.71000,682.95000
1526991647,681.71000,682.90000
1526991649,681.71000,682.95000
1526991652,681.71000,682.90000
1526991653,681.71000,682.95000
1526991657,681.71000,682.90000
1526991658,681.71000,682.95000
1526991661,681.72000,682.95000
1526991662,681.72000,682.90000
1526991664,681.72000,682.95000
1526991665,681.74000,682.95000
1526991667,681.75000,682.90000
1526991668,681.76000,682.95000
1526991672,681.76000,682.90000
1526991674,681.78000,682.95000
1526991676,681.79000,682.95000
1526991677,681.79000,682.90000
1526991679,681.79000,682.95000
1526991680,681.80000,682.95000
1526991682,681.82000,682.95000
1526991683,682.10000,683.10000
1526991685,682.10000,683.09000
1526991686,682.11000,683.09000
1526991688,682.12000,683.09000
1526991691,682.13000,683.09000
1526991696,682.16000,683.00000
1526991698,682.16000,683.09000
1526991699,682.17000,683.09000
1526991701,682.18000,683.09000
1526991704,682.19000,683.09000
1526991705,682.20000,683.09000
1526945594,699.18000,699.77000
1526991710,682.21000,683.09000
1526991716,682.20000,683.09000
1526991724,682.21000,683.09000
1526991735,682.22000,683.09000
1526991737,682.23000,683.09000
1526991750,682.24000,683.09000
1526956524,688.40000,689.54000
1526991754,682.25000,683.09000
1526991755,682.24000,683.09000
1526991758,682.25000,683.09000
1527016995,664.80000,665.30000
1526991763,682.26000,683.09000
1526956526,688.35000,689.52000
1526991766,682.27000,683.09000
1526947163,696.04000,696.68000
1526991772,682.26000,683.09000
1526991776,682.26000,683.10000
1526991779,682.27000,683.10000
1526956530,688.40000,689.52000
1526991791,682.27000,683.09000
1526991793,682.26000,683.09000
1526991807,682.27000,683.09000
1526991808,682.27000,683.10000
1526991810,682.27000,683.07000
1526991817,682.27000,682.66000
1526991828,682.28000,682.66000
1527011150,675.11000,675.99000
1526956537,688.35000,689.54000
1526991833,682.29000,682.66000
1526991836,682.29000,683.09000
1526991837,682.29000,683.07000
1526944983,699.00000,699.70000
1526991839,682.30000,683.07000
1526991842,682.30000,682.45000
1526956539,688.36000,690.06000
1526991844,682.31000,682.45000
1526991852,682.31000,683.10000
1526991855,682.32000,683.10000
1526991860,682.32000,682.34000
1526991863,682.33000,682.34000
1526991872,682.33000,683.10000
1526956544,688.38000,690.05000
1526991874,682.34000,683.10000
1527011158,675.00000,675.99000
1526991880,682.34000,683.09000
1526991882,682.35000,683.09000
1526991883,682.38000,683.09000
1526991887,682.26000,683.09000
1526991889,682.01000,683.09000
1526991890,682.40000,683.09000
1526956547,688.39000,690.05000
1526991893,682.00000,683.09000
1526991894,682.40000,683.09000
1526991895,682.40000,683.10000
1526956552,688.41000,690.05000
1526991942,682.41000,683.10000
1526991944,682.42000,683.10000
1526956556,688.42000,690.05000
1526991946,682.43000,683.10000
1526991947,682.40000,683.10000
1526991948,682.43000,683.10000
1526991956,682.44000,683.10000
1526991957,682.50000,683.10000
1526991960,682.50000,683.09000
1526991961,682.50000,683.10000
1526956559,688.43000,690.05000
1526956560,688.44000,689.80000
1526991970,682.50000,683.09000
1526991976,682.50000,683.09000
1526991981,682.50000,683.09000
1527011177,675.00000,675.97000
1526956564,688.44000,690.08000
1526991996,682.50000,683.00000
1526991998,681.93000,683.09000
1526956565,688.50000,690.08000
1526992001,681.93000,682.90000
1526992004,681.93000,683.03000
1526956566,688.50000,690.08000
1526992006,681.93000,682.80000
1526992008,681.93000,683.03000
1526992009,681.24000,682.84000
1526992012,681.50000,682.84000
1526992016,681.52000,682.60000
1526992018,681.52000,682.84000
1526992019,681.52000,682.84000
1526992020,681.53000,682.84000
1526992023,681.53000,682.80000
1526992025,681.53000,682.84000
1526992026,681.53000,682.79000
1526992027,681.54000,682.79000
1526956570,688.50000,689.70000
1526992035,681.55000,682.70000
1526992037,681.56000,682.79000
1526992040,681.57000,682.70000
1526992042,681.56000,682.82000
1526992043,681.57000,682.50000
1526992044,681.58000,682.40000
1526992047,681.58000,682.50000
1526992048,681.58000,682.40000
1526992049,681.57000,682.30000
1526992050,681.59000,682.30000
1526992054,681.57000,682.30000
1526992055,681.57000,682.20000
1526992056,681.57000,682.30000
1526992059,681.57000,682.40000
1526992060,681.57000,682.20000
1526992062,681.57000,682.26000
1526992066,681.57000,682.10000
1526992068,681.57000,682.26000
1526992070,681.57000,682.04000
1526992076,681.57000,682.00000
1526992077,681.57000,682.04000
1526992080,681.58000,682.13000
1526992082,681.58000,682.00000
1526992083,681.58000,682.03000
1526992087,681.58000,682.00000
1527011194,675.00000,675.96000
1526956582,688.53000,690.07000
1526992120,681.58000,681.99000
1526992121,681.58000,682.00000
1526992122,681.58000,681.99000
1526992124,681.58000,682.00000
1526992125,681.58000,681.99000
1526992127,681.59000,681.99000
1526956587,688.57000,690.07000
1526992136,681.59000,682.00000
1526992138,681.58000,682.00000
1526992140,681.59000,682.00000
1526992141,681.60000,682.00000
1526956589,688.58000,690.06000
1526956590,688.59000,690.06000
1526992153,681.60000,682.47000
1526992155,681.60000,681.85000
1526992159,681.61000,681.85000
1526992167,681.61000,682.47000
1526992168,681.62000,682.47000
1526992170,681.62000,682.28000
1526992172,681.62000,682.00000
1526992173,681.62000,681.71000
1526992183,681.63000,682.46000
1526956596,688.61000,690.04000
1526992186,681.63000,682.10000
1526992188,681.63000,682.47000
1526992189,681.63000,682.49000
1526992191,681.63000,682.47000
1526992199,681.63000,682.48000
1526992202,681.63000,682.40000
1526992203,681.64000,682.40000
1526992204,681.64000,682.46000
1526992208,681.64000,682.40000
1526992209,681.64000,682.46000
1526992212,681.64000,682.40000
1526992214,681.64000,682.46000
1526956601,688.64000,690.03000
1526992216,681.65000,682.46000
1526992217,681.65000,682.40000
1526992219,681.65000,682.47000
1526956602,688.65000,690.03000
1526992222,681.65000,682.40000
1526992224,681.65000,682.46000
1526992228,681.65000,682.00000
1526992229,681.66000,682.00000
1526992230,681.66000,682.04000
1526992233,681.67000,682.04000
1526992234,681.66000,682.04000
1526992236,681.66000,682.00000
1526992237,681.67000,682.00000
1526992239,681.67000,682.16000
1526992243,681.66000,682.10000
1526992244,680.94000,682.10000
1526992245,681.68000,682.16000
1526992247,681.68000,682.10000
1526992250,681.68000,682.19000
1526992257,681.68000,682.19000
1526992259,680.94000,682.18000
1527022145,660.13000,661.28000
1526992265,680.94000,682.10000
1526992267,680.94000,682.18000
1526992270,680.94000,682.25000
1526992271,680.94000,682.10000
1526992273,680.94000,682.25000
1526992275,680.95000,682.25000
1526992277,680.95000,682.20000
1526992278,680.96000,682.20000
1526992280,680.96000,682.30000
1526956613,688.68000,690.02000
1526992288,681.00000,682.30000
1526992289,681.00000,682.41000
1526992290,680.97000,682.41000
1526992296,680.97000,682.30000
1526992297,680.98000,682.30000
1526992298,680.98000,682.41000
1526992299,680.97000,682.47000
1526992300,680.97000,682.42000
1526992301,681.00000,682.42000
1526992302,680.97000,682.42000
1526992305,680.98000,682.42000
1526992306,680.98000,682.30000
1526992307,680.98000,682.42000
1526992309,680.98000,682.43000
1526992310,680.98000,682.30000
1526992312,680.98000,682.43000
1527030107,640.25000,641.78000
1526992315,680.98000,682.30000
1526992316,680.99000,682.30000
1526992317,680.99000,682.43000
1526992319,680.99000,682.50000
1526992320,681.00000,682.30000
1526992321,681.00000,682.44000
1526992326,681.10000,682.44000
1526992327,681.00000,682.44000
1526992329,681.00000,682.45000
1526992336,681.00000,682.30000
1526992337,681.00000,682.45000
1526992339,681.00000,682.48000
1526992342,681.00000,682.30000
1526992343,681.00000,682.48000
1526992346,681.00000,682.30000
1526992347,681.00000,682.48000
1526992349,681.00000,682.36000
1526992350,681.00000,682.30000
1526992352,678.07000,682.36000
1526992353,678.80000,682.36000
1526992354,680.00000,682.35000
1526992356,680.01000,682.35000
1526992357,680.03000,682.30000
1526992358,680.03000,682.35000
1526992359,680.42000,682.35000
1526992360,680.42000,682.16000
1526992362,680.50000,682.16000
1526992364,680.43000,682.16000
1526992369,680.50000,682.05000
1526992370,680.44000,682.05000
1526992371,680.46000,682.05000
1526992372,680.47000,682.05000
1526992374,680.47000,681.80000
1526992375,680.47000,682.05000
1526992379,680.50000,682.05000
1526992380,680.48000,682.05000
1526992383,680.48000,681.80000
1526992385,680.48000,682.05000
1526992388,680.50000,682.01000
1526992390,680.49000,682.01000
1526992391,680.50000,682.01000
1526992395,680.51000,682.01000
1526992397,680.49000,682.01000
1526992399,680.47000,682.01000
1526992400,680.50000,682.01000
1526992401,680.48000,681.80000
1526992403,680.60000,681.80000
1526992404,680.48000,681.80000
1526992406,680.47000,681.79000
1526992409,680.47000,681.77000
1526992411,680.47000,681.74000
1526992413,680.50000,681.74000
1526992415,680.47000,681.74000
1526992416,680.48000,681.74000
1526992417,680.47000,681.74000
1526992419,680.50000,681.74000
1526992421,680.47000,681.74000
1526992425,680.47000,681.73000
1526992427,680.47000,681.68000
1526992434,680.47000,681.37000
1526992438,680.17000,681.37000
1526992439,680.12000,681.37000
1526992441,680.12000,681.10000
1526992442,680.13000,681.10000
1526956639,688.73000,689.23000
1526992444,680.13000,680.80000
1526992446,680.13000,681.09000
1526992447,680.13000,680.30000
1526992448,680.13000,680.30000
1526992450,680.14000,680.30000
1526992454,680.13000,680.30000
1526992462,680.13000,680.29000
1526992464,680.13000,680.30000
1526992469,680.14000,680.30000
1526992470,679.73000,680.30000
1526992472,679.73000,680.29000
1526992474,679.73000,680.29000
1526992475,679.73000,680.13000
1526992483,679.74000,680.13000
1526992486,679.75000,680.13000
1526992488,679.76000,680.13000
1526992490,679.76000,680.88000
1526992493,679.76000,681.00000
1526992494,679.77000,681.00000
1526992498,679.78000,681.00000
1526992499,679.78000,680.99000
1526992506,679.79000,680.99000
1526992512,679.79000,680.90000
1526992515,679.79000,680.99000
1526992521,679.79000,680.80000
1526992524,679.79000,680.99000
1526992527,679.79000,680.30000
1526992529,679.80000,680.30000
1526992544,679.81000,680.30000
1526992550,679.81000,680.29000
1526956658,688.81000,689.96000
1526992559,679.73000,680.29000
1526992560,679.82000,680.29000
1526992563,679.83000,680.29000
1526992565,679.82000,680.29000
1526992574,679.50000,680.29000
1526956661,688.81000,689.97000
1526992576,679.50000,680.28000
1526992578,679.50000,680.28000
1526992580,679.50000,680.28000
1526956662,688.82000,689.97000
1526992582,679.50000,680.28000
1526992584,679.51000,680.00000
1527016156,671.50000,671.93000
1526992594,679.52000,680.00000
1526992600,679.53000,680.00000
1526992604,679.52000,680.00000
1526992605,679.54000,680.00000
1526992611,680.02000,680.28000
1527004372,678.87000,679.90000
1526992613,680.03000,680.28000
1527013101,672.72000,673.24000
1526992617,680.04000,680.28000
1526992618,680.02000,680.28000
1526992619,680.02000,680.20000
1526992621,680.04000,680.20000
1526992623,680.02000,680.20000
1526992624,679.54000,680.20000
1526992625,679.54000,680.19000
1526992635,679.55000,680.19000
1526992636,679.54000,680.19000
1526992637,679.55000,680.19000
1526992639,679.54000,680.19000
1526992640,679.55000,680.19000
1526992641,679.54000,680.19000
1526992643,679.55000,680.19000
1526992644,679.21000,680.19000
1526992645,679.56000,680.19000
1526992649,679.57000,680.19000
1526992654,679.58000,680.19000
1526992657,679.58000,680.18000
1526992659,679.57000,680.18000
1526992666,679.35000,680.18000
1526992667,679.58000,680.18000
1526992678,679.02000,680.18000
1526992679,679.02000,680.17000
1526992683,679.20000,680.17000
1526992685,679.03000,680.17000
1526992686,679.02000,680.17000
1526992689,679.04000,680.17000
1526992694,679.05000,680.17000
1526992699,679.30000,680.17000
1526992701,679.31000,680.17000
1526992703,679.31000,680.18000
1526992704,679.32000,680.18000
1526992708,679.40000,680.18000
1526992709,679.47000,680.18000
1526992714,679.48000,680.18000
1526992718,679.49000,680.18000
1526992723,679.50000,679.87000
1526992726,679.51000,679.87000
1526992736,679.98000,680.18000
1526992739,679.99000,680.18000
1526992754,680.00000,680.18000
1526992769,680.01000,680.18000
1526992783,680.00000,680.98000
1526992784,680.02000,680.98000
1526992787,680.02000,680.80000
1526992790,680.02000,680.98000
1526956697,687.50000,689.97000
1526992795,680.02000,680.97000
1526992799,680.03000,680.97000
1526992800,680.03000,680.87000
1526992806,680.03000,680.80000
1526992808,680.03000,680.86000
1526992810,680.03000,680.85000
1526992813,680.04000,680.85000
1526992814,680.04000,680.80000
1526956701,688.80000,689.96000
1526992817,680.04000,680.85000
1526992818,680.03000,680.85000
1526992819,680.03000,680.86000
1526992820,680.03000,680.84000
1526956702,688.44000,689.96000
1526992822,680.04000,680.80000
1526992825,680.04000,680.84000
1526992829,680.05000,680.86000
1526992830,680.05000,680.80000
1526992833,680.05000,680.86000
1526992835,680.06000,680.86000
1526992837,680.06000,680.85000
1526992839,680.06000,680.80000
1526992840,680.05000,680.80000
1526992841,680.05000,680.82000
1526992844,680.01000,680.82000
1526992846,680.06000,680.82000
1526992849,680.06000,680.86000
1526992852,680.06000,680.80000
1526992855,680.06000,680.86000
1526956708,688.47000,689.97000
1526992859,680.07000,680.86000
1526992861,680.07000,680.80000
1526992863,680.07000,680.86000
1526956710,688.48000,689.97000
1526992870,680.07000,680.80000
1526992872,680.08000,680.86000
1527011324,675.04000,675.79000
1526956711,688.60000,689.90000
1526992877,680.08000,680.80000
1526992879,680.07000,680.80000
1526992880,680.07000,680.86000
1526992886,680.07000,680.80000
1526956713,688.60000,689.97000
1526992888,680.08000,680.86000
1526945791,697.76000,698.83000
1526992895,680.09000,680.80000
1526992896,680.09000,680.89000
1526992904,680.01000,680.89000
1526992905,680.10000,680.89000
1526956718,688.62000,689.97000
1526945797,697.66000,698.60000
1526992932,680.10000,680.95000
1526992933,680.11000,680.95000
1526992936,680.11000,680.90000
1526992937,680.11000,680.95000
1526992939,680.11000,680.98000
1526992942,680.11000,680.94000
1526992946,680.11000,680.93000
1526956723,688.63000,689.90000
1526992950,680.11000,680.88000
1526992956,679.32000,680.88000
1526992957,679.33000,680.88000
1526992959,679.33000,680.87000
1526992962,679.34000,680.87000
1526992963,679.35000,680.87000
1526992964,679.36000,680.87000
1526992968,679.40000,680.87000
1526992970,679.41000,680.87000
1526992973,679.41000,680.70000
1526992975,679.41000,680.89000
1526992977,679.44000,680.89000
1526992979,679.45000,680.88000
1526992982,679.45000,680.80000
1526992984,679.60000,680.88000
1526934886,698.00000,698.05000
1526993000,679.61000,680.88000
1526993008,679.61000,680.87000
1526993021,679.61000,680.86000
1526956736,688.70000,689.97000
1526993026,679.62000,680.86000
1526993035,679.62000,680.53000
1526993048,679.63000,680.53000
1526993049,679.63000,680.86000
1526993050,680.02000,680.86000
1526993052,680.02000,680.80000
1526993054,680.03000,680.85000
1526993057,680.03000,680.32000
1526993067,680.03000,680.30000
1526993070,680.02000,680.29000
1526993078,680.02000,680.07000
1526993087,680.02000,680.30000
1526993089,678.93000,680.10000
1526993090,678.93000,680.30000
1526993091,678.93000,680.29000
1526993094,678.93000,680.02000
1526956748,688.72000,689.90000
1526993099,678.63000,680.02000
1526993100,678.75000,680.02000
1526993103,678.80000,680.02000
1526993104,678.80000,680.29000
1526993105,678.75000,680.29000
1526993107,678.76000,680.29000
1526993109,678.86000,680.00000
1526993111,678.86000,680.02000
1526993117,678.86000,680.29000
1526993118,678.86000,680.00000
1526993119,678.77000,680.00000
1526993120,678.82000,680.29000
1526993121,678.82000,680.02000
1526993122,678.83000,680.02000
1526993129,678.84000,680.02000
1526993130,678.84000,680.28000
1526993131,678.83000,680.28000
1526993132,678.83000,680.10000
1526993133,678.82000,680.10000
1526993134,678.77000,680.27000
1526993135,678.77000,679.34000
1526993138,678.80000,679.34000
1526956755,688.73000,689.96000
1526993140,678.73000,679.34000
1526993141,678.74000,679.34000
1526993143,678.74000,680.28000
1526993145,678.74000,680.00000
1526993146,678.74000,680.27000
1526993147,678.73000,680.27000
1526993149,678.73000,679.34000
1526993150,678.76000,679.34000
1526993155,678.74000,679.33000
1526993156,678.70000,679.33000
1526993157,678.70000,679.10000
1526993158,678.70000,679.09000
1526993163,678.66000,679.08000
1526993165,677.91000,679.08000
1526993167,677.91000,679.07000
1526993168,677.92000,679.07000
1526993174,677.91000,679.06000
1526993175,677.91000,679.00000
1526993176,677.91000,679.06000
1526993178,677.90000,679.06000
1526993183,677.90000,679.00000
1526993184,677.90000,679.06000
1526993191,677.90000,679.00000
1526993193,677.90000,679.06000
1526993195,678.48000,679.06000
1526993199,678.48000,679.00000
1526993200,677.90000,679.00000
1526993201,677.90000,679.06000
1526993202,677.90000,678.37000
1526993203,677.90000,678.30000
1526993205,677.91000,678.30000
1526993208,677.91000,678.29000
1526945844,696.99000,698.10000
1526993213,677.90000,678.29000
1526993214,677.90000,677.91000
1526993215,677.90000,678.29000
1526993219,677.90000,678.20000
1526993220,677.91000,678.29000
1526993221,677.90000,678.29000
1526993225,677.48000,677.70000
1526993228,677.48000,677.69000
1526993234,677.49000,677.68000
1526993242,677.50000,677.68000
1526993244,676.10000,676.90000
1526993246,676.11000,676.90000
1526993249,676.12000,676.90000
1526993250,676.11000,676.90000
1526993251,676.12000,676.90000
1526993253,676.90000,677.20000
1526993256,676.90000,677.19000
1526993258,676.14000,677.19000
1526993261,676.13000,677.19000
1526993262,676.13000,676.20000
1526993263,676.15000,676.20000
1526993265,676.16000,676.20000
1526993266,676.16000,677.18000
1526993268,676.15000,677.18000
1526993270,676.17000,676.90000
1526993271,676.90000,677.17000
1526993273,676.17000,676.90000
1526993274,676.17000,677.17000
1526993275,676.14000,677.00000
1526993276,676.14000,677.18000
1526993278,676.15000,677.18000
1526993279,677.18000,677.19000
1526993280,676.15000,677.20000
1526993281,676.15000,677.18000
1526993282,676.15000,677.20000
1526993283,676.16000,677.17000
1526993289,676.16000,677.19000
1526993290,676.40000,677.19000
1526993292,677.00000,677.19000
1526993294,677.01000,677.19000
1526993297,677.02000,677.19000
1526993303,677.03000,677.19000
1526993304,677.03000,677.68000
1526993305,677.19000,677.68000
1526993309,677.20000,677.68000
1526993311,677.21000,677.68000
1526993325,677.21000,677.59000
1526993329,677.22000,677.59000
1526993334,677.23000,677.59000
1526956788,688.80000,689.95000
1526993339,677.24000,677.68000
1526993341,677.24000,677.67000
1526956790,688.74000,689.95000
1526993353,677.25000,677.67000
1526993355,677.25000,677.54000
1526993356,677.24000,677.54000
1527000482,680.06000,680.95000
1526993358,677.23000,677.54000
1526993359,677.25000,677.54000
1526993366,676.65000,677.50000
1526993367,676.59000,677.50000
1526993368,676.59000,677.54000
1526993370,676.59000,677.64000
1526993373,676.59000,677.60000
1526993374,676.59000,677.63000
1526993377,676.60000,677.63000
1526993380,676.59000,677.63000
1526993381,676.61000,677.63000
1526993382,676.61000,677.67000
1526993383,676.61000,677.29000
1526993387,676.90000,677.29000
1526993389,676.90000,677.00000
1526993390,676.90000,677.29000
1526993391,676.91000,677.10000
1526993394,676.91000,677.09000
1526993396,676.62000,677.09000
1526993397,676.60000,676.81000
1526993398,676.60000,676.80000
1526993400,676.59000,677.09000
1526993403,676.59000,676.90000
1526993404,676.59000,677.09000
1526956800,688.76000,689.93000
1526993415,676.90000,677.09000
1526993419,676.90000,677.08000
1526993430,676.90000,677.08000
1526993431,676.90000,677.08000
1526993439,676.59000,677.08000
1526993445,676.59000,677.07000
1526993447,676.60000,677.08000
1526993451,676.60000,677.07000
1526993458,676.60000,676.90000
1526993459,676.60000,677.07000
1526993460,676.61000,677.07000
1526993463,676.61000,677.00000
1526993465,676.61000,676.99000
1526993466,676.61000,676.90000
1526993467,676.61000,676.99000
1526942855,693.40000,693.95000
1526993472,676.61000,676.90000
1526993474,676.61000,676.90000
1526993475,676.62000,676.90000
1526993476,676.62000,676.99000
1526993479,676.63000,676.99000
1526993480,676.64000,676.90000
1526993481,676.63000,676.90000
1526993482,676.63000,676.99000
1526993484,676.63000,676.99000
1526993485,676.63000,676.99000
1526993486,676.63000,676.90000
1526993487,676.63000,676.97000
1526993488,676.64000,676.97000
1526993489,676.63000,676.97000
1526993490,676.62000,676.90000
1526993492,676.62000,676.97000
1526993493,676.65000,676.97000
1526993494,676.65000,676.90000
1526993496,676.65000,676.97000
1526993497,676.65000,676.97000
1526993498,676.65000,676.90000
1526993499,676.65000,676.97000
1526993500,676.66000,676.90000
1526993501,676.65000,676.97000
1526993502,676.66000,676.97000
1526993503,676.65000,676.96000
1526993504,676.62000,676.96000
1526993506,676.62000,676.90000
1526993507,676.62000,676.97000
1526993508,676.67000,676.95000
1526993509,676.67000,676.97000
1526993511,676.67000,676.90000
1526993512,676.67000,676.97000
1526993514,676.68000,676.97000
1526993517,676.68000,676.99000
1526962497,685.99000,686.39000
1526993519,676.68000,677.50000
1526993521,676.68000,677.50000
1526993522,676.69000,677.49000
1526993531,676.70000,677.49000
1526993540,676.71000,677.49000
1526993542,676.72000,677.49000
1526993545,677.40000,677.49000
1526993546,677.30000,677.49000
1526993550,677.31000,677.49000
1526995232,682.66000,683.76000
1526993557,677.31000,677.68000
1526993559,677.32000,677.68000
1526993560,677.32000,677.67000
1526993565,677.39000,677.67000
1526993568,677.40000,677.67000
1526993570,677.40000,677.68000
1526993573,677.41000,677.68000
1526993574,677.42000,677.68000
1526993575,677.54000,677.68000
1526993577,677.55000,677.68000
1526945041,699.66000,699.70000
1526978675,692.60000,693.08000
1526993588,677.56000,677.68000
1526993589,677.56000,677.68000
1526993594,677.57000,677.68000
1526993595,677.58000,677.68000
1526993608,677.59000,677.68000
1526993613,677.60000,677.68000
1526993614,677.59000,677.68000
1526934989,698.01000,698.64000
1526993617,677.60000,677.68000
1526993623,677.61000,677.68000
1526993624,677.71000,678.26000
1526993626,677.61000,678.26000
1526993628,678.00000,678.26000
1526956837,688.75000,689.49000
1526993634,678.01000,678.26000
1526993645,678.02000,678.26000
1526993653,678.03000,678.26000
1526993668,678.04000,678.26000
1526978691,691.60000,692.99000
1526993684,678.01000,678.26000
1526993689,678.02000,678.26000
1526993692,678.02000,679.00000
1526993695,678.01000,679.00000
1526993696,678.01000,678.70000
1527022384,658.45000,659.97000
1526993699,678.02000,679.60000
1526993702,678.02000,679.10000
1526993704,678.02000,679.50000
1526993705,678.04000,679.50000
1526993707,678.04000,679.48000
1526993708,678.05000,679.20000
1526993710,678.05000,679.48000
1526993713,678.05000,679.40000
1526993714,678.05000,679.47000
1526993718,678.10000,679.47000
1526993719,678.06000,679.47000
1526993723,678.06000,679.30000
1526993724,678.06000,679.46000
1526993727,679.10000,679.40000
1527011467,675.50000,675.72000
1526993732,678.27000,679.40000
1526993733,678.27000,678.99000
1526956855,688.75000,689.49000
1526993741,678.27000,678.50000
1526993743,678.27000,678.98000
1526993744,678.27000,678.70000
1526993747,678.27000,678.69000
1526993751,678.27000,678.70000
1526993752,678.27000,678.68000
1526993754,678.06000,678.70000
1526993755,678.13000,678.70000
1526993756,678.13000,678.68000
1526993760,678.14000,678.69000
1527011472,675.01000,675.30000
1526993762,678.14000,678.68000
1526993764,678.14000,678.37000
1526993772,678.14000,678.37000
1526993774,678.15000,678.37000
1526993777,678.15000,678.36000
1526993779,678.15000,678.37000
1526993780,678.15000,678.36000
1526993781,678.15000,678.37000
1526993784,678.15000,678.36000
1526993789,678.16000,678.35000
1526993790,678.16000,678.36000
1526993792,678.16000,678.37000
1526993793,678.37000,678.67000
1526993796,678.37000,678.42000
1526993797,678.37000,678.40000
1526993798,678.37000,678.42000
1526993802,678.37000,678.41000
1526993803,678.37000,678.40000
1526993808,678.13000,678.40000
1526993814,678.13000,678.42000
1526993815,678.13000,678.40000
1526993816,678.14000,678.40000
1526993817,678.13000,678.40000
1526993818,678.15000,678.48000
1526993819,678.13000,678.48000
1526993820,678.13000,678.69000
1526993822,678.13000,678.50000
1526993823,678.13000,678.68000
1527011483,675.00000,675.40000
1526993828,678.13000,678.60000
1526993829,678.13000,678.68000
1526993830,678.14000,678.68000
1526935025,698.01000,698.36000
1526993832,678.14000,678.60000
1526993833,678.14000,678.68000
1526993842,678.13000,678.68000
1526993846,678.15000,678.67000
1526993848,678.15000,678.60000
1526993849,678.15000,678.67000
1526993853,678.15000,678.60000
1526993855,678.15000,678.67000
1526993863,678.15000,678.68000
1526993866,678.15000,678.60000
1526993868,678.15000,678.70000
1526993870,678.15000,678.69000
1526935034,698.01000,698.35000
1526935035,698.00000,698.01000
1526993892,678.15000,679.20000
1526993894,678.15000,679.10000
1526993896,678.15000,679.20000
1526993902,678.15000,679.44000
1527000573,680.10000,680.51000
1526993905,678.15000,679.20000
1526993906,678.15000,679.20000
1526993916,678.15000,679.28000
1526993918,678.16000,679.28000
1526993920,678.16000,678.40000
1526993923,678.17000,678.40000
1526993930,678.16000,678.40000
1526993933,678.16000,679.43000
1526993937,678.17000,679.43000
1526993938,678.17000,679.20000
1526993940,678.17000,679.43000
1526993942,678.17000,678.27000
1526993944,678.18000,678.27000
1527011503,675.03000,675.30000
1526993950,678.16000,678.27000
1526993953,678.19000,679.44000
1526993956,678.20000,679.44000
1526993957,678.20000,678.80000
1526993958,678.20000,679.44000
1526956892,688.72000,689.48000
1526993962,678.20000,679.40000
1526993963,678.20000,679.44000
1526993967,678.20000,679.40000
1526993968,678.20000,679.44000
1526993970,678.19000,679.44000
1526993973,678.20000,679.44000
1526993974,678.21000,679.44000
1526993977,678.21000,679.40000
1526993979,678.21000,679.44000
1526993983,678.19000,679.44000
1526993984,678.22000,679.44000
1526993985,678.22000,679.40000
1526993987,678.22000,679.44000
1526993993,678.22000,679.40000
1526993995,678.22000,679.44000
1526994001,678.22000,679.40000
1526994003,678.23000,679.44000
1526998237,683.56000,684.50000
1526994010,678.23000,679.40000
1526994011,678.23000,679.44000
1526994014,678.24000,679.44000
1526994018,678.25000,679.44000
1526994020,678.25000,679.40000
1526994021,678.25000,679.44000
1526994024,678.26000,679.44000
1526994026,678.27000,679.44000
1526994027,678.28000,679.44000
1526994029,678.28000,679.40000
1526994030,678.28000,679.44000
1527011517,674.18000,675.40000
1526956904,688.72000,689.48000
1526994035,678.29000,679.44000
1526994037,678.29000,679.40000
1526994038,678.29000,679.44000
1526994040,679.50000,679.70000
1526994042,679.50000,679.60000
1527017071,664.70000,665.86000
1526994044,679.51000,679.60000
1526994061,679.51000,679.90000
1526994062,679.51000,679.59000
1526994066,680.01000,680.22000
1526994067,680.01000,680.22000
1526994069,680.47000,680.85000
1526994072,679.52000,680.85000
1526994073,679.80000,680.85000
1526994074,679.81000,680.85000
1526994075,680.30000,680.85000
1526994080,680.31000,680.85000
1526994081,680.32000,680.85000
1526994083,680.32000,681.92000
1526994087,680.33000,681.60000
1526994088,680.34000,682.24000
1526994089,680.34000,681.91000
1526994094,680.36000,681.91000
1526994096,680.40000,681.91000
1526994100,680.42000,681.91000
1526975610,692.50000,693.21000
1526994104,680.43000,681.94000
1526994105,680.43000,681.95000
1526994108,680.44000,682.27000
1526974267,692.60000,693.72000
1526994113,680.44000,682.26000
1526994114,680.45000,682.26000
1526994115,680.50000,682.26000
1526956918,688.73000,689.48000
1526994118,680.51000,682.26000
1526994120,680.60000,682.26000
1526994122,680.51000,682.26000
1526994124,680.61000,682.26000
1526994126,680.61000,682.27000
1526994128,680.90000,682.25000
1526994129,681.00000,682.26000
1526994130,681.00000,682.29000
1526994133,681.02000,682.29000
1526994136,681.03000,682.29000
1526994139,681.04000,682.29000
1526994143,681.06000,682.29000
1526994145,681.07000,682.29000
1526994146,681.07000,682.61000
1526994147,681.07000,682.30000
1526994148,681.07000,682.60000
1526994150,681.08000,682.59000
1526994152,681.08000,682.40000
1526994153,681.08000,682.59000
1526994156,681.10000,682.30000
1526994157,681.10000,682.27000
1527000616,680.16000,681.48000
1526994165,681.11000,682.20000
1526994167,682.27000,682.39000
1526994174,682.27000,682.30000
1526994175,681.14000,682.23000
1526994177,681.15000,682.10000
1527012711,671.52000,672.21000
1526946006,697.02000,697.79000
1526994183,681.16000,681.60000
1526994188,681.16000,681.59000
1526994192,681.16000,681.50000
1526994194,681.12000,681.58000
1526994195,681.12000,681.59000
1526994197,681.12000,681.50000
1526994198,681.03000,681.50000
1526994199,681.03000,681.59000
1526956932,688.72000,689.48000
1526994205,681.03000,681.69000
1526994206,681.03000,681.68000
1526994207,681.03000,681.50000
1526994208,681.03000,681.68000
1526994211,681.04000,681.60000
1526994213,681.04000,681.68000
1526994216,681.04000,681.60000
1526994217,681.04000,681.68000
1526994223,681.50000,681.68000
1526994230,681.98000,682.15000
1526994235,681.98000,682.28000
1526994239,681.98000,682.29000
1526994240,681.98000,682.30000
1526994241,681.98000,682.26000
1526928706,689.00000,689.15000
1527000631,680.20000,681.48000
1526928716,689.00000,689.14000
1526928717,687.77000,689.14000
1527022477,658.11000,658.58000
1526994256,682.00000,682.26000
1526928721,687.59000,688.90000
1526994258,682.00000,682.24000
1526928723,687.78000,689.13000
1526994260,682.01000,682.26000
1526994261,682.01000,682.27000
1526928727,687.91000,689.19000
1526994265,682.00000,682.27000
1526928731,687.91000,689.10000
1526928733,687.91000,689.19000
1526928734,687.87000,689.20000
1526928735,687.87000,689.18000
1526928736,687.92000,689.18000
1526928737,687.92000,689.10000
1526994274,682.01000,682.26000
1526928739,687.92000,689.18000
1526994278,682.01000,682.27000
1526928748,687.92000,689.10000
1526994285,682.01000,682.30000
1526928750,687.92000,689.17000
1526928753,687.92000,689.00000
1526928755,687.92000,688.90000
1526928757,687.92000,688.30000
1526928761,687.92000,688.29000
1526994298,682.02000,682.29000
1526928764,687.92000,688.28000
1526928765,687.50000,688.28000
1526994302,682.03000,682.30000
1526994303,681.37000,682.29000
1526928769,687.50000,688.28000
1526928770,687.50000,688.27000
1526994308,682.04000,682.28000
1526928774,687.50000,688.26000
1526928775,687.50000,687.80000
1526928777,687.50000,688.26000
1526928778,687.50000,687.80000
1526994316,682.04000,682.29000
1526994317,682.03000,682.29000
1526994320,682.03000,682.39000
1526928786,687.51000,687.80000
1526995218,682.64000,683.50000
1526928796,687.51000,687.70000
1526928798,687.51000,687.80000
1526928799,687.70000,687.80000
1526928800,687.50000,687.80000
1526928801,687.52000,687.80000
1526928805,687.69000,687.80000
1526928807,688.00000,688.13000
1526928810,688.00000,688.12000
1526928813,688.00000,688.11000
1526928815,688.00000,688.10000
1526928816,688.00000,688.10000
1526928817,688.00000,688.10000
1526928819,688.00000,688.09000
1526928820,688.00000,688.27000
1526928822,688.00000,688.28000
1526928823,688.01000,688.28000
1526928824,688.00000,688.28000
1526928825,688.01000,688.20000
1526928827,688.01000,688.28000
1526928829,688.28000,688.71000
1526928830,688.00000,688.71000
1526928831,688.02000,688.71000
1526956960,688.74000,689.64000
1526928834,688.02000,688.70000
1526928835,688.02000,688.90000
1526928837,688.02000,688.88000
1526928839,688.02000,688.80000
1526928841,688.02000,688.80000
1526928842,688.02000,688.79000
1526928843,688.01000,688.79000
1526994381,681.83000,682.78000
1526928846,688.01000,688.70000
1526928848,688.01000,688.79000
1526928849,686.52000,688.79000
1526928851,687.50000,688.79000
1526928852,687.50000,688.78000
1526928853,686.61000,687.70000
1526928854,686.96000,687.70000
1526994391,681.84000,682.60000
1526994392,681.84000,682.78000
1526956964,688.74000,688.97000
1526928858,686.97000,687.70000
1526928859,686.97000,687.69000
1526994396,681.84000,682.60000
1526994397,681.84000,682.70000
1526994398,681.84000,682.44000
1526928864,686.98000,687.69000
1526928865,686.97000,687.69000
1526928866,686.98000,687.69000
1526994404,681.84000,682.40000
1526928869,686.98000,687.68000
1526994406,681.85000,682.25000
1526928875,686.99000,687.67000
1526994414,681.85000,682.20000
1526928879,687.00000,687.66000
1526994416,681.85000,682.19000
1526994417,681.85000,682.11000
1526928883,687.10000,687.66000
1526928885,687.03000,687.66000
1526994424,681.85000,682.10000
1526935124,698.42000,700.00000
1526928891,687.04000,687.65000
1526928892,687.10000,687.65000
1526928894,687.11000,688.76000
1526928895,687.11000,687.60000
1526928896,687.09000,687.60000
1526928897,687.09000,688.50000
1526928898,687.09000,687.60000
1526994436,681.84000,682.09000
1526994437,681.84000,682.10000
1526928905,687.09000,687.59000
1526928907,687.10000,687.59000
1526928908,687.09000,687.59000
1527000664,680.35000,681.48000
1526928914,687.09000,687.10000
1526928915,687.03000,687.09000
1526994461,681.84000,682.32000
1526928929,687.04000,687.09000
1526928931,687.04000,687.59000
1526994468,681.90000,682.32000
1526928935,687.09000,687.59000
1526928937,687.10000,687.59000
1526928940,687.11000,687.59000
1526928951,687.12000,687.59000
1527000671,680.37000,681.48000
1526994492,681.91000,682.32000
1526994494,681.92000,682.32000
1526928962,687.13000,687.59000
1526994500,681.94000,682.32000
1526928967,687.18000,687.59000
1526994504,681.95000,682.32000
1526928971,687.19000,687.59000
1526994508,681.96000,682.32000
1526928973,687.30000,687.59000
1526928974,687.24000,687.59000
1526928977,687.31000,687.59000
1526994514,681.97000,682.32000
1526928980,687.32000,687.59000
1526928983,687.33000,687.59000
1526994520,682.00000,682.32000
1526928985,687.40000,687.59000
1526928987,687.34000,687.59000
1526928989,687.41000,687.59000
1526994526,682.01000,682.32000
1526994528,682.02000,682.32000
1526928994,687.42000,687.59000
1526928997,687.42000,687.94000
1526928998,687.42000,689.18000
1526928999,687.43000,688.87000
1526929000,687.43000,688.80000
1526929002,687.99000,688.79000
1526946066,696.62000,697.69000
1526994542,682.01000,682.32000
1526929007,688.00000,688.79000
1526929008,688.00000,688.78000
1526994551,682.01000,682.32000
1526994553,682.02000,682.32000
1526994554,682.01000,682.30000
1526994555,682.03000,682.31000
1526994556,682.03000,682.32000
1526929025,688.00000,688.99000
1526929028,688.00000,688.80000
1526929030,688.00000,688.99000
1526929031,688.00000,688.98000
1526929033,688.00000,688.99000
1527011607,673.80000,675.18000
1526994573,682.03000,682.25000
1526929038,688.00000,688.98000
1526929039,688.00000,688.90000
1526929041,688.00000,688.98000
1526994579,681.84000,682.25000
1526929048,688.00000,688.97000
1526994585,681.84000,682.24000
1526994587,681.16000,682.24000
1526994589,681.16000,682.20000
1526994590,681.16000,682.24000
1526929055,688.00000,688.96000
1526929057,688.00000,688.95000
1526994594,681.16000,682.20000
1526994595,681.16000,682.24000
1527022534,655.41000,657.17000
1526994598,681.17000,682.23000
1526994601,681.17000,682.20000
1526994602,681.17000,682.23000
1526929067,687.00000,688.96000
1526929068,688.01000,688.96000
1526994605,681.17000,682.20000
1526929070,688.01000,688.95000
1526994607,681.17000,682.23000
1526929072,688.02000,688.95000
1526994609,681.17000,682.20000
1526929075,688.02000,688.90000
1526994612,681.17000,682.23000
1526929077,688.01000,688.90000
1526929078,688.01000,688.95000
1526994615,681.18000,682.20000
1526994616,681.18000,681.90000
1526929081,688.01000,688.94000
1526994621,681.18000,681.89000
1526929086,688.01000,688.94000
1527000693,680.43000,681.39000
1526994624,681.89000,681.90000
1526994625,681.18000,681.90000
1526929090,688.01000,688.95000
1526957003,688.73000,689.62000
1526929093,688.01000,688.90000
1526994630,681.18000,681.89000
1526929095,688.01000,688.92000
1526929097,688.01000,688.89000
1526994637,681.17000,681.89000
1526929104,688.02000,688.95000
1526929105,688.02000,688.89000
1526929106,688.02000,688.99000
1526929108,688.02000,688.88000
1527000697,680.43000,681.59000
1526929112,688.02000,688.87000
1526929120,688.02000,688.86000
1526957008,688.73000,689.61000
1526929123,688.02000,688.85000
1526929124,688.02000,688.86000
1526929125,688.02000,688.84000
1526994667,681.18000,681.80000
1526994669,681.18000,681.89000
1526994672,681.18000,681.88000
1526994674,681.17000,681.88000
1526994675,681.19000,681.88000
1526935167,698.43000,700.00000
1526946090,696.62000,697.58000
1526957013,688.73000,689.60000
1526994689,681.03000,681.88000
1526994690,681.20000,681.88000
1526994695,681.20000,681.89000
1526994696,681.20000,681.90000
1527011628,673.80000,675.12000
1526994701,681.20000,681.88000
1526994703,681.03000,681.88000
1526994704,681.21000,681.88000
1526994705,681.21000,681.90000
1527000707,680.46000,681.57000
1526929173,688.02000,688.83000
1526994713,681.21000,681.89000
1526929179,688.02000,688.84000
1526929182,688.02000,688.82000
1526994719,681.04000,681.89000
1526929184,688.04000,688.82000
1526929185,688.05000,688.82000
1526994730,681.22000,681.90000
1526935175,698.44000,699.39000
1526994734,681.23000,681.90000
1526929204,688.06000,688.82000
1527022559,654.07000,655.46000
1526994748,681.22000,681.90000
1526994749,681.24000,681.90000
1526946101,696.62000,697.50000
1526994754,681.24000,682.24000
1526994759,681.24000,682.25000
1526994761,681.25000,682.25000
1526994764,681.27000,682.25000
1526994770,681.28000,682.25000
1526994772,681.29000,682.25000
1526994775,681.30000,682.25000
1526994777,681.31000,682.25000
1526929243,688.06000,689.26000
1526929244,688.07000,689.25000
1526929245,688.07000,689.00000
1526994782,681.32000,682.25000
1526929247,688.07000,689.22000
1526929248,688.07000,689.21000
1526929250,688.07000,689.20000
1526929252,688.06000,689.20000
1526929253,688.06000,689.19000
1526929254,688.08000,689.19000
1526929255,688.08000,689.19000
1526929256,688.08000,689.18000
1526994793,681.35000,682.25000
1526929258,688.08000,689.17000
1526929261,688.09000,689.17000
1526994798,681.36000,682.25000
1526929263,688.09000,689.09000
1526994800,681.38000,682.25000
1526994801,681.39000,682.25000
1526929266,688.08000,689.09000
1526929267,688.08000,689.17000
1526929268,688.08000,689.08000
1526994806,681.40000,682.25000
1526994808,681.40000,682.10000
1526994809,681.40000,682.25000
1526994811,681.41000,682.25000
1526994812,681.41000,682.20000
1526929279,688.08000,689.14000
1526994816,681.40000,682.20000
1526929281,688.08000,689.00000
1526929282,688.08000,689.14000
1526929283,688.08000,689.20000
1526994820,681.40000,681.56000
1526929286,688.08000,689.12000
1526994823,681.41000,681.56000
1526929289,688.08000,689.11000
1526929291,688.08000,689.10000
1526929292,688.08000,689.11000
1526929295,688.10000,689.11000
1526994832,681.19000,681.31000
1526935192,698.54000,699.30000
1526929298,688.62000,689.10000
1526929302,688.62000,689.14000
1526994839,681.20000,681.31000
1526929304,688.62000,689.10000
1526929306,688.62000,689.14000
1526994843,681.19000,681.31000
1526929309,688.08000,689.14000
1526929311,688.08000,689.13000
1526929312,688.08000,689.10000
1526929314,688.90000,689.13000
1527000731,680.52000,681.66000
1526929320,688.90000,689.10000
1526929322,688.90000,689.13000
1526994860,681.20000,681.30000
1526929327,689.03000,689.09000
1526929330,689.03000,689.34000
1526929333,689.03000,689.33000
1526929335,689.12000,689.33000
1526929340,689.17000,689.33000
1527011658,674.00000,675.07000
1526929346,689.12000,689.33000
1526929347,689.12000,689.33000
1526929348,689.12000,689.58000
1526929349,689.17000,689.58000
1526929350,689.17000,689.58000
1526929351,689.17000,689.59000
1526929352,689.17000,689.57000
1526929353,689.17000,689.40000
1526929355,689.18000,689.52000
1526929357,689.18000,689.39000
1526994898,681.20000,681.30000
1526935203,698.55000,699.38000
1526994901,681.19000,681.30000
1526929367,689.18000,689.57000
1526994904,681.20000,681.30000
1526929369,689.39000,689.57000
1526978895,691.85000,692.12000
1526929372,689.39000,689.56000
1526929374,689.39000,689.54000
1527011664,675.00000,675.07000
1526929378,689.39000,689.53000
1526929379,689.39000,689.56000
1526929380,689.39000,689.57000
1526929381,689.39000,689.61000
1526929382,689.39000,689.54000
1526994919,681.21000,681.31000
1526929385,689.39000,689.60000
1526929387,689.39000,689.61000
1526929389,689.39000,689.54000
1526929391,689.39000,689.60000
1526994928,681.23000,681.31000
1526929393,689.40000,689.61000
1526929394,689.39000,689.59000
1526929395,689.39000,689.54000
1526929396,689.39000,689.59000
1526929397,689.39000,689.59000
1526929398,689.39000,689.54000
1526994935,681.23000,682.25000
1526929400,689.39000,689.58000
1526929401,689.39000,689.54000
1526929402,689.39000,689.60000
1526929403,689.40000,689.61000
1526994940,681.25000,682.25000
1526929406,689.39000,689.57000
1526929407,689.39000,689.60000
1526994944,681.50000,682.32000
1526929409,689.39000,689.61000
1526994946,681.51000,682.32000
1526929411,689.12000,689.61000
1526929412,689.12000,689.58000
1526994949,681.69000,682.32000
1526994950,681.71000,682.32000
1526994952,681.70000,682.32000
1526994953,681.72000,682.32000
1526994955,681.71000,682.32000
1526994956,681.73000,682.32000
1526994958,681.72000,682.32000
1526994960,681.74000,682.32000
1526994963,681.75000,682.32000
1526929428,689.40000,689.56000
1526994967,681.76000,682.32000
1526994968,681.77000,682.32000
1526994969,681.76000,682.32000
1526994971,681.80000,682.32000
1526994972,681.78000,682.32000
1526929437,689.40000,689.55000
1526994974,681.79000,682.32000
1526994976,681.80000,682.32000
1526929441,689.12000,689.55000
1526929442,689.12000,689.61000
1526994979,681.81000,682.32000
1526929446,689.12000,689.60000
1526935217,698.55000,699.38000
1526994985,681.82000,682.32000
1526929451,689.12000,689.59000
1526994988,681.83000,682.32000
1526929453,689.12000,689.58000
1526994994,681.88000,682.32000
1526994996,681.89000,682.32000
1526929461,689.12000,689.57000
1526995000,681.90000,682.32000
1526995004,681.91000,682.32000
1527000757,680.59000,681.70000
1526995012,681.94000,682.32000
1526995015,681.91000,682.32000
1526995016,681.95000,682.32000
1526929486,688.10000,689.57000
1526929488,689.12000,689.57000
1526935224,699.38000,699.92000
1526929491,689.12000,689.56000
1526929497,689.12000,689.75000
1526995034,681.91000,682.32000
1526995035,681.97000,682.32000
1526929501,689.12000,689.75000
1526929503,689.12000,689.73000
1526929505,689.12000,689.72000
1527000763,680.60000,681.69000
1526929512,689.12000,689.75000
1526995053,682.33000,682.99000
1526995056,682.34000,682.99000
1526929521,689.12000,689.74000
1526929522,689.12000,689.73000
1526995060,682.35000,682.99000
1526929526,689.12000,689.72000
1526995064,682.32000,682.99000
1526995065,682.35000,682.99000
1526929530,689.12000,689.71000
1526995069,682.36000,682.99000
1526929534,688.08000,689.71000
1526929535,688.29000,689.71000
1526929536,688.30000,689.71000
1526929537,688.30000,689.70000
1526929538,688.70000,689.98000
1526995075,682.37000,683.27000
1526929540,688.30000,689.97000
1526995078,682.36000,683.27000
1526995079,682.38000,683.27000
1526929544,688.41000,689.96000
1526929547,688.41000,689.70000
1526995084,682.39000,683.27000
1526929549,688.41000,689.96000
1526995087,682.40000,683.20000
1526995088,682.40000,683.27000
1526957080,688.72000,689.55000
1526929554,688.41000,689.96000
1526929557,688.42000,689.80000
1526995094,682.41000,683.20000
1526995095,682.42000,683.20000
1526995096,682.42000,683.27000
1526929562,688.42000,689.80000
1526929563,688.42000,689.98000
1526995100,682.43000,683.27000
1526995101,682.44000,683.27000
1526929566,688.44000,689.98000
1526995104,682.46000,683.27000
1526995105,682.46000,683.90000
1526995106,682.47000,683.50000
1526995108,682.47000,683.30000
1526995109,682.47000,683.50000
1526946161,696.62000,697.37000
1526929576,689.75000,689.96000
1526995113,682.48000,683.50000
1526929580,689.76000,689.95000
1526995117,682.48000,683.46000
1526995119,682.49000,683.46000
1526995121,682.47000,683.46000
1526995123,682.49000,683.46000
1526929588,689.76000,690.00000
1526995125,682.50000,683.46000
1526995126,682.50000,683.50000
1526929591,689.76000,689.99000
1526995129,682.49000,683.56000
1526995130,682.51000,683.56000
1526995132,682.52000,683.56000
1526995136,682.52000,683.89000
1526995137,682.52000,683.57000
1526995138,682.53000,683.57000
1526929603,689.76000,689.97000
1526929605,689.76000,689.96000
1526995142,682.54000,683.57000
1526995145,682.54000,683.56000
1526995146,682.54000,683.50000
1526929612,689.76000,689.99000
1527000781,680.62000,681.68000
1526995152,682.55000,683.56000
1526995153,682.55000,683.50000
1526929618,689.76000,689.98000
1526995155,682.55000,683.56000
1526995156,682.55000,683.56000
1526929622,689.76000,689.99000
1526995159,682.56000,683.56000
1526995160,682.56000,683.50000
1526995161,682.56000,683.56000
1526995163,682.57000,683.56000
1526995164,682.57000,683.50000
1526946170,696.62000,697.35000
1526995166,682.57000,683.56000
1526929631,689.76000,689.99000
1526995168,682.58000,683.56000
1526995169,682.57000,683.56000
1526995170,682.58000,683.50000
1526995171,682.58000,683.56000
1526995174,682.58000,683.50000
1526929639,689.78000,689.98000
1526995176,682.59000,683.56000
1526995179,682.60000,683.50000
1526995180,682.60000,683.56000
1526929649,689.76000,689.98000
1526995187,682.60000,683.56000
1526929652,689.76000,690.00000
1526929654,689.98000,690.00000
1526995192,682.60000,683.50000
1526995193,682.60000,683.56000
1526929662,689.98000,689.99000
1526995199,682.61000,683.50000
1526995201,682.61000,683.56000
1526995205,682.61000,683.50000
1526995206,682.61000,683.56000
1526995208,682.62000,683.56000
1526929674,689.77000,690.00000
1526995211,682.62000,683.56000
1527011714,675.00000,675.05000
1526995216,682.63000,683.56000
1526929681,689.77000,689.99000
1526929682,689.77000,690.00000
1526995219,682.64000,683.56000
1526995221,682.65000,683.56000
1526929690,689.77000,690.50000
1526995227,682.65000,683.56000
1526929693,689.77000,691.50000
1526929694,690.66000,690.99000
1526929695,689.77000,690.99000
1526929696,689.78000,690.99000
1526995235,682.66000,683.60000
1526995236,682.66000,683.89000
1526995237,682.66000,683.77000
1526929702,690.00000,690.99000
1526929703,690.01000,691.21000
1526995240,682.66000,683.60000
1526929705,690.01000,690.98000
1526995242,682.66000,683.77000
1526929708,690.02000,691.20000
1526929713,690.03000,691.19000
1526929715,690.04000,691.19000
1526929718,690.05000,691.19000
1526946185,696.62000,697.33000
1526929720,690.06000,691.19000
1526929722,690.06000,691.20000
1526929723,690.07000,691.20000
1526929724,690.40000,691.20000
1526929725,690.07000,691.20000
1526929728,690.08000,691.20000
1526929730,690.30000,691.20000
1526929731,690.30000,691.58000
1526929732,690.10000,691.58000
1526929735,690.30000,691.58000
1526929736,691.00000,692.11000
1526946188,696.62000,697.30000
1526929738,691.00000,692.00000
1526929740,690.31000,692.00000
1526929741,691.01000,692.00000
1526929745,691.01000,691.99000
1526929746,691.01000,692.08000
1526929747,691.01000,692.07000
1526951832,685.52000,686.77000
1526929750,691.01000,692.10000
1526929751,691.02000,692.10000
1526929752,691.02000,692.09000
1526929753,691.02000,692.11000
1526929754,691.02000,692.10000
1526929756,691.02000,692.11000
1526929770,691.03000,692.11000
1526940734,693.29000,694.40000
1526946194,696.01000,697.28000
1526929784,691.04000,692.11000
1526929786,691.04000,692.10000
1526929790,691.05000,692.11000
1526929795,691.10000,692.11000
1526929797,691.05000,692.11000
1526929799,691.11000,692.11000
1526929802,691.12000,692.10000
1526929805,691.12000,692.09000
1526995348,682.59000,683.80000
1526929815,691.13000,692.09000
1526995352,682.60000,683.80000
1526995355,682.60000,683.60000
1526929821,691.14000,692.08000
1526957125,688.74000,689.55000
1526995360,682.60000,683.60000
1526929825,691.50000,692.07000
1526929827,691.14000,692.07000
1526929828,691.15000,692.07000
1526995365,682.61000,683.60000
1526929830,691.20000,692.07000
1526995367,682.62000,683.81000
1526929832,691.16000,692.07000
1526929833,691.16000,692.07000
1526929834,691.17000,692.07000
1526995371,682.62000,683.81000
1526995373,682.61000,683.81000
1526929839,692.11000,692.37000
1526995376,682.61000,683.89000
1526995378,682.61000,683.80000
1526995379,682.62000,683.89000
1526929844,692.11000,692.36000
1526929846,692.11000,692.35000
1526978975,691.26000,691.82000
1526929853,692.11000,692.36000
1526995391,682.62000,683.89000
1526929858,692.11000,692.35000
1526929862,692.11000,692.34000
1526995399,682.66000,683.81000
1526995402,682.68000,683.80000
1526995403,682.68000,683.81000
1526995406,682.69000,683.81000
1526995409,682.74000,683.81000
1526995411,682.74000,683.80000
1526995412,682.74000,683.81000
1526995413,682.72000,683.81000
1526929878,692.12000,692.66000
1526995420,682.73000,683.81000
1526995421,682.72000,683.81000
1526995423,682.74000,683.81000
1526995424,682.80000,683.81000
1526995425,682.76000,683.81000
1526995427,682.93000,683.81000
1526995429,682.94000,683.81000
1526929895,692.12000,693.00000
1526929897,692.12000,693.20000
1526929899,692.12000,692.99000
1526929903,692.12000,693.20000
1526929904,692.12000,693.27000
1526929906,692.12000,693.18000
1526929908,692.12000,693.00000
1526995445,682.94000,683.81000
1526929912,692.23000,693.17000
1526995449,682.95000,683.81000
1526929917,692.23000,693.10000
1526929919,692.23000,693.16000
1526929920,692.23000,693.09000
1526995459,682.96000,683.81000
1526995460,682.99000,683.81000
1526929926,692.11000,693.09000
1526929928,692.11000,693.08000
1526995466,682.96000,683.81000
1526929934,692.12000,693.07000
1526929935,692.12000,693.00000
1526929936,692.12000,693.07000
1526995474,682.97000,683.81000
1526929941,692.12000,693.06000
1526929942,692.29000,693.06000
1526995479,682.97000,683.81000
1526929944,693.09000,693.16000
1526995482,682.97000,683.80000
1526995484,682.97000,683.81000
1526929949,693.09000,693.15000
1526929950,693.09000,693.14000
1526995488,682.59000,683.80000
1526995489,682.98000,683.80000
1526995490,682.98000,683.81000
1526929957,693.09000,693.10000
1526929958,693.09000,693.12000
1526929960,693.09000,693.10000
1526929962,693.13000,693.14000
1526995499,682.99000,683.81000
1526995500,682.99000,683.70000
1526995501,682.99000,683.69000
1526995503,682.59000,682.94000
1526995504,682.59000,683.68000
1526995506,682.59000,683.67000
1526995507,682.59000,683.66000
1526929972,693.09000,693.14000
1526929974,693.09000,693.13000
1526995511,682.59000,682.83000
1526929976,693.09000,693.12000
1526995516,682.59000,682.83000
1526995517,682.59000,682.82000
1526995519,682.59000,682.82000
1526995520,682.60000,682.82000
1526929986,693.14000,693.15000
1526995525,682.60000,682.83000
1526929992,692.30000,693.00000
1526995529,682.61000,682.83000
1526995530,682.61000,682.82000
1526995536,682.61000,683.38000
1526995537,682.61000,683.37000
1526995538,682.61000,682.81000
1526930006,692.30000,692.99000
1526995543,682.61000,682.81000
1526930010,692.30000,692.98000
1526930011,692.30000,692.97000
1526995548,682.13000,682.59000
1526995557,682.14000,682.59000
1526930022,692.30000,693.00000
1526930028,692.30000,692.99000
1526930030,692.30000,693.00000
1526930033,692.30000,692.99000
1526930035,692.11000,692.99000
1526995573,682.15000,682.59000
1526930038,692.11000,692.98000
1526930039,692.20000,692.98000
1526930040,692.11000,692.98000
1527000852,680.23000,680.80000
1526995580,682.60000,682.81000
1526930054,692.20000,692.98000
1526930055,692.12000,692.98000
1526930063,692.20000,692.97000
1526930064,692.12000,692.97000
1526995603,682.61000,682.81000
1526930068,692.20000,692.96000
1526930069,692.11000,692.96000
1526930070,692.13000,692.96000
1526930073,692.13000,692.97000
1526930074,692.20000,692.96000
1526930075,692.13000,692.96000
1526930077,692.13000,692.94000
1526930080,692.20000,692.95000
1526930081,692.13000,692.95000
1526995619,682.60000,682.81000
1526995620,682.62000,682.81000
1526930085,692.20000,692.93000
1526930086,692.14000,692.93000
1526995632,682.62000,683.35000
1526930098,692.15000,692.93000
1526995637,682.62000,683.34000
1526995641,682.60000,683.34000
1526995642,682.60000,683.35000
1526995643,682.62000,683.35000
1526930109,692.16000,692.93000
1526995646,682.62000,683.34000
1526995647,682.62000,683.35000
1526930112,692.15000,692.93000
1526930113,692.20000,692.93000
1526930115,692.17000,692.95000
1526995653,682.62000,683.34000
1526995654,682.60000,683.35000
1526995657,682.62000,683.35000
1526930122,691.44000,692.95000
1526995659,682.62000,683.35000
1526995663,682.62000,683.34000
1526995664,682.60000,683.34000
1527017125,665.05000,665.78000
1526995666,682.62000,683.60000
1526995668,682.62000,683.67000
1526946254,696.22000,697.27000
1526995670,682.62000,683.40000
1526930135,692.21000,693.81000
1526995672,682.62000,683.56000
1526995673,682.60000,683.56000
1526995674,682.62000,683.56000
1526930139,692.21000,693.60000
1526995676,682.60000,683.56000
1526930141,692.21000,693.74000
1526995678,682.62000,683.56000
1526930143,692.21000,693.73000
1526995680,682.62000,683.50000
1526930145,692.21000,693.70000
1526995682,682.61000,683.55000
1526995683,682.62000,683.54000
1526930148,692.21000,693.60000
1526995685,682.61000,683.54000
1526930150,692.21000,693.70000
1527011793,675.01000,675.07000
1526930152,692.21000,693.68000
1526995689,682.61000,683.54000
1526930154,692.21000,693.67000
1526995693,682.62000,683.54000
1526930158,692.21000,693.61000
1526957181,688.74000,689.61000
1526930160,692.21000,693.60000
1526930161,692.21000,693.57000
1526995699,682.62000,683.54000
1526995700,682.62000,683.50000
1526930166,692.21000,693.56000
1526930168,692.21000,693.50000
1526930169,692.21000,693.55000
1526930170,693.00000,693.55000
1526930172,693.00000,693.50000
1526930174,693.00000,693.49000
1526930176,693.00000,693.56000
1526930178,693.00000,693.54000
1526930179,693.00000,693.53000
1526930180,693.00000,693.50000
1526995717,682.63000,683.55000
1526930183,693.00000,693.53000
1526995721,682.63000,682.71000
1526995722,682.64000,682.71000
1526995723,682.63000,682.71000
1526930188,692.21000,693.53000
1526995725,682.65000,682.71000
1526930190,692.21000,693.52000
1526995727,682.64000,682.71000
1526995728,682.64000,682.71000
1526930194,692.21000,693.51000
1526930195,692.98000,693.51000
1526930196,692.98000,693.47000
1526930198,692.98000,693.46000
1526995735,682.65000,682.71000
1526995736,682.64000,682.71000
1526995737,682.64000,683.55000
1526995738,682.65000,683.55000
1526995741,682.65000,683.40000
1526995743,682.65000,683.55000
1526995744,682.66000,683.55000
1526995746,682.65000,683.55000
1526995747,682.65000,682.66000
1526930213,692.21000,693.42000
1526930216,692.21000,693.41000
1526995753,682.60000,682.66000
1526930218,693.36000,693.41000
1526957191,688.74000,689.64000
1526930225,693.36000,693.37000
1526995762,682.60000,683.54000
1526995766,682.60000,683.40000
1526930231,692.22000,693.37000
1526995768,682.61000,683.54000
1526930233,692.22000,693.36000
1526995775,682.61000,683.50000
1527028040,650.48000,651.76000
1526930241,692.22000,693.33000
1526930245,692.22000,693.32000
1526995783,682.61000,682.72000
1526995786,682.60000,682.72000
1526995787,682.62000,682.72000
1526930252,692.22000,693.31000
1526930254,692.22000,693.30000
1526930258,693.36000,693.39000
1526995798,682.62000,683.53000
1526930263,693.36000,693.38000
1526995801,682.62000,683.40000
1526995802,682.62000,683.53000
1526930270,693.36000,693.37000
1526995809,682.62000,683.50000
1526995810,682.62000,683.53000
1526995817,682.62000,683.50000
1526995818,682.62000,683.53000
1526995826,682.62000,683.50000
1526995827,682.63000,683.53000
1526995834,682.63000,683.50000
1526995835,682.63000,683.53000
1526995843,682.63000,683.50000
1526995844,682.63000,683.53000
1526995845,682.64000,683.53000
1526995857,682.70000,683.53000
1526995858,682.64000,683.53000
1526930323,693.36000,693.50000
1526995861,682.68000,683.53000
1526930326,693.36000,693.49000
1526995864,682.70000,683.53000
1526930330,693.36000,693.48000
1526930332,693.36000,693.47000
1526930338,693.36000,693.46000
1526930343,693.36000,693.41000
1526995881,682.72000,683.53000
1526995885,682.90000,683.53000
1526995886,682.72000,683.61000
1526995887,682.75000,683.61000
1526995888,682.76000,683.61000
1526995890,682.80000,683.61000
1526930355,693.36000,693.40000
1526930360,693.36000,693.37000
1526995897,682.77000,683.61000
1526995903,682.80000,683.61000
1526930368,692.21000,693.36000
1526995905,682.78000,683.61000
1526995907,682.81000,683.61000
1526930373,692.21000,693.34000
1526930374,691.98000,693.34000
1526930375,692.21000,693.33000
1526995913,682.83000,683.61000
1526995917,682.86000,683.61000
1526995919,682.86000,683.81000
1526930384,692.21000,693.32000
1526995922,682.87000,683.81000
1526930389,692.21000,693.31000
1526995927,683.61000,683.81000
1526995929,682.90000,683.81000
1526930394,692.21000,693.30000
1526930395,692.21000,693.27000
1526930398,692.21000,693.26000
1526995936,682.88000,683.81000
1526930403,692.22000,693.26000
1526930407,692.22000,693.24000
1526930410,692.22000,693.21000
1526995950,682.89000,683.81000
1526930415,692.22000,693.20000
1526930421,692.22000,693.19000
1526930426,692.22000,693.17000
1526930429,692.22000,693.16000
1526995969,682.90000,683.81000
1526995971,682.88000,683.81000
1526995977,682.90000,683.81000
1526995979,682.89000,683.81000
1526930445,692.22000,693.12000
1526995986,682.90000,683.81000
1526995988,682.89000,683.81000
1526930455,692.22000,693.11000
1526995994,682.90000,683.81000
1526930460,692.22000,693.12000
1526930466,692.22000,693.42000
1526930471,692.23000,693.42000
1526996008,682.88000,683.81000
1526996009,682.91000,683.81000
1526930475,692.23000,693.47000
1526930476,692.23000,693.41000
1526930477,692.22000,693.41000
1526930482,692.22000,693.40000
1526996019,682.91000,683.22000
1526996022,683.44000,683.81000
1526930487,692.22000,693.36000
1526930494,692.22000,693.35000
1526957237,688.73000,689.58000
1526930496,692.22000,693.34000
1526930499,692.22000,693.33000
1526996036,683.10000,683.81000
1526996037,683.50000,683.81000
1526996038,683.10000,683.81000
1526930503,692.22000,693.30000
1526930508,692.24000,693.30000
1526930512,692.24000,693.29000
1526996049,683.95000,684.25000
1526996051,683.51000,684.25000
1526996053,683.52000,684.25000
1526930520,692.24000,693.28000
1527000932,680.21000,680.70000
1527017052,664.80000,665.22000
1526930525,692.24000,693.23000
1526930528,692.24000,693.22000
1527000934,680.21000,680.71000
1526930535,692.24000,693.21000
1526930542,692.24000,693.20000
1526930547,692.24000,693.18000
1526930550,691.71000,692.22000
1526930551,691.76000,692.22000
1526996088,683.53000,684.25000
1526930554,692.24000,693.18000
1526930559,692.24000,693.17000
1526930560,691.82000,693.17000
1526930562,691.83000,693.17000
1526930564,692.24000,693.17000
1526930565,691.83000,693.17000
1526996102,683.54000,684.25000
1526930567,691.83000,693.18000
1526930569,691.83000,693.16000
1526930570,692.22000,693.16000
1526930571,692.22000,693.13000
1526930573,692.22000,693.12000
1526930576,692.22000,693.11000
1526996113,683.33000,684.25000
1526996114,683.55000,684.25000
1526930583,692.22000,693.10000
1526935407,699.19000,699.78000
1526930588,692.22000,693.09000
1526930593,692.22000,693.04000
1526930594,692.22000,693.03000
1526996131,683.56000,685.39000
1526996132,683.56000,684.50000
1526996135,683.56000,685.38000
1526996137,683.56000,684.85000
1526930603,692.22000,693.02000
1526996141,683.56000,684.85000
1526996143,683.57000,684.85000
1526996144,683.57000,684.80000
1526996146,683.57000,684.85000
1526996147,683.57000,684.94000
1526930614,692.22000,692.98000
1526996151,683.57000,684.82000
1526996154,683.57000,684.80000
1526979103,690.28000,691.51000
1526996156,683.57000,684.82000
1526996158,683.38000,684.82000
1526996159,683.58000,684.80000
1526930624,692.22000,692.97000
1526996162,683.58000,684.82000
1526996163,683.58000,684.70000
1526996165,683.58000,684.80000
1526930630,692.22000,693.00000
1526930631,691.89000,691.90000
1526996169,683.58000,684.79000
1526930634,692.22000,692.95000
1526930636,692.22000,692.94000
1526996173,683.38000,684.80000
1526996174,683.59000,684.78000
1526930640,692.22000,692.95000
1526996180,683.59000,684.77000
1526930645,692.22000,692.96000
1526930646,692.22000,692.91000
1526996185,683.59000,684.76000
1526957263,688.73000,689.57000
1526996189,683.59000,684.70000
1526996191,683.60000,684.76000
1526930657,692.22000,692.96000
1526996194,683.60000,684.70000
1526996196,683.60000,684.75000
1526930662,692.22000,692.96000
1526957265,688.73000,688.94000
1526996202,683.60000,684.70000
1526996203,683.60000,684.75000
1526996204,683.40000,684.75000
1526996205,683.61000,684.75000
1526930678,692.30000,692.99000
1526930679,692.22000,692.99000
1526996217,683.61000,684.88000
1526996218,683.61000,684.98000
1526996219,683.61000,684.70000
1526996220,683.40000,684.70000
1526996221,683.32000,683.37000
1526996222,683.41000,684.98000
1526996223,683.79000,684.86000
1526996224,683.79000,684.85000
1526996225,683.41000,684.80000
1526996226,683.75000,684.80000
1526996228,683.61000,684.84000
1526930694,692.23000,692.97000
1526996231,683.61000,684.80000
1526996233,683.62000,684.84000
1526930699,692.23000,692.99000
1526996236,683.62000,684.70000
1526930701,692.23000,692.94000
1526996238,683.63000,684.80000
1526930706,692.23000,692.93000
1526930708,692.30000,692.93000
1526930710,692.26000,692.94000
1526996248,683.64000,685.25000
1526996249,683.64000,684.80000
1526930715,692.27000,692.99000
1526996252,683.65000,685.20000
1526930717,692.30000,692.91000
1526930718,692.27000,692.91000
1526996255,683.65000,684.80000
1526996256,683.65000,685.19000
1526996257,683.65000,685.18000
1526996258,683.66000,685.18000
1526930723,692.33000,692.91000
1526996260,683.67000,684.70000
1526996261,683.67000,685.18000
1526984411,687.13000,687.73000
1526930727,692.40000,692.91000
1526996264,683.68000,685.17000
1526930729,692.34000,692.90000
1526996266,683.68000,685.00000
1526930731,692.35000,692.90000
1526996268,683.68000,685.18000
1526996270,683.68000,685.16000
1526957277,688.73000,689.57000
1526996272,683.68000,685.00000
1526996273,683.69000,685.16000
1526996274,683.69000,685.18000
1526930739,692.37000,692.90000
1526930740,692.50000,692.89000
1526996277,683.69000,685.14000
1526930742,692.38000,692.89000
1526930744,692.40000,692.89000
1526996281,683.70000,685.00000
1526930746,692.39000,692.89000
1526996283,683.72000,685.17000
1526996284,683.72000,685.19000
1526930749,692.42000,692.89000
1526996286,683.72000,685.00000
1526996287,683.73000,685.19000
1526930752,692.42000,693.09000
1526930755,692.50000,693.09000
1526930756,692.43000,693.09000
1526996293,683.76000,685.19000
1526930758,692.51000,693.08000
1526930760,692.52000,693.08000
1526996297,683.77000,685.10000
1526996298,683.77000,685.19000
1526930763,692.53000,693.08000
1526996300,683.77000,685.10000
1526996302,683.76000,685.10000
1526930767,692.54000,693.08000
1526946360,696.22000,697.00000
1526930770,692.55000,693.08000
1526930771,692.60000,693.08000
1526996308,683.78000,685.18000
1526930773,692.55000,693.08000
1526930774,692.55000,693.07000
1526930776,692.60000,693.07000
1526996313,683.78000,685.00000
1526930778,692.56000,693.07000
1526996315,683.79000,685.19000
1526930782,692.70000,693.07000
1526930783,692.57000,693.07000
1526930786,692.70000,693.07000
1526930788,692.70000,693.08000
1526930789,692.70000,693.47000
1526930791,692.71000,693.47000
1526957287,688.73000,689.20000
1526930796,692.72000,693.47000
1526996333,683.80000,685.15000
1527002651,680.91000,681.20000
1526996335,683.80000,684.50000
1526996336,683.80000,685.15000
1526996339,683.80000,684.60000
1526996340,683.81000,684.60000
1526996341,683.81000,685.15000
1526930807,692.75000,693.46000
1526930808,692.80000,693.46000
1526996345,683.81000,685.14000
1526930810,692.75000,693.46000
1526996347,683.81000,685.13000
1526930812,692.75000,693.43000
1526996349,683.81000,684.14000
1526935445,699.60000,699.77000
1526930818,692.80000,693.43000
1526930819,692.76000,693.42000
1526996358,683.80000,684.14000
1526996359,683.82000,684.14000
1526930826,692.80000,693.42000
1526930827,692.76000,693.42000
1526930833,692.76000,693.40000
1526930834,692.80000,693.40000
1526930835,692.80000,693.42000
1526930836,692.76000,693.42000
1526930838,692.73000,693.42000
1526996375,683.83000,685.07000
1526930840,692.76000,693.42000
1526996379,683.83000,683.86000
1526996384,683.80000,683.86000
1526930849,692.76000,693.41000
1526930850,692.80000,693.41000
1526930852,692.73000,693.41000
1526957297,687.54000,688.82000
1526930856,692.73000,693.39000
1526996395,683.84000,685.00000
1526996397,683.84000,685.06000
1526996399,683.85000,685.06000
1526930865,692.73000,693.34000
1526996402,683.85000,685.07000
1526930867,692.80000,693.34000
1526996404,683.85000,685.00000
1526930869,692.73000,693.33000
1526996406,683.85000,685.05000
1526996408,683.86000,685.05000
1526996409,683.90000,685.05000
1527000991,680.00000,680.90000
1526996412,683.88000,685.00000
1526996414,683.88000,684.99000
1526996415,683.92000,684.99000
1526996419,683.90000,684.99000
1526996420,683.90000,685.05000
1526996424,683.90000,685.00000
1526996426,683.90000,684.99000
1526930891,692.71000,693.32000
1526944964,699.00000,699.40000
1526996431,683.91000,684.99000
1526930897,693.40000,693.47000
1526996434,683.92000,684.99000
1526996436,683.92000,685.05000
1526996439,683.93000,685.05000
1526996443,683.94000,685.05000
1526996446,683.94000,685.04000
1526930913,693.40000,693.47000
1526996451,683.94000,685.05000
1526996452,683.96000,685.03000
1526996457,683.96000,685.00000
1526996458,683.98000,685.00000
1526996460,683.98000,685.02000
1526996462,683.94000,685.02000
1526957309,687.55000,688.73000
1526996465,683.94000,685.01000
1526996466,683.95000,685.01000
1526951684,684.18000,685.47000
1526930935,693.40000,693.46000
1526930937,693.40000,693.47000
1527001002,680.00000,680.88000
1526996478,683.95000,685.01000
1526996479,683.96000,685.01000
1526996480,683.96000,684.99000
1526996483,683.97000,684.99000
1526996488,683.98000,684.99000
1526996494,684.10000,684.99000
1526996497,683.98000,684.99000
1526996498,683.98000,684.98000
1526996501,683.99000,684.97000
1526996503,684.10000,684.97000
1526996505,684.10000,684.96000
1526996506,684.00000,684.96000
1526996507,684.11000,684.96000
1526996512,684.01000,684.96000
1526996516,684.02000,684.96000
1526957318,687.30000,688.72000
1526957319,687.17000,688.72000
1526996526,684.03000,684.96000
1526930993,693.50000,693.51000
1526996531,684.04000,684.96000
1526930998,693.50000,693.53000
1526996535,684.05000,684.96000
1526996537,684.08000,684.96000
1526996539,684.10000,684.96000
1526996540,684.08000,684.96000
1526996541,684.09000,684.96000
1526996543,684.11000,684.96000
1526996547,684.10000,684.96000
1526996548,684.11000,684.96000
1526935478,699.70000,699.74000
1526957324,687.18000,687.63000
1526996554,684.13000,685.02000
1526996556,684.14000,685.02000
1526996562,684.20000,685.02000
1526996563,684.15000,685.02000
1526931031,693.50000,693.52000
1526996569,684.20000,685.02000
1526931034,693.50000,693.51000
1526996571,684.19000,685.02000
1526931036,693.80000,693.82000
1526931037,693.50000,693.82000
1526931038,693.50000,693.51000
1527022864,653.94000,655.46000
1526996581,684.24000,685.02000
1526957329,687.11000,687.63000
1526996584,684.25000,685.02000
1526996586,684.40000,685.02000
1526996589,684.25000,685.02000
1526996591,684.41000,685.02000
1526996593,684.42000,685.02000
1526996597,684.50000,685.02000
1526996599,684.29000,685.02000
1526996600,684.32000,685.02000
1526996604,684.33000,685.02000
1526996606,684.40000,685.02000
1526931071,693.60000,693.76000
1526996608,684.33000,685.02000
1526996610,684.36000,685.02000
1526996612,684.37000,685.02000
1526996615,684.37000,684.54000
1526996618,684.38000,684.54000
1526996620,684.40000,684.54000
1526996627,684.38000,684.54000
1526996629,684.38000,685.02000
1526996631,684.42000,685.02000
1526996634,684.43000,685.02000
1526996638,684.46000,685.02000
1526996640,684.47000,685.02000
1526996643,684.50000,685.02000
1526935494,699.70000,699.78000
1526946417,696.49000,696.95000
1526996648,684.51000,685.02000
1527001031,680.02000,680.84000
1526996654,684.54000,685.02000
1526957341,687.04000,687.63000
1526996658,684.55000,685.02000
1526931126,693.60000,693.75000
1526996664,684.56000,685.02000
1526931143,693.60000,693.76000
1526931145,693.74000,693.76000
1526996692,684.57000,685.02000
1526931161,693.76000,693.78000
1526996699,684.58000,685.02000
