time,price,volume,buy_or_sell,market_or_limit,misc
1526913351.0771,0.99840000,30.04898000,s,m,
1526936235.4243,1.00000000,34.58724000,b,l,
1526865924.2492,1.00060000,34.50235000,b,m,
1526874752.42,1.00070000,34.57248000,s,l,
1526936160.8193,1.00180000,34.56849000,b,m,
1526873686.8677,1.00080000,75.00000000,s,l,
1526955183.9802,0.99990000,583.08857000,b,l,
1526912285.3349,0.99840000,75.00000000,b,l,
1527016937.9326,0.99900000,30.03033000,s,l,
1527019413.9804,0.99710000,30.08755000,s,m,
1526865924.2699,1.00060000,34.50235000,b,m,
1527024714.297,0.99790000,30.06374000,s,m,
1526923292.1954,0.99880000,69.59864553,b,l,
1527030398.0682,0.99890000,30.04116000,b,m,
1526873531.9642,1.00120000,29.99850000,b,m,
1526939217.881,0.99790000,30.06223000,s,m,
1527020171.7768,0.99860000,30.17228000,s,l,
1527027127.554,0.99880000,301.64395956,b,l,
1526975712.4295,0.99900000,1882.46501810,s,l,
1526934381.5528,1.00010000,5500.00000000,b,m,
1526980648.1633,0.99950000,74.99999876,b,l,
1526980649.9316,0.99950000,0.00000124,b,l,
1527021610.2115,0.99090000,30.27581000,s,l,
1527020110.9135,0.99700000,30.09027000,s,m,
1526869729.467,1.00080000,34.53355000,s,m,
1527024386.8852,0.99710000,9000.00000000,s,m,
1527013423.0438,0.99880000,0.01989657,s,l,
1526932881.1922,0.99970000,2873.83972423,b,m,
1526924834.696,0.99850000,26.30505286,b,l,
1527017524.9458,0.99780000,252.38885351,s,m,
1527021672.7674,0.99690000,30.27948000,b,l,
1527021610.1293,0.99500000,42.30380266,s,l,
1527014876.0168,0.99920000,75.00000000,s,m,
1526865982.2724,1.00070000,34.52581000,b,l,
1526966965.973,0.99940000,30.01651000,s,m,
1526865984.1188,1.00180000,29.99400000,b,l,
1526870081.473,1.00160000,34.52421000,b,l,
1526924834.7072,0.99850000,30.08243000,b,l,
1526865984.097,1.00180000,29.99400000,b,l,
1527021637.106,0.99700000,30.27948000,s,l,
1527021638.0741,0.99750000,30.27948000,s,l,
1526865991.8346,1.00060000,17.10597066,s,l,
1527024714.276,0.99810000,30.05560000,s,m,
1526950383.2478,0.99910000,30.06193000,b,l,
1527021644.2673,0.99750000,30.27948000,s,l,
1527021645.9903,0.99760000,30.27948000,s,l,
1526865999.1868,1.00090000,32.17685893,s,l,
1527024714.3433,0.99630000,30.11081000,s,m,
1526903160.0328,0.99860000,30.05018000,b,l,
1526866002.9108,1.00090000,32.17685893,s,l,
1527025571.3368,0.99790000,30.06856000,b,l,
1526866005.3176,1.00090000,32.17685893,s,l,
1527023851.5259,0.99780000,323.83460784,s,m,
1527021655.2729,0.99750000,14.44104000,s,l,
1526966966.0378,0.99780000,6207.11305198,s,m,
1526866016.1969,1.00090000,32.17685893,s,l,
1526866018.8235,1.00080000,32.11827166,s,l,
1527021667.6244,0.99690000,15.83844000,b,l,
1526923364.1463,0.99890000,74.99999370,b,l,
1526866021.0778,1.00070000,34.53255000,s,l,
1526873689.8588,1.00070000,34.57248000,s,l,
1526866023.2048,1.00070000,26.25744688,s,l,
1527021672.8043,0.99790000,0.00060000,s,l,
1526909447.9877,0.99720000,0.00024800,s,m,
1527019413.9581,0.99770000,30.06856000,s,m,
1526939217.8106,0.99930000,30.02102000,s,m,
1527021680.2906,0.99690000,0.00012000,b,l,
1527020110.9229,0.99700000,30.09027000,s,m,
1527019513.3997,0.99780000,30.09027000,b,l,
1527014321.2362,0.99900000,2.93570070,b,m,
1527021686.3733,0.99690000,30.27936000,b,l,
1527021687.8732,0.99750000,30.09054000,b,l,
1526979802.3635,0.99860000,0.00641280,b,l,
1527023636.3285,0.99770000,237.37563127,s,m,
1527030398.08,0.99890000,30.04116000,b,m,
1526909447.983,0.99720000,1551.26717041,s,m,
1527024714.3456,0.99630000,30.11081000,s,m,
1527021698.9834,0.99750000,30.09118000,b,l,
1527021700.8443,0.99750000,30.09036000,b,l,
1526870149.6095,1.00160000,34.52440000,b,l,
1526875115.529,1.00070000,75.00000000,b,m,
1526875736.8712,1.00070000,33.70091707,s,l,
1526871389.2167,1.00060000,34.53350000,s,m,
1526866060.3159,1.00080000,74.99862411,s,l,
1526867057.5022,1.00160000,37.49965602,b,m,
1526975711.6915,0.99900000,375.48470700,s,l,
1527021714.6649,0.99750000,30.09118000,b,l,
1526939217.8728,0.99830000,30.05018000,s,m,
1526866069.0599,1.00110000,423.20556444,s,l,
1526875977.4148,1.00080000,63.54027151,s,l,
1526869729.4859,1.00070000,34.53255000,s,m,
1527021725.0268,0.99750000,30.09118000,b,l,
1526939806.1473,0.99820000,75.00000000,s,m,
1526873531.9011,1.00120000,29.99850000,b,m,
1527021728.4928,0.99740000,30.09148000,b,l,
1527021729.2401,0.99790000,0.00116000,s,l,
1526924834.7475,0.99900000,30.03815000,b,l,
1526967302.2764,0.99930000,30.06102000,b,m,
1527021738.0519,0.99740000,30.09032000,b,l,
1526877308.887,0.99990000,198180.79750684,s,l,
1526975712.4369,0.99900000,5.00000000,s,l,
1527021743.6247,0.99740000,30.09080000,b,l,
1527016997.5338,0.99480000,453.71870000,s,l,
1527016938.0919,0.99700000,54.48766136,s,l,
1526865924.2373,1.00060000,34.49591000,b,m,
1526921247.2794,0.99870000,30.03815000,s,m,
1527021758.4344,0.99790000,0.00046000,b,l,
1526863904.0918,1.00060000,0.01676993,s,l,
1526863293.0971,1.00190000,0.26682385,b,l,
1527021764.6408,0.99790000,60.18100000,b,l,
1527021767.5751,0.99730000,85.00000000,s,m,
1527024714.3694,0.99100000,158.50000000,s,m,
1526995088.1835,0.99950000,144.45102551,s,m,
1526924834.7093,0.99850000,30.08243000,b,l,
1527016824.569,0.99910000,10.00000000,b,m,
1526924834.7541,0.99900000,30.03815000,b,l,
1527017684.1032,0.99780000,158.50000000,s,l,
1526890710.7726,0.99810000,75.00000000,b,l,
1527017040.3486,0.99700000,30.28192000,b,l,
1526936160.7569,1.00030000,8.03178913,b,m,
1527017694.5473,0.99780000,34.81854649,s,l,
1527021791.4411,0.99780000,30.07941000,b,l,
1527029985.8848,0.99850000,75.00000000,b,l,
1527017698.7456,0.99780000,123.68145351,b,l,
1527017699.8007,0.99790000,30.06856000,b,l,
1527017700.9895,0.99790000,26.65985351,b,l,
1527017130.5191,0.99780000,30.08755000,b,l,
1527021798.5635,0.99780000,30.07923000,b,l,
1526931688.7021,0.99940000,74.99999995,s,l,
1527021802.1588,0.99780000,30.07864000,b,l,
1526902187.5214,0.99860000,30.04086000,s,m,
1527019413.9528,0.99770000,30.06856000,s,m,
1526866158.4991,1.00150000,74.99931205,b,l,
1526913351.0714,0.99840000,30.04898000,s,m,
1526891219.2726,0.99860000,30.09027000,b,l,
1526967302.2881,0.99930000,30.06102000,b,m,
1527021813.7969,0.99780000,30.07941000,b,l,
1526980649.936,0.99960000,74.99999752,b,l,
1527021816.7148,0.99790000,15.26530000,b,l,
1527021819.8032,0.99780000,30.07941000,b,l,
1527021820.6692,0.99790000,14.81081000,b,l,
1527021610.1747,0.99430000,30.17228000,s,l,
1526977237.4935,0.99850000,25.03755633,s,l,
1526875740.8699,1.00070000,28.84833325,s,l,
1526892529.4325,0.99870000,9000.00000000,s,m,
1527019455.247,0.99780000,30.09027000,b,l,
1526933547.1757,0.99980000,30.03003000,b,m,
1527014321.3055,0.99910000,212.52158184,b,m,
1526865806.2462,1.00020000,19.44644442,s,l,
1527024134.9193,0.99780000,149.09871915,s,l,
1526909091.7712,0.99880000,0.00003934,s,m,
1527019413.9678,0.99710000,30.08786000,s,m,
1526989131.8891,0.99960000,30.03875000,b,m,
1526966966.0285,0.99820000,30.05319000,s,m,
1526891562.6186,0.99890000,75.00000000,b,l,
1527014321.2169,0.99890000,30.03845000,b,m,
1527016937.9536,0.99900000,30.03033000,s,l,
1526912285.3405,0.99860000,30.07941000,b,l,
1527013423.042,0.99880000,9.96818122,s,l,
1527023431.3524,0.99810000,0.00046000,b,l,
1527021816.7117,0.99790000,30.07670000,b,l,
1526876578.9927,1.00040000,75.00000000,s,l,
1527021610.218,0.99000000,0.10550236,s,l,
1526939217.8394,0.99830000,30.05018000,s,m,
1527023636.3303,0.99770000,0.04944873,s,m,
1526924679.474,0.99800000,9000.00000000,s,m,
1526871389.2324,1.00030000,34.52043000,s,m,
1527016937.93,0.99900000,30.03033000,s,l,
1526865924.2166,1.00030000,42.83733762,b,m,
1526998221.1265,0.99880000,13.90672130,s,m,
1527014321.3151,0.99930000,757.37157112,b,m,
1527025571.3252,0.99790000,30.06856000,b,l,
1526894904.366,0.99880000,30.08967000,s,l,
1527017062.3079,0.99770000,30.08786000,b,l,
1527021884.4401,0.99780000,75.00000000,b,l,
1526919485.828,0.99900000,25165.04264264,b,m,
1527021888.8218,0.99790000,75.00000000,b,l,
1526897775.631,0.99890000,30.04386000,b,l,
1526876015.1149,1.00070000,34.56657000,s,l,
1527021894.2576,0.99780000,1000.00000000,b,l,
1527021898.3364,0.99780000,1000.00000000,b,l,
1526989131.8756,0.99940000,30.02927000,b,m,
1526995088.2164,0.99940000,30.01921000,s,m,
1526959856.9183,0.99920000,30.02462000,s,l,
1526871389.1938,1.00070000,34.53355000,s,m,
1526907217.995,0.99890000,75.00000000,b,l,
1526907218,0.99890000,75.00000000,b,l,
1526944085.0598,0.99820000,0.06856287,s,m,
1527021911.6836,0.99780000,1000.00000000,b,l,
1526911320.3158,0.99850000,1497.70459728,s,m,
1527024714.3638,0.99410000,2745.39725951,s,m,
1527021918.2807,0.99790000,923.08552089,b,l,
1526939217.8648,0.99830000,30.05018000,s,m,
1526966965.9924,0.99940000,30.01651000,s,m,
1526936181.2665,1.00030000,34.58813000,s,l,
1526932881.176,0.99940000,37.49999998,b,m,
1527024714.3297,0.99780000,30.06645000,s,m,
1526915433.1061,0.99890000,52.58435996,b,l,
1527017133.5758,0.99790000,135.17600000,b,l,
1526873531.8758,1.00110000,360.64028657,b,m,
1527016946.4063,0.99000000,3818.38800000,b,l,
1526865982.2465,1.00060000,75.00000000,b,l,
1527016938.1119,0.99650000,60.26774863,s,l,
1526903160.5599,0.99870000,30.05771000,b,l,
1526898385.0815,0.99890000,74.99248768,b,l,
1526865924.2721,1.00070000,1033.81575762,b,m,
1527024386.8937,0.99700000,30.09118000,s,m,
1526865984.1102,1.00180000,29.99400000,b,l,
1526924834.7759,0.99930000,5500.00000000,b,l,
1526939217.835,0.99830000,30.05018000,s,m,
1526900983.2373,0.99810000,9000.00000000,s,l,
1527016938.2257,0.99000000,25.00000000,s,l,
1526936160.7713,1.00100000,0.19920240,b,m,
1526934381.5407,1.00000000,0.00813112,b,m,
1526867057.5104,1.00170000,34.53350000,b,m,
1526974698.0573,0.99970000,0.02988036,s,m,
1526884207.0781,0.99890000,15.86301000,b,l,
1526876227.3807,1.00080000,75.00000000,s,l,
1527024433.2258,0.99780000,30.11171000,b,l,
1526871389.2121,1.00060000,34.53350000,s,m,
1527024714.3587,0.99500000,100.00000000,s,m,
1527020110.8931,0.99700000,30.09027000,s,m,
1526865989.1534,1.00060000,17.13638205,s,l,
1527017888.0594,0.99790000,75.00000000,s,l,
1526903160.0353,0.99860000,30.05018000,b,l,
1526995088.2059,0.99940000,30.01921000,s,m,
1527002044.1577,0.99880000,0.64210157,s,m,
1527030188.0356,0.99830000,128.32458696,s,l,
1526907309.0883,0.99890000,75.00000000,b,l,
1526873686.8708,1.00080000,34.57248000,s,l,
1526907311.9991,0.99890000,0.00068370,b,l,
1526907312.0085,0.99900000,149.99863260,b,l,
1527017906.6489,0.99790000,158.50000000,s,l,
1526966607.0935,0.99990000,2500.00000000,b,l,
1526932881.1819,0.99950000,4633.88027581,b,m,
1526995088.2483,0.99940000,30.01681000,s,m,
1526924834.7567,0.99900000,5500.00000000,b,l,
1527024386.9012,0.99700000,30.09118000,s,m,
1526924834.7251,0.99900000,30.03544000,b,l,
1526903160.5554,0.99870000,27.20515000,b,l,
1527016938.0467,0.99860000,30.04086000,s,l,
1526869729.4466,1.00080000,34.53350000,s,m,
1526923733.0146,0.99810000,13076.38900000,s,m,
1527001543.9736,0.99880000,1.84047417,s,m,
1527021610.1588,0.99430000,30.17228000,s,l,
1526936160.8024,1.00180000,34.56464000,b,m,
1527021610.1726,0.99430000,30.17228000,s,l,
1527020126.2559,0.99820000,30.27795000,b,l,
1526923732.98,0.99870000,75.00000000,s,m,
1526923733.0071,0.99820000,30.05319000,s,m,
1527017275.7297,0.99780000,129.69840000,s,l,
1527025202.6763,0.99790000,30.06856000,b,l,
1526939217.7948,1.00000000,847.90300000,s,m,
1526865669.6882,1.00030000,24.01311656,s,l,
1526903262.644,0.99880000,9.88230000,b,m,
1526974416.3266,0.99900000,9503.87111156,s,m,
1527014321.3718,0.99950000,30.02582000,b,m,
1526865984.0533,1.00180000,32.56400000,b,l,
1526863953.4266,1.00040000,22.68398986,s,l,
1526977276.6467,0.99880000,24.87513728,b,l,
1526924834.7005,0.99850000,30.08243000,b,l,
1526913351.0659,0.99840000,30.04898000,s,m,
1526873689.8613,1.00070000,34.57248000,s,l,
1526876242.7625,1.00080000,0.00160071,s,l,
1526873531.8898,1.00120000,29.99850000,b,m,
1526988764.0718,0.99920000,75.00000000,b,l,
1526951179.5619,0.99930000,406.07900000,b,l,
1526875115.6043,1.00130000,34.55969000,b,m,
1526974416.2953,0.99970000,30.00825000,s,m,
1526869729.48,1.00070000,34.53255000,s,m,
1526975231.1268,0.99930000,0.01991062,s,m,
1526995088.2111,0.99940000,30.01921000,s,m,
1526873531.8921,1.00120000,29.99850000,b,m,
1527021653.5865,0.99760000,30.27948000,s,l,
1526874880.768,1.00070000,0.04725936,s,l,
1526902187.526,0.99860000,30.04086000,s,m,
1527016938.0944,0.99700000,21.12454587,s,l,
1526876246.3534,1.00070000,25.68978195,s,l,
1526936160.7974,1.00180000,34.56464000,b,m,
1527024386.8533,0.99740000,30.07941000,s,m,
1526989131.9101,0.99980000,30.02732000,b,m,
1526873531.919,1.00120000,29.99850000,b,m,
1527019413.9657,0.99770000,30.06856000,s,m,
1526874752.4094,1.00070000,34.57248000,s,l,
1526907218.003,0.99900000,120.00000000,b,l,
1527026199.7618,0.99790000,0.00462759,b,m,
1527024714.3749,0.99080000,30.27948000,s,m,
1526923806.3323,0.99850000,30.08243000,b,l,
1526903160.0281,0.99860000,30.05018000,b,l,
1526995088.2027,0.99940000,12.40022284,s,m,
1526923810.5442,0.99840000,74.99999340,b,l,
1526936099.8532,0.99990000,24.95009980,s,m,
1526865984.0739,1.00180000,29.99400000,b,l,
1526923817.1255,0.99850000,30.08243000,b,l,
1526875115.575,1.00130000,34.56021000,b,m,
1526864750.3718,1.00020000,34.53009000,s,l,
1526939217.8565,0.99830000,30.05018000,s,m,
1526876432.3844,1.00070000,8.33602203,s,l,
1526941107.5422,0.99910000,75.00000000,s,m,
1526876267.7811,1.00070000,34.56657000,s,l,
1527023636.3125,0.99780000,397.49872000,s,m,
1527019413.9329,0.99770000,30.06856000,s,m,
1526959856.9309,0.99900000,83898.57510218,s,l,
1526900983.2284,0.99850000,30.04386000,s,l,
1527020199.0564,0.99860000,30.17228000,s,l,
1526865984.1124,1.00180000,29.99400000,b,l,
1526888756.1255,0.99700000,39.31286694,s,m,
1526864294.8378,1.00020000,29.23335318,s,l,
1527018007.7615,0.99780000,197.92436685,s,l,
1526923849.5546,0.99840000,85.14358180,b,l,
1526950383.2504,0.99960000,1369.10877000,b,l,
1527027127.5441,0.99860000,30.05560000,b,l,
1526980404.7867,0.99900000,30.04086000,b,l,
1526866018.8184,1.00090000,42.82314107,s,l,
1526873689.8765,1.00070000,11.70744084,s,l,
1527031224.9401,0.99880000,75.00000000,s,m,
1527021667.6303,0.99690000,0.00056000,b,l,
1526874894.1805,1.00060000,10.09078486,s,l,
1527020126.2394,0.99820000,30.27795000,b,l,
1526982073.6843,0.99940000,30.10003273,b,l,
1526922170.5598,0.99900000,15817.02353000,b,m,
1526895194.1278,0.99880000,30.08967000,b,l,
1526865680.4699,1.00020000,34.42824054,s,l,
1526913532.879,0.99890000,30.04386000,b,m,
1526895198.106,0.99890000,1072.51777040,b,l,
1526866021.0862,1.00070000,8.27510312,s,l,
1526936160.7643,1.00080000,34.57043000,b,m,
1526895201.7069,0.99880000,30.08967000,s,l,
1526873531.8965,1.00120000,29.99850000,b,m,
1526875115.646,1.00190000,34.52435000,b,m,
1526871389.1817,1.00070000,34.53350000,s,m,
1527024386.8964,0.99700000,30.09118000,s,m,
1526874729.086,1.00080000,0.02009592,s,l,
1527029465.243,0.99770000,17.16291796,s,m,
1526874731.1712,1.00070000,34.57248000,s,l,
1527019413.9502,0.99770000,30.06856000,s,m,
1526874898.6491,1.00050000,20.23261290,s,l,
1526874734.7796,1.00070000,34.57248000,s,l,
1526863293.095,1.00190000,134.19317615,b,l,
1527021672.7543,0.99690000,30.27892000,b,l,
1527020110.8549,0.99750000,429.22270000,s,m,
1526936181.2716,1.00010000,34.58813000,s,l,
1526873689.8743,1.00070000,34.57248000,s,l,
1527024433.2358,0.99830000,724.04276045,b,l,
1526952568.1007,0.99900000,74.80992000,b,l,
1526948628.7953,0.99820000,6.24198086,s,l,
1526936186.4385,1.00000000,34.58754000,b,l,
1526953632.6032,0.99860000,75.00000000,s,m,
1526936188.3989,1.00000000,34.58754000,b,l,
1527030398.0636,0.99880000,30.07097000,b,m,
1526874752.4157,1.00070000,34.57248000,s,l,
1526887041.9022,0.99880000,44.01525831,s,l,
1526924679.4801,0.99790000,0.01223031,s,m,
1526876267.7862,1.00070000,34.56657000,s,l,
1527016938.1674,0.99210000,1000.00000000,s,l,
1526922006.49,0.99850000,75.00000000,s,m,
1526944085.0576,0.99820000,125.93143713,s,m,
1526900983.2261,0.99860000,30.04086000,s,l,
1526936200.6315,1.00000000,34.58744000,b,l,
1526933612.0552,0.99990000,29.23949498,b,m,
1526874752.4137,1.00070000,34.57248000,s,l,
1526891148.6302,0.99840000,74.99969890,b,l,
1526873689.8657,1.00070000,34.57248000,s,l,
1526891152.6731,0.99850000,74.99939780,b,l,
1527024829.2983,0.99780000,30.26329000,s,l,
1526936210.7878,1.00000000,34.58744000,b,l,
1526936212.8443,1.00000000,34.58744000,b,l,
1527016943.7487,0.99000000,22941.03300000,b,l,
1526871389.1767,1.00070000,34.53350000,s,m,
1527031236.4949,0.99880000,59.99728417,s,l,
1527016997.5257,0.99630000,9000.00000000,s,l,
1526966966.0261,0.99820000,1663.22903655,s,m,
1526901027.8393,0.99870000,30.05771000,b,m,
1526951365.9166,0.99910000,2385.84700000,b,l,
1527016937.9967,0.99900000,30.03033000,s,l,
1527021680.2878,0.99690000,30.27888000,b,l,
1526863904.1023,1.00040000,34.53009000,s,l,
1526936227.7776,1.00000000,34.58724000,b,l,
1526936228.9465,1.00000000,34.58724000,b,l,
1526900983.2305,0.99850000,30.04386000,s,l,
1526967302.2741,0.99930000,30.06102000,b,m,
1526939217.8084,0.99940000,30.01711000,s,m,
1527027127.5477,0.99860000,75.00000000,b,l,
1526936235.9433,1.00000000,34.58724000,b,l,
1527024744.5467,0.99770000,1000.00000000,b,l,
1526988792.246,0.99930000,30.03228000,b,l,
1526963699.7377,0.99910000,2.15278034,s,m,
1527016997.518,0.99680000,75.00000000,s,l,
1526989131.9075,0.99980000,30.02732000,b,m,
1526926110.5582,0.99940000,75.00000000,s,m,
1526936246.9859,1.00000000,34.58705000,b,l,
1526936248.4552,1.00000000,34.58705000,b,l,
1526922170.529,0.99840000,75.00000000,b,m,
1526936256.9094,1.00000000,34.58705000,b,l,
1527024416.5424,0.99770000,1000.00000000,b,l,
1526936259.2543,1.00000000,34.58705000,b,l,
1527027175.0356,0.99860000,30.04116000,s,m,
1527021686.3781,0.99750000,0.00064000,b,l,
1526865806.2395,1.00020000,34.53009000,s,l,
1526966607.066,0.99970000,30.02252000,b,l,
1526873689.853,1.00080000,0.00131958,s,l,
1526874914.0484,1.00020000,10.08680218,s,l,
1526955183.5042,0.99960000,30.04416000,b,l,
1526936272.2461,1.00000000,5098.84000000,b,m,
1527016937.9457,0.99900000,30.03033000,s,l,
1526936275.4572,1.00000000,34.58685000,b,l,
1526977237.4982,0.99830000,49.96244356,s,l,
1526936278.0267,1.00000000,34.58685000,b,l,
1526875115.6327,1.00140000,34.56777000,b,m,
1527024386.9043,0.99700000,30.09148000,s,m,
1526936284.6275,1.00000000,34.58685000,b,l,
1526875115.6258,1.00140000,34.56777000,b,m,
1526936287.826,1.00000000,34.58685000,b,l,
1527021564.2931,0.99790000,75.00000000,s,l,
1526977250.7959,0.99860000,30.05048000,s,l,
1527014321.2903,0.99900000,30.03544000,b,m,
1527024756.8596,0.99770000,30.26329000,b,l,
1526939217.8194,0.99880000,2499.99854749,s,m,
1526936295.272,1.00000000,29.99880000,b,l,
1526936296.6817,1.00000000,29.99880000,b,l,
1526921341.8775,0.99850000,383.16974709,s,m,
1527020110.9205,0.99700000,30.09027000,s,m,
1526936307.4667,1.00000000,29.99880000,b,l,
1526936309.6919,1.00000000,29.99880000,b,l,
1526874876.8692,1.00070000,13.84869420,s,l,
1526919933.1098,0.99900000,20942.30870871,b,m,
1526874878.6004,1.00070000,20.67652644,s,l,
1526950383.2886,0.99960000,910.85229898,b,l,
1526874880.772,1.00060000,32.43302784,s,l,
1526865806.2194,1.00020000,34.53009000,s,l,
1526939217.804,0.99960000,30.01110000,s,m,
1527030532.4959,0.99910000,147.54506250,b,l,
1526919942.4753,0.99900000,50000.00000000,b,l,
1526959856.9253,0.99920000,30.02462000,s,l,
1527014321.2141,0.99890000,30.03845000,b,m,
1526874892.2622,1.00060000,32.47618730,s,l,
1527021698.9979,0.99750000,0.00082000,b,l,
1526874894.1856,1.00050000,22.30577721,s,l,
1526874895.496,1.00050000,32.46160989,s,l,
1527021610.134,0.99440000,13000.00000000,s,l,
1526874898.6574,1.00010000,12.16394917,s,l,
1526891283.2935,0.99860000,74.99939555,b,l,
1526948628.7932,0.99820000,3127.23241109,s,l,
1526874926.9952,1.00010000,27.06613123,s,l,
1527016937.9508,0.99900000,30.03033000,s,l,
1526874909.8122,1.00020000,32.45659891,s,l,
1526962309.3184,0.99940000,74.99730000,b,l,
1526989616.2299,0.99960000,75.00000000,b,m,
1526874914.0547,1.00010000,22.36979673,s,l,
1526874916.461,1.00010000,32.40951810,s,l,
1526874917.679,1.00010000,32.45659891,s,l,
1527020126.2491,0.99820000,30.27795000,b,l,
1527024433.2307,0.99820000,75.00000000,b,l,
1526909447.9455,0.99880000,20.14176000,s,m,
1527014876.0397,0.99900000,0.00007892,s,m,
1526874752.4072,1.00070000,34.57248000,s,l,
1526936363.265,1.00000000,29.99670000,b,l,
1526874926.9858,1.00010000,5.39046768,s,l,
1526989616.2355,0.99990000,1298.16293627,b,m,
1526865924.2586,1.00060000,34.50235000,b,m,
1526874930.852,1.00010000,32.41275873,s,l,
1527024456.2065,0.99810000,30.11081000,b,l,
1527014321.2876,0.99900000,30.03815000,b,m,
1527020110.8988,0.99700000,30.09027000,s,m,
1526903607.2151,0.99890000,12.92915000,b,l,
1526986645.8907,0.99910000,30.02793000,s,l,
1527022388.8343,0.99780000,423.65680000,b,l,
1527016941.9802,0.99000000,32757.21177131,b,l,
1527022396.758,0.99780000,1000.00000000,b,l,
1526876227.3754,1.00080000,75.00000000,s,l,
1526991095.1069,0.99960000,12.28800000,s,l,
1527022400.5162,0.99780000,1000.00000000,b,l,
1527022401.8391,0.99780000,1000.00000000,b,l,
1526998221.1247,0.99880000,6967.26737238,s,m,
1526989131.8789,0.99940000,30.02927000,b,m,
1527022404.7548,0.99780000,1000.00000000,b,l,
1527022406.6449,0.99780000,1000.00000000,b,l,
1526885857.3463,0.99900000,25.00000000,b,m,
1527022411.2283,0.99780000,1000.00000000,b,l,
1526936160.8272,1.00190000,34.55751000,b,m,
1527022415.7624,0.99780000,75.00000000,b,l,
1526979802.3747,0.99880000,30.04958000,b,l,
1527016937.9941,0.99900000,30.03033000,s,l,
1527016938.0521,0.99850000,30.04431000,s,l,
1526953632.618,0.99850000,30.04416000,s,m,
1527024429.5771,0.99780000,30.11171000,b,l,
1526871389.1988,1.00070000,34.53355000,s,m,
1526935013.4937,1.00020000,3805.87043063,b,m,
1526873531.9168,1.00120000,29.99850000,b,m,
1526995088.2588,0.99920000,4.31173232,s,m,
1526939217.7995,0.99990000,30.00240000,s,m,
1526873531.9458,1.00120000,29.99850000,b,m,
1526873531.8855,1.00120000,29.99850000,b,m,
1527027175.0539,0.99770000,30.06856000,s,m,
1527021714.6791,0.99750000,30.09118000,b,l,
1527016937.9406,0.99900000,30.03033000,s,l,
1527014321.2544,0.99900000,30.03544000,b,m,
1527016937.9862,0.99900000,30.03033000,s,l,
1527024714.3232,0.99780000,30.06675000,s,m,
1526961019.9367,0.99900000,8732.74895853,s,m,
1526875115.6416,1.00190000,34.52435000,b,m,
1527016938.0891,0.99700000,47.30958080,s,l,
1527022400.8154,0.99780000,1000.00000000,b,l,
1526877219.8857,1.00000000,4970.75760000,s,l,
1527016939.4636,0.99000000,9000.00000000,b,l,
1527022470.4914,0.99800000,419.72680000,b,l,
1527016938.1448,0.99500000,1000.00000000,s,l,
1527016940.9683,0.99000000,3854.30904700,b,l,
1526874731.1681,1.00070000,22.86503916,s,l,
1527001543.9573,0.99880000,30.03544000,s,m,
1526913353.0667,0.99890000,30.04898000,b,l,
1526923732.9936,0.99860000,30.04086000,s,m,
1526974416.3335,0.99900000,0.00000061,s,m,
1526873531.9057,1.00120000,29.99850000,b,m,
1526944657.2987,0.99850000,75.00000000,b,l,
1527022403.6758,0.99780000,1000.00000000,b,l,
1527016938.055,0.99830000,30.05018000,s,l,
1527016942.7198,0.99000000,2164.71600000,b,l,
1527024714.3559,0.99500000,13000.00000000,s,m,
1527018393.3195,0.99810000,75.00000000,b,l,
1527016943.3247,0.99000000,7742.70200000,b,l,
1527020365.3443,0.99740000,1206.52325349,s,m,
1527030687.0262,0.99960000,257.45058023,b,m,
1526903712.4634,0.99880000,29.35150000,s,m,
1527016944.8491,0.99000000,22941.03300000,b,l,
1527024429.5718,0.99780000,30.11171000,b,l,
1526865806.2124,1.00020000,34.53009000,s,l,
1526926833.3538,0.99940000,37.49942580,b,l,
1526873689.8636,1.00070000,34.57248000,s,l,
1527027868.6715,0.99850000,75.00000000,s,m,
1526877219.8626,1.00050000,75.00000000,s,l,
1527016946.8869,0.99000000,2443.02900000,b,l,
1526989131.867,0.99930000,30.02642000,b,m,
1527021725.0556,0.99750000,0.00082000,b,l,
1527014321.3791,0.99980000,30.01681000,b,m,
1526963699.7358,0.99910000,1078.54294885,s,m,
1526963699.4337,0.99920000,75.00000000,s,m,
1526939806.1537,0.99780000,59.46625390,s,m,
1527019465.9043,0.99780000,30.09027000,b,l,
1527016948.6421,0.99000000,9000.00000000,b,l,
1526975711.6934,0.99900000,173.01730000,s,l,
1527002044.1597,0.99880000,0.00121120,s,m,
1526965182.5453,0.99950000,119.91998320,b,l,
1526936160.775,1.00100000,0.00000080,b,m,
1526873531.9123,1.00120000,29.99850000,b,m,
1527021728.4975,0.99750000,30.09036000,b,l,
1526924834.7135,0.99850000,30.08243000,b,l,
1526869729.4394,1.00080000,34.53350000,s,m,
1527022657.5548,0.99790000,75.00000000,s,m,
1526875115.5949,1.00130000,34.56021000,b,m,
1527030398.0867,0.99890000,30.04116000,b,m,
1526916045.9712,0.99880000,75.00000000,b,m,
1526865984.1581,1.00180000,29.99400000,b,l,
1527020365.336,0.99770000,75.00000000,s,m,
1526873531.931,1.00120000,29.99850000,b,m,
1526909091.7695,0.99880000,0.01970844,s,m,
1526871389.1721,1.00070000,34.53350000,s,m,
1526891722.4215,0.99890000,75.00000000,b,m,
1526939217.7918,1.00010000,29.99670000,s,m,
1526887388.9129,0.99900000,13076.38900000,b,l,
1526995088.2325,0.99940000,30.01681000,s,m,
1526865806.2439,1.00020000,34.49706000,s,l,
1527014321.3311,0.99950000,30.02312000,b,m,
1526974400.9073,0.99990000,75.00000000,s,m,
1527024465.616,0.99830000,30.06735000,s,l,
1526925002.2607,0.99930000,75.00000000,b,l,
1526875115.5521,1.00130000,34.56561000,b,m,
1527030398.0822,0.99890000,30.04116000,b,m,
1526865672.9635,1.00020000,4.41449732,s,l,
1526920177.1493,0.99900000,41732.53253253,b,l,
1527030398.0729,0.99890000,30.04116000,b,m,
1527021610.1635,0.99430000,30.17228000,s,l,
1527024714.2691,0.99840000,75.00000000,s,m,
1526865984.1432,1.00180000,29.99400000,b,l,
1526887417.2678,0.99870000,0.00000008,s,l,
1526875132.6952,1.00070000,29.73944497,b,l,
1527021738.3054,0.99790000,0.00068000,s,l,
1527022657.552,0.99800000,75.00000000,s,m,
1526936160.7522,1.00020000,37.50000000,b,m,
1527019413.9377,0.99770000,30.06856000,s,m,
1526995088.227,0.99940000,30.01921000,s,m,
1526973954.9414,0.99990000,1882.46501810,b,m,
1526876448.7132,1.00070000,10.09324107,s,l,
1526916113.4684,0.99890000,74.99952951,b,l,
1526865411.7001,1.00030000,471.79487574,s,l,
1526903829.4147,0.99880000,27.00000000,b,l,
1526959856.7712,0.99920000,30.02462000,s,l,
1527024714.35,0.99550000,22941.03300000,s,m,
1527024433.2022,0.99780000,30.11081000,b,l,
1526891551.3204,0.99870000,9925.00000000,s,m,
1526897862.3143,0.99890000,0.00077188,b,l,
1526895652.3136,0.99880000,6.49537000,b,l,
1526892529.4468,0.99680000,63743.63534220,s,m,
1526913532.8922,0.99900000,979.78070000,b,m,
1526989131.8698,0.99930000,30.02642000,b,m,
1526891562.6268,0.99890000,12926.38900000,b,l,
1526863901.2637,1.00060000,75.00000000,s,l,
1527014321.2279,0.99890000,30.04431000,b,m,
1526891568.2226,0.99870000,30.09027000,s,l,
1527016943.5563,0.99000000,9000.00000000,b,l,
1526985566.4627,0.99920000,71.22870000,s,l,
1526881223.8091,0.99890000,75.00000000,b,l,
1526865984.1254,1.00180000,29.99400000,b,l,
1526923368.4586,0.99890000,0.00000630,b,l,
1527014876.0355,0.99900000,19.80873253,s,m,
1527006269.2912,0.99880000,20.00000000,b,l,
1526895678.3679,0.99870000,30.08997000,s,l,
1527017069.1787,0.99790000,30.08786000,s,l,
1526986381.8723,0.99930000,1.97210369,s,l,
1527022657.5599,0.99760000,739.25594810,s,m,
1526865984.0686,1.00180000,30.72877000,b,l,
1526916167.3627,0.99900000,9899.39619620,b,m,
1526925002.2636,0.99950000,123.16822217,b,l,
1526864750.3616,1.00020000,5.92229201,s,l,
1526948628.7899,0.99830000,7678.00000000,s,l,
1526903887.0651,0.99900000,12953.38900000,b,l,
1526903888.1685,0.99900000,13076.38900000,b,l,
1526955183.5616,0.99990000,6.00720865,b,l,
1526903891.102,0.99900000,13076.38900000,b,l,
1526934553.2133,1.00010000,11.60000000,b,m,
1526975712.4432,0.99900000,578.46501809,s,l,
1526924834.7294,0.99900000,30.03815000,b,l,
1526936160.7873,1.00180000,34.56242000,b,m,
1526948628.7969,0.99820000,0.00560805,s,l,
1526871389.2535,0.99990000,0.16497763,s,m,
1526909091.7561,0.99880000,30.03544000,s,m,
1527027175.0467,0.99770000,30.06856000,s,m,
1527014321.2567,0.99900000,30.03544000,b,m,
1526875738.7472,1.00070000,0.86565293,s,l,
1526871389.219,1.00050000,34.53255000,s,m,
1527024386.9067,0.99700000,30.09148000,s,m,
1527024386.8649,0.99740000,30.07941000,s,m,
1526869729.4513,1.00080000,34.53355000,s,m,
1526864743.7427,1.00020000,34.53009000,s,l,
1527019413.9353,0.99770000,30.06856000,s,m,
1527027175.0654,0.99770000,0.98886705,s,m,
1527021564.2963,0.99760000,30.07338000,s,l,
1526867057.5056,1.00160000,37.49965602,b,m,
1526909447.9694,0.99860000,30.04356000,s,m,
1527014876.0376,0.99900000,0.03953839,s,m,
1527021758.3864,0.99780000,30.09027000,b,l,
1526865984.1298,1.00180000,29.99400000,b,l,
1526995818.5945,0.99910000,57.06933689,s,l,
1526891646.4032,0.99890000,75.00000000,b,l,
1527026815.0953,0.99800000,20.48366971,s,l,
1527026816.9697,0.99800000,20.48366971,s,l,
1526891649.1454,0.99900000,13076.38900000,b,l,
1526909447.9599,0.99870000,9000.00000000,s,m,
1527026819.3009,0.99800000,20.48366971,s,l,
1526863904.0952,1.00040000,34.53009000,s,l,
1526930463.4279,0.99940000,0.24785294,b,m,
1526966966.0211,0.99850000,0.22080000,s,m,
1527000609.3744,0.99880000,75.00000000,b,m,
1526934381.5081,1.00000000,2560.69603867,b,m,
1526873531.9668,1.00120000,29.99850000,b,m,
1526966607.0711,0.99980000,30.01641000,b,l,
1526967302.2646,0.99920000,75.00000000,b,m,
1527016943.5456,0.99000000,32757.21177131,b,l,
1526991167.4966,0.99940000,30.01921000,s,l,
1526991294.8495,0.99960000,30.01741000,b,l,
1526897866.9551,0.99900000,74.99346627,b,l,
1526939217.8537,0.99830000,30.05018000,s,m,
1526939217.8234,0.99870000,5000.50065085,s,m,
1526902187.5188,0.99860000,30.04086000,s,m,
1526876358.392,1.00080000,4.98558720,s,l,
1526967302.2837,0.99930000,30.06102000,b,m,
1527014321.3358,0.99950000,30.02312000,b,m,
1526865570.5902,1.00020000,25.43440706,s,l,
1526913532.8814,0.99890000,30.04386000,b,m,
1527021610.1982,0.99090000,30.27581000,s,l,
1526950383.2619,0.99960000,631.87300000,b,l,
1527016937.9077,0.99900000,10.18198000,s,l,
1526875115.5972,1.00130000,34.56021000,b,m,
1527024386.9089,0.99620000,809.74190000,s,m,
1526902187.5383,0.99830000,0.00006781,s,m,
1526979859.3677,0.99880000,75.00000000,b,l,
1527016937.9379,0.99900000,30.03033000,s,l,
1527016938.1274,0.99550000,1000.00000000,s,l,
1526995088.2298,0.99940000,30.01741000,s,m,
1527000609.3874,0.99890000,75.00000000,b,m,
1527024714.321,0.99780000,30.06675000,s,m,
1526891722.4189,0.99890000,75.00000000,b,m,
1526924834.7802,0.99940000,5500.00000000,b,l,
1526936160.8324,1.00190000,34.56957000,b,m,
1526998225.17,0.99890000,25.02753028,b,l,
1526872270.0238,1.00040000,75.00000000,s,l,
1527020110.9182,0.99700000,30.09027000,s,m,
1526873531.908,1.00120000,29.99850000,b,m,
1526966965.977,0.99940000,30.01651000,s,m,
1526875115.6349,1.00140000,34.56777000,b,m,
1527016997.523,0.99680000,1814.87460000,s,l,
1526908128.1941,0.99890000,74.99999475,b,l,
1527016938.1537,0.99410000,1000.00000000,s,l,
1526955183.796,0.99990000,344.09900000,b,l,
1526961019.9281,0.99910000,75.00000000,s,m,
1527016938.0752,0.99700000,18.44327250,s,l,
1526871389.2448,1.00000000,2500.00000000,s,m,
1526939217.8782,0.99830000,30.05018000,s,m,
1526924528.6907,0.99820000,75.00000000,b,l,
1527022834.7608,0.99780000,75.00000000,b,l,
1527014321.3177,0.99950000,30.02312000,b,m,
1526921247.2839,0.99850000,30.04386000,s,m,
1526933547.1824,0.99980000,2045.00000000,b,m,
1527016939.5003,0.99000000,22941.03300000,b,l,
1526946834.7792,0.99850000,30.05319000,b,l,
1526959856.7751,0.99920000,30.02462000,s,l,
1526936160.7693,1.00100000,99.80039920,b,m,
1527019440.1684,0.99780000,30.09027000,b,l,
1526966607.058,0.99950000,75.00000000,b,l,
1526936160.7551,1.00030000,4023.92635503,b,m,
1527024714.2991,0.99790000,30.06374000,s,m,
1527021610.1175,0.99720000,30.08393000,s,l,
1527020110.9435,0.99400000,1269.20492957,s,m,
1526875115.5927,1.00130000,34.56021000,b,m,
1526981912.8715,0.99930000,9.89999880,s,m,
1526994299.3859,0.99940000,30.01921000,s,l,
1526912285.3519,0.99900000,1313.80408528,b,l,
1527017091.9079,0.99770000,30.08786000,b,l,
1527021610.19,0.99420000,30.17593000,s,l,
1526869729.399,1.00180000,75.00000000,s,m,
1526875115.6114,1.00140000,34.56777000,b,m,
1527017057.0326,0.99770000,942.76474614,b,l,
1526941107.547,0.99840000,594.56093625,s,m,
1526989131.8985,0.99980000,30.02732000,b,m,
1526865924.2234,1.00040000,387.35528943,b,m,
1527016942.7482,0.99000000,9855.72300000,b,l,
1527014321.2382,0.99900000,0.00582704,b,m,
1527019413.94,0.99770000,30.06856000,s,m,
1526913351.0853,0.99780000,0.00001926,s,m,
1526865683.2132,1.00020000,0.10184946,s,l,
1526991163.1306,0.99960000,17.72310000,s,l,
1527016941.0232,0.99000000,22941.03300000,b,l,
1526864293.5877,1.00020000,14.66251338,s,l,
1526975711.6779,0.99930000,75.00000000,s,l,
1526986381.8763,0.99930000,0.00000785,s,l,
1527016938.0306,0.99870000,9000.00000000,s,l,
1527011826.5876,0.99870000,694.53484529,s,m,
1526873531.9406,1.00120000,29.99850000,b,m,
1527029985.8914,0.99850000,74.99812425,b,l,
1526875703.7493,1.00070000,4.82702503,s,l,
1527024429.5797,0.99780000,30.11171000,b,l,
1527017698.748,0.99790000,0.00054649,b,l,
1527004761.4645,0.99900000,173.95607000,b,m,
1526865984.0709,1.00180000,29.99400000,b,l,
1527016937.965,0.99900000,30.03033000,s,l,
1527017699.7915,0.99790000,30.06761351,b,l,
1527014321.259,0.99900000,30.03544000,b,m,
1526979860.5436,0.99900000,671.87500000,b,l,
1526950383.291,0.99970000,1550.57270102,b,l,
1527016942.1026,0.99000000,9000.00000000,b,l,
1527019513.4021,0.99780000,30.09027000,b,l,
1527024714.3813,0.99080000,30.27948000,s,m,
1526871389.2467,1.00000000,2155.32783685,s,m,
1526871389.1965,1.00070000,34.53355000,s,m,
1526913936.1042,0.99890000,74.57530508,b,l,
1526955183.494,0.99960000,30.04958000,b,l,
1526875707.8007,1.00070000,25.64814500,s,l,
1527021798.5835,0.99780000,0.00077000,b,l,
1526888756.1325,0.99680000,47654.53845526,s,m,
1526989131.9226,0.99990000,5.00500502,b,m,
1526873531.926,1.00120000,29.99850000,b,m,
1527019513.3935,0.99780000,0.00054000,b,l,
1526875709.6188,1.00070000,19.08426852,s,l,
1526939217.8154,0.99880000,0.00290502,s,m,
1527018868.6361,0.99810000,32.50000000,b,m,
1527016943.1341,0.99000000,1508.81100000,b,l,
1527014321.2928,0.99900000,30.03544000,b,m,
1526873531.9758,1.00120000,29.99850000,b,m,
1526875115.6161,1.00140000,34.56777000,b,m,
1527007793.4059,0.99880000,17.02806556,s,l,
1526974698.0595,0.99970000,0.00005964,s,m,
1527017898.1941,0.99780000,75.00000000,s,l,
1526865984.0598,1.00180000,31.63308000,b,l,
1527023851.5276,0.99780000,0.00000001,s,m,
1526924679.4818,0.99790000,0.00002441,s,m,
1526874752.4223,1.00070000,34.57248000,s,l,
1526875115.5993,1.00130000,34.56021000,b,m,
1526922201.7928,0.99820000,26.00000000,s,m,
1526863426.1782,1.00050000,28.66907710,s,l,
1527016938.1625,0.99400000,154.60147035,s,l,
1526932881.1791,0.99940000,37.49999998,b,m,
1526871389.2303,1.00030000,34.52043000,s,m,
1526906435.8866,0.99900000,291.38656715,b,l,
1527016944.9049,0.99000000,13076.38900000,b,l,
1526967302.3037,0.99950000,869.60240136,b,m,
1527021610.2049,0.99090000,30.27581000,s,l,
1526936160.7619,1.00030000,0.00000006,b,m,
1526864743.7473,1.00020000,34.53009000,s,l,
1526865982.2602,1.00060000,344.67216315,b,l,
1526873531.8812,1.00120000,29.99850000,b,m,
1526865806.235,1.00020000,34.53009000,s,l,
1526865572.6837,1.00020000,18.04361513,s,l,
1526875719.213,1.00070000,5.95556072,s,l,
1526933355.0547,0.99960000,0.00000007,s,m,
1527024310.6945,0.99800000,405.80500000,s,m,
1526865984.0664,1.00180000,30.72877000,b,l,
1526991167.4937,0.99940000,30.01921000,s,l,
1527016938.2234,0.99000000,100.00000000,s,l,
1526941107.5496,0.99830000,9000.00000000,s,m,
1527024433.2284,0.99810000,30.08347000,b,l,
1526875115.5551,1.00130000,34.56561000,b,m,
1527027127.5504,0.99870000,75.00000000,b,l,
1527031224.9567,0.99880000,15.00000000,s,m,
1526982073.6726,0.99940000,75.00000000,b,l,
1526998458.2413,0.99900000,75.00000000,b,l,
1527030687.0214,0.99910000,0.00082880,b,m,
1526863293.101,1.00200000,27320.31916168,b,l,
1527021813.8044,0.99790000,0.00018000,b,l,
1526874731.1741,1.00070000,17.53439132,s,l,
1526875711.9788,1.00070000,12.51991462,s,l,
1526909447.9672,0.99860000,30.04356000,s,m,
1527016938.0411,0.99860000,30.04086000,s,l,
1526869729.4996,1.00070000,30.51613624,s,m,
1527021610.1682,0.99430000,30.17228000,s,l,
1527027175.0268,0.99860000,30.04116000,s,m,
1526873531.9034,1.00120000,29.99850000,b,m,
1526900983.2214,0.99870000,30.03845000,s,l,
1526875725.2019,1.00070000,20.48209114,s,l,
1526865984.0991,1.00180000,29.99400000,b,l,
1527021816.7038,0.99790000,14.81700000,b,l,
1526955183.4858,0.99910000,75.00000000,b,l,
1526900181.8936,0.99880000,74.99564317,b,l,
1527014321.2797,0.99900000,30.03815000,b,m,
1527024714.3159,0.99780000,30.06735000,s,m,
1527016947.1682,0.99000000,9000.00000000,b,l,
1526939217.7972,0.99990000,5.01210000,s,m,
1527014875.9864,0.99920000,75.00000000,s,m,
1527014876.0288,0.99900000,30.03033000,s,m,
1526923368.4644,0.99890000,74.99998740,b,l,
1526995088.2351,0.99940000,30.01681000,s,m,
1526994400.2253,0.99950000,19.94003946,s,l,
1526873531.9591,1.00120000,29.99850000,b,m,
1527021819.8063,0.99790000,0.00059000,b,l,
1526883812.6777,0.99900000,56.79364000,b,l,
1527016937.9353,0.99900000,30.03033000,s,l,
1527027175.061,0.99770000,30.06856000,s,m,
1527017042.3903,0.99700000,30.28192000,b,l,
1526897775.6333,0.99890000,30.04386000,b,l,
1527016947.9651,0.99000000,903.64200000,b,l,
1526933612.0651,1.00000000,2407.28966423,b,m,
1526874691.1395,1.00080000,75.00000000,s,l,
1527021610.1521,0.99430000,30.17228000,s,l,
1527024488.247,0.99860000,30.06675000,s,l,
1527017044.2702,0.99780000,1000.00000000,b,l,
1526871389.2418,1.00000000,344.67216315,s,m,
1526959856.7684,0.99920000,30.02462000,s,l,
1526973954.9572,0.99990000,720.53498190,b,m,
1527016938.1513,0.99490000,22941.03300000,s,l,
1526873686.8575,1.00080000,34.57248000,s,l,
1526936160.8245,1.00180000,34.57001000,b,m,
1526875658.3946,1.00080000,74.98725520,s,l,
1526873687.1201,1.00080000,74.99868042,s,l,
1527027175.0562,0.99770000,30.06856000,s,m,
1526955183.5092,0.99980000,46.97004000,b,l,
1527021610.1923,0.99400000,1037.64572434,s,l,
1526875736.8661,1.00070000,7.44954261,s,l,
1526967302.3138,0.99990000,2500.00000000,b,m,
1526966607.0845,0.99980000,30.01641000,b,l,
1526873689.87,1.00070000,34.57248000,s,l,
1526967302.2814,0.99930000,30.06102000,b,m,
1527024714.2782,0.99810000,30.05560000,s,m,
1526995088.2429,0.99940000,30.01681000,s,m,
1526875738.7591,1.00070000,5.71823675,s,l,
1526939217.8253,0.99860000,1309.43195473,s,m,
1527021610.1261,0.99540000,9000.00000000,s,l,
1526924834.7519,0.99900000,30.03815000,b,l,
1527019413.9423,0.99770000,30.06856000,s,m,
1526865924.2445,1.00060000,34.49660000,b,m,
1527014321.3643,0.99950000,30.02582000,b,m,
1527014321.2443,0.99900000,30.03544000,b,m,
1526989131.8633,0.99930000,30.02642000,b,m,
1526966965.9341,0.99950000,75.00000000,s,m,
1526920177.1407,0.99890000,75.00000000,b,l,
1526936160.7463,1.00020000,8.71013898,b,m,
1526875697.2987,1.00080000,41.14721971,s,l,
1526932881.1852,0.99960000,2045.00000000,b,m,
1526875703.7451,1.00080000,33.85278029,s,l,
1526873875.3394,1.00080000,39.55897947,s,l,
1526875705.2366,1.00070000,32.16397516,s,l,
1526869729.4372,1.00160000,34.54098000,s,m,
1526875707.8037,1.00070000,15.48220148,s,l,
1527014876.0199,0.99900000,30.03033000,s,m,
1526876426.1118,1.00080000,7.61365050,s,l,
1526959856.9277,0.99910000,9000.00000000,s,l,
1526966966.0148,0.99880000,787.38616820,s,m,
1526863424.4349,1.00050000,46.33092290,s,l,
1526863426.1822,1.00050000,17.66249550,s,l,
1526865984.1365,1.00180000,29.99400000,b,l,
1527014321.2613,0.99900000,30.03544000,b,m,
1527016937.9756,0.99900000,30.03033000,s,l,
1526875719.2187,1.00070000,0.62832896,s,l,
1526995309.8184,0.99910000,1049.65593564,s,m,
1526875721.2768,1.00070000,33.93824104,s,l,
1526875722.5771,1.00070000,27.35435136,s,l,
1526875725.1966,1.00070000,20.71941511,s,l,
1526891743.3416,0.99880000,30.04146000,s,l,
1526875727.2166,1.00070000,14.08447886,s,l,
1526873689.8721,1.00070000,34.57248000,s,l,
1526933888.6114,0.99990000,2499.99854749,b,m,
1527016938.0255,0.99880000,823.83595314,s,l,
1526871389.237,1.00030000,3311.66255123,s,m,
1526989131.8958,0.99980000,30.02732000,b,m,
1526986340.8556,0.99930000,0.76666746,s,l,
1526875738.7565,1.00070000,34.56657000,s,l,
1526875115.5873,1.00130000,34.56021000,b,m,
1526875740.8773,1.00070000,12.34912405,s,l,
1526922170.5423,0.99880000,30.04416000,b,m,
1526893653.4594,0.99850000,75.00000000,b,l,
1527004314.4235,0.99870000,75.00000000,s,m,
1526876432.3793,1.00070000,28.88734437,s,l,
1526869729.4905,1.00070000,34.53255000,s,m,
1526864743.7545,1.00020000,28.60779799,s,l,
1526986340.8496,0.99930000,384.10039622,s,l,
1527017062.3104,0.99780000,922.05953386,b,l,
1526867057.5157,1.00200000,4771.40018796,b,m,
1527024386.8694,0.99740000,30.07941000,s,m,
1527002044.14,0.99880000,321.69288723,s,m,
1526909447.9626,0.99860000,30.04356000,s,m,
1526880530.3554,0.99900000,13076.38900000,b,l,
1526912285.3449,0.99860000,30.07941000,b,l,
1526921341.8812,0.99850000,0.00150902,s,m,
1526910041.8812,0.99860000,6.84754528,b,l,
1527020110.9386,0.99500000,39.64809746,s,m,
1527014876.0326,0.99900000,30.03033000,s,m,
1526876435.7462,1.00070000,20.85144567,s,l,
1527016938.0181,0.99900000,30.03033000,s,l,
1526965182.5388,0.99950000,30.02312000,b,l,
1526875115.5177,1.00060000,29.99520000,b,m,
1526919841.3623,0.99890000,75.00000000,b,l,
1526995088.2608,0.99920000,0.00853710,s,m,
1526974079.8465,0.99990000,5.00000000,b,m,
1527024386.6505,0.99790000,75.00000000,s,m,
1527020110.9087,0.99700000,30.09027000,s,m,
1527017068.7626,0.99790000,75.00000000,b,l,
1526876439.1068,1.00070000,24.47332893,s,l,
1526986381.8779,0.99930000,0.00000002,s,l,
1526966607.0734,0.99980000,30.01641000,b,l,
1526865984.0948,1.00180000,29.99400000,b,l,
1526995539.0552,0.99920000,74.99999427,s,l,
1526936201.4777,1.00000000,34.58744000,b,l,
1527016943.1086,0.99000000,4398.29600000,b,l,
1526979802.3674,0.99880000,30.04958000,b,l,
1526924679.4838,0.99790000,0.00000005,s,m,
1527023636.3249,0.99770000,75.00000000,s,m,
1526881221.55,0.99890000,64.11350000,b,l,
1526953632.627,0.99850000,30.04416000,s,m,
1526991294.8518,0.99960000,30.01741000,b,l,
1527004102.2031,0.99890000,74.99953125,b,l,
1526924834.7824,0.99950000,1921.83177783,b,l,
1526967302.3194,1.00000000,18488.52180000,b,m,
1526865984.1559,1.00180000,29.99400000,b,l,
1526874752.4359,1.00070000,34.57248000,s,l,
1526881223.8122,0.99900000,64.10304450,b,l,
1526917462.3057,0.99880000,30.03544000,s,m,
1526924834.6935,0.99840000,12801.92336919,b,l,
1526875115.5319,1.00070000,2298.07279990,b,m,
1526887417.2641,0.99870000,0.01992024,s,l,
1526876448.7182,1.00070000,29.85243123,s,l,
1526873531.8943,1.00120000,29.99850000,b,m,
1526974400.9363,0.99970000,12.87394104,s,m,
1526966965.9946,0.99940000,30.01651000,s,m,
1527020110.941,0.99480000,13000.00000000,s,m,
1526925002.2581,0.99930000,75.00000000,b,l,
1526876450.4632,1.00070000,4.71655877,s,l,
1526916045.9751,0.99880000,75.00000000,b,m,
1526865984.0576,1.00180000,31.63308000,b,l,
1526903160.0254,0.99860000,30.05018000,b,l,
1526901027.8539,0.99870000,30.05771000,b,m,
1527017091.9139,0.99770000,30.08786000,b,l,
1526863293.0917,1.00190000,100.15000000,b,l,
1527024429.5598,0.99780000,30.11171000,b,l,
1526922873.1434,0.99900000,47906.17000000,b,m,
1527024714.377,0.99080000,30.27948000,s,m,
1526966965.988,0.99940000,30.01651000,s,m,
1526989131.8936,0.99960000,30.02352000,b,m,
1526887375.2747,0.99900000,25.00000000,b,l,
1526995088.2563,0.99920000,2160.17789223,s,m,
1526865687.5666,1.00020000,4.61750058,s,l,
1526875115.561,1.00130000,34.56561000,b,m,
1527022544.2032,0.99800000,99.60079856,s,l,
1526995309.8137,0.99910000,30.02642000,s,m,
1527016938.0214,0.99880000,200.24028834,s,l,
1526873531.8987,1.00120000,29.99850000,b,m,
1527020365.3415,0.99750000,855.47580000,s,m,
1526921247.274,0.99880000,75.00000000,s,m,
1526903887.0614,0.99880000,75.00000000,b,l,
1526902187.5329,0.99830000,8527.65866267,s,m,
1526941421.728,0.99890000,19.77590653,b,l,
1526864743.745,1.00020000,34.53009000,s,l,
1526901027.828,0.99860000,75.00000000,b,m,
1526922878.4964,0.99860000,1.07837834,s,m,
1526884086.1829,0.99890000,39.00000000,b,m,
1526875115.6019,1.00130000,34.56021000,b,m,
1527021610.1769,0.99430000,30.17228000,s,l,
1526998221.1281,0.99880000,0.01869767,s,m,
1526865806.1964,1.00020000,9.13315170,s,l,
1526936160.7349,1.00010000,30.00240000,b,m,
1526947504.5038,0.99830000,674.64509194,s,m,
1526912780.6938,0.99890000,544.08165984,b,l,
1526966607.0823,0.99980000,30.01641000,b,l,
1526966966.0307,0.99820000,30.05319000,s,m,
1527027868.6801,0.99750000,1321.18874044,s,m,
1527017091.9248,0.99790000,0.00056000,b,l,
1526967302.2947,0.99930000,30.06102000,b,m,
1526980404.7783,0.99900000,2174.24931252,b,l,
1527021610.1834,0.99430000,30.17228000,s,l,
1526876015.1127,1.00070000,34.56657000,s,l,
1526873531.9484,1.00120000,29.99850000,b,m,
1526924834.7272,0.99900000,30.03815000,b,l,
1526901027.8445,0.99870000,30.05771000,b,m,
1526875115.5638,1.00130000,34.56021000,b,m,
1526979859.4124,0.99900000,2901.91300000,b,l,
1526922170.5545,0.99880000,30.04416000,b,m,
1526936160.8358,1.00200000,5409.74522328,b,m,
1526923806.3357,0.99850000,30.08243000,b,l,
1526865924.2631,1.00060000,34.50235000,b,m,
1526939217.8675,0.99830000,30.05018000,s,m,
1527014321.3504,0.99950000,30.02312000,b,m,
1526980233.3952,0.99890000,0.08054614,b,l,
1527019413.9469,0.99770000,30.06856000,s,m,
1526888756.1069,0.99880000,75.00000000,s,m,
1526873531.9565,1.00120000,29.99850000,b,m,
1526887391.4369,0.99900000,13076.38900000,b,l,
1527016938.1752,0.99110000,1000.00000000,s,l,
1527014321.3224,0.99950000,30.02312000,b,m,
1527020110.8671,0.99740000,75.00000000,s,m,
1527019335.9551,0.99780000,0.06474078,s,m,
1526875977.4199,1.00070000,22.21744595,s,l,
1526875979.4376,1.00070000,4.89090951,s,l,
1526995818.6035,0.99910000,269.22561401,s,l,
1526986381.8744,0.99930000,0.00393634,s,l,
1527021610.2162,0.99000000,52.85667994,s,l,
1527016937.962,0.99900000,30.03033000,s,l,
1527016938.0866,0.99700000,82.14124994,s,l,
1527020110.8858,0.99700000,30.09027000,s,m,
1527024714.2714,0.99830000,75.00000000,s,m,
1526913353.0692,0.99890000,30.04898000,b,l,
1526871389.2553,0.99990000,0.00025867,s,m,
1526875979.4476,1.00070000,34.56657000,s,l,
1527021610.15,0.99430000,30.17228000,s,l,
1527017104.8632,0.99770000,30.08786000,b,l,
1526974306.1657,0.99990000,578.46501809,b,m,
1526991163.1366,0.99960000,74.99987375,s,l,
1526874752.4312,1.00070000,34.57248000,s,l,
1526901027.842,0.99870000,30.05771000,b,m,
1527020126.2418,0.99820000,30.27795000,b,l,
1526884204.2782,0.99890000,15.86347100,b,l,
1526876015.1173,1.00070000,34.56657000,s,l,
1526930463.4304,0.99940000,30.05018000,b,m,
1526884209.6152,0.99890000,15.86301000,b,l,
1526988792.2485,0.99930000,30.03228000,b,l,
1526939217.9022,0.99720000,0.00000219,s,m,
1526897641.1112,0.99860000,74.99906052,b,l,
1527019335.947,0.99780000,32.43512974,s,m,
1526903619.9596,0.99890000,19.76570000,b,m,
1526991167.4907,0.99940000,30.01921000,s,l,
1527017109.2219,0.99790000,0.00028000,b,l,
1527016938.0385,0.99860000,30.04116000,s,l,
1526875115.5694,1.00130000,34.56021000,b,m,
1527016938.013,0.99900000,30.03033000,s,l,
1527016938.0054,0.99900000,30.03033000,s,l,
1527024429.567,0.99780000,30.11171000,b,l,
1527014321.247,0.99900000,30.03544000,b,m,
1527016938.0025,0.99900000,30.03033000,s,l,
1527016938.1567,0.99400000,18.00000000,s,l,
1527019413.9841,0.99700000,883.26960000,s,m,
1527020110.9111,0.99700000,30.09027000,s,m,
1526875115.578,1.00130000,34.56021000,b,m,
1527024714.3727,0.99090000,30.27551000,s,m,
1526966965.9836,0.99940000,30.01651000,s,m,
1526923806.3381,0.99850000,14.83512680,b,l,
1527022657.516,0.99800000,75.00000000,s,m,
1526989131.8474,0.99930000,14.95182972,b,m,
1526884256.2934,0.99880000,0.00015507,s,m,
1527025571.3275,0.99790000,30.06856000,b,l,
1526874752.4008,1.00070000,11.18704548,s,l,
1526920177.1456,0.99890000,75.00000000,b,l,
1526950383.2431,0.99870000,30.05033000,b,l,
1527017057.0403,0.99770000,30.08786000,b,l,
1526913351.0744,0.99840000,30.04898000,s,m,
1527024386.8782,0.99740000,30.07941000,s,m,
1526875115.6065,1.00130000,34.55969000,b,m,
1527019440.1714,0.99780000,0.00046000,b,l,
1527019442.6342,0.99780000,30.09027000,b,l,
1526875115.6139,1.00140000,34.56777000,b,m,
1526865924.2676,1.00060000,34.50235000,b,m,
1526913353.0529,0.99850000,1007.80601744,b,l,
1526912285.3427,0.99860000,30.07941000,b,l,
1527019455.2516,0.99780000,0.00019000,b,l,
1526974400.9384,0.99970000,0.02565896,s,m,
1526953632.624,0.99850000,30.04416000,s,m,
1527019458.3236,0.99780000,30.09008000,b,l,
1526989131.8869,0.99960000,30.03875000,b,m,
1527016938.1857,0.99030000,10000.00000000,s,l,
1526966607.0503,0.99940000,75.00000000,b,l,
1527024737.8008,0.99770000,1000.00000000,b,l,
1526872388.8059,1.00030000,18.41270900,s,l,
1527019465.9083,0.99780000,30.09027000,b,l,
1527019466.7256,0.99790000,60.18100000,b,l,
1527019467.7523,0.99790000,60.18100000,b,l,
1527024429.5874,0.99780000,30.11171000,b,l,
1526865570.5985,1.00020000,16.48647487,s,l,
1526974416.3229,0.99920000,30.02432000,s,m,
1527020126.2343,0.99820000,30.27795000,b,l,
1526933612.0601,0.99990000,2499.99709498,b,m,
1526939217.8305,0.99830000,30.05018000,s,m,
1527020126.2606,0.99850000,77.56586153,b,l,
1526887417.2659,0.99870000,0.00003976,s,l,
1527024714.3131,0.99780000,30.06735000,s,m,
1526865572.6895,1.00020000,23.87726680,s,l,
1526939217.8175,0.99880000,2499.99854749,s,m,
1526966607.08,0.99980000,30.01641000,b,l,
1526876124.9555,1.00080000,16.92185330,s,l,
1527024386.8555,0.99740000,30.07941000,s,m,
1526995088.2244,0.99940000,30.01921000,s,m,
1527017699.8058,0.99790000,3.40870649,b,l,
1526900706.154,0.99880000,75.00000000,b,l,
1527022657.5574,0.99780000,30.06554000,s,m,
1527021610.1856,0.99430000,30.17228000,s,l,
1526900709.5164,0.99890000,30.04116000,b,l,
1526888756.1131,0.99860000,13076.38900000,s,m,
1526936160.8096,1.00180000,34.56629000,b,m,
1527030398.0776,0.99890000,30.04116000,b,m,
1527023600.8056,0.99780000,13.03938000,s,l,
1526892529.4416,0.99700000,30.09027000,s,m,
1526924834.7593,0.99910000,2045.00000000,b,l,
1527021610.2144,0.99000000,26481.19665237,s,l,
1527016937.9913,0.99900000,30.03033000,s,l,
1526875115.6183,1.00140000,34.56777000,b,m,
1527019513.3974,0.99780000,30.09027000,b,l,
1526979866.3073,0.99900000,13076.38900000,b,l,
1526892529.4268,0.99880000,30.03544000,s,m,
1527017130.5236,0.99780000,75.00000000,b,l,
1526865924.2609,1.00060000,34.50235000,b,m,
1526955183.5568,0.99980000,46.72757000,b,l,
1526884256.2953,0.99880000,0.00000031,s,m,
1527024714.3662,0.99250000,100.00000000,s,m,
1526936160.8145,1.00180000,34.56629000,b,m,
1527024737.5054,0.99770000,939.47342000,b,l,
1527017132.758,0.99790000,0.04090000,b,l,
1526988792.2541,0.99930000,15.07459028,b,l,
1526955183.4829,0.99910000,75.00000000,b,l,
1526900751.9955,0.99900000,545.43057030,b,l,
1526953632.6304,0.99850000,29.82336000,s,m,
1526939217.8959,0.99720000,274.78727258,s,m,
1527023636.3206,0.99780000,821.07620000,s,m,
1526881966.8832,0.99890000,8.09579715,s,l,
1526863293.071,1.00140000,0.00101704,b,l,
1527020365.3465,0.99740000,2.26304651,s,m,
1527024714.3363,0.99780000,30.06645000,s,m,
1526863901.2685,1.00060000,74.98323007,s,l,
1526921247.2767,0.99870000,25.18262000,s,m,
1526863904.0978,1.00040000,34.53009000,s,l,
1526947504.5059,0.99830000,0.35490806,s,m,
1526888756.1167,0.99850000,500.00000000,s,m,
1526967302.2925,0.99930000,30.06102000,b,m,
1526876099.175,1.00080000,16.91270190,s,l,
1526989131.92,0.99990000,1143.33141077,b,m,
1526933546.1717,0.99960000,20.00000000,b,m,
1526933547.1849,0.99980000,5500.00000000,b,m,
1527029465.24,0.99780000,791.97970000,s,m,
1527024714.2659,0.99840000,13879.30959780,s,m,
1527027763.7359,0.99850000,10.00000000,s,m,
1526974416.3204,0.99920000,30.02432000,s,m,
1526924679.4711,0.99810000,75.00000000,s,m,
1526979868.7485,0.99900000,3417.24000000,b,l,
1526924834.7411,0.99900000,30.03815000,b,l,
1527014321.2822,0.99900000,30.03815000,b,m,
1527019413.987,0.99700000,1766.53910000,s,m,
1526921247.2861,0.99850000,25.78978000,s,m,
1526975231.1247,0.99930000,9.99558938,s,m,
1526921281.2287,0.99850000,13.31373460,s,l,
1526876227.383,1.00080000,74.99839929,s,l,
1526978630.7323,0.99860000,21.20662643,s,l,
1526950383.2836,0.99960000,1310.71523551,b,l,
1526865982.2765,1.00170000,4777.71959553,b,l,
1526989131.927,0.99990000,1106.72527253,b,m,
1526865984.0443,1.00180000,34.50883000,b,l,
1526863953.4349,1.00040000,34.53009000,s,l,
1526876242.7682,1.00080000,75.00000000,s,l,
1527030398.0845,0.99890000,30.04116000,b,m,
1526876246.3582,1.00070000,34.56657000,s,l,
1526895194.1372,0.99880000,75.00000000,b,l,
1527017104.8888,0.99790000,0.00028000,b,l,
1527028751.7654,0.99770000,793.18300000,s,l,
1526863964.3998,1.00040000,75.00000000,s,l,
1527024742.7012,0.99770000,1000.00000000,b,l,
1526917462.3244,0.99880000,9.89368000,s,m,
1526936160.7949,1.00180000,34.56464000,b,m,
1526933547.1899,0.99990000,4415.42966423,b,m,
1527028752.1076,0.99760000,1421.22700000,s,l,
1526924834.7735,0.99930000,2045.00000000,b,l,
1526959856.9362,0.99900000,0.00066718,s,l,
1527024386.851,0.99740000,30.07941000,s,m,
1526909447.9575,0.99880000,370.41373424,s,m,
1526876267.7777,1.00070000,19.82238837,s,l,
1526933612.0625,0.99990000,0.00290502,b,m,
1526955183.5636,0.99990000,854.29322135,b,l,
1527020110.9039,0.99700000,30.09027000,s,m,
1526877308.9057,0.99930000,34.03662000,s,l,
1527017700.9934,0.99790000,30.06856000,b,l,
1527024714.3386,0.99700000,100.00000000,s,m,
1526865806.2329,1.00020000,34.53009000,s,l,
1526875115.6482,1.00190000,34.52435000,b,m,
1527024255.1051,0.99770000,1000.00000000,b,l,
1526921341.8727,0.99860000,75.00000000,s,m,
1527030398.0517,0.99870000,2553.28729301,b,m,
1527028835.4537,0.99800000,75.00000000,s,m,
1526962309.312,0.99940000,37.50000000,b,l,
1527019655.2438,0.99780000,75.00000000,b,l,
1526865984.0555,1.00180000,32.56400000,b,l,
1527013423.0312,0.99880000,4994.05879117,s,l,
1526951365.9094,0.99900000,18.75000000,b,l,
1526922170.5469,0.99880000,30.04416000,b,m,
1527021743.6724,0.99740000,30.09148000,b,l,
1526995309.804,0.99910000,25.02252026,s,m,
1526995088.2085,0.99940000,30.01921000,s,m,
1526873895.2936,1.00080000,54.19743023,s,l,
1526865495.1085,1.00020000,34.53009000,s,l,
1526934553.248,1.00020000,593.47640000,b,m,
1526864024.2965,1.00020000,0.00041918,s,l,
1526892228.3289,0.99890000,21.18414404,b,l,
1527024247.1219,0.99770000,1000.00000000,b,l,
1527027868.6774,0.99760000,792.16730000,s,m,
1527021610.1812,0.99430000,30.17228000,s,l,
1526873531.9616,1.00120000,29.99850000,b,m,
1526909091.7676,0.99880000,9.87393214,s,m,
1526974416.2875,0.99970000,30.00825000,s,m,
1526939217.8283,0.99830000,30.05018000,s,m,
1526967302.2903,0.99930000,30.06102000,b,m,
1526884256.2868,0.99880000,38.92215569,s,m,
1526975711.687,0.99900000,1177.01731731,s,l,
1526980447.0536,0.99930000,30.02913000,b,l,
1526871389.1842,1.00070000,34.53350000,s,m,
1526873531.9538,1.00120000,29.99850000,b,m,
1526865707.371,1.00020000,24.14037114,s,l,
1526872436.0247,1.00030000,19.75791500,s,l,
1526930463.4233,0.99940000,126.16214706,b,m,
1526925002.2669,0.99950000,155.95577783,b,l,
1527017699.7984,0.99790000,30.06856000,b,l,
1526967302.2969,0.99930000,30.06102000,b,m,
1526865984.121,1.00180000,29.99400000,b,l,
1527028835.4591,0.99770000,792.94010000,s,m,
1527024386.8804,0.99740000,30.07941000,s,m,
1526876356.5651,1.00080000,39.99279360,s,l,
1526876358.3893,1.00080000,35.00720640,s,l,
1526876361.2799,1.00080000,39.99279360,s,l,
1527004194.1269,0.99890000,0.00046875,b,m,
1526872270.0017,1.00040000,75.00000000,s,l,
1526872271.5304,1.00030000,154.85190443,s,l,
1526903160.045,0.99870000,2.85256000,b,l,
1526903160.0226,0.99850000,75.00000000,b,l,
1526877219.8739,1.00020000,14014.76545090,s,l,
1527014321.2252,0.99890000,30.04431000,b,m,
1526891219.2766,0.99860000,0.00060445,b,l,
1527024714.3341,0.99780000,30.06645000,s,m,
1527024429.5823,0.99780000,30.11171000,b,l,
1526875115.5354,1.00070000,27.06613123,b,m,
1526865984.0511,1.00180000,33.52231000,b,l,
1526924834.7616,0.99910000,5500.00000000,b,l,
1526876387.9452,1.00080000,30.02161920,s,l,
1526923817.1185,0.99840000,0.00000660,b,l,
1526876390.4034,1.00080000,17.51662410,s,l,
1526871389.2239,1.00030000,34.52043000,s,m,
1526865984.132,1.00180000,29.99400000,b,l,
1526974698.0342,0.99970000,14.97005988,s,m,
1527023851.5138,0.99790000,75.00000000,s,m,
1526902187.5348,0.99830000,17.02127478,s,m,
1526871389.2217,1.00050000,34.53255000,s,m,
1527029465.2466,0.99770000,0.00002471,s,m,
1526876400.7129,1.00080000,39.94567230,s,l,
1526875115.6206,1.00140000,34.56777000,b,m,
1527030398.0659,0.99890000,30.04116000,b,m,
1527021610.1133,0.99730000,10571.50989733,s,l,
1527016937.9675,0.99900000,30.03033000,s,l,
1527020110.9276,0.99680000,13076.38900000,s,m,
1526900983.2096,0.99880000,30.03544000,s,l,
1526923733.0171,0.99740000,30.07941000,s,m,
1527020110.8907,0.99700000,30.09027000,s,m,
1526891562.6231,0.99890000,75.00000000,b,l,
1526865984.0838,1.00180000,29.99400000,b,l,
1526933888.6145,1.00000000,20001.89290502,b,m,
1526974416.2756,0.99970000,17.10865000,s,m,
1526865806.2216,1.00020000,34.53009000,s,l,
1526876426.1143,1.00080000,32.33202180,s,l,
1526876429.9374,1.00080000,39.94567230,s,l,
1526966607.0632,0.99960000,30.02522000,b,l,
1526876432.3743,1.00080000,2.72230590,s,l,
1526876434.3174,1.00070000,26.23054797,s,l,
1526876435.7505,1.00070000,19.09422663,s,l,
1526880533.2571,0.99900000,13076.38900000,b,l,
1527029465.2361,0.99820000,75.00000000,s,m,
1526877219.8789,1.00010000,2500.00000000,s,l,
1526923733.0246,0.99710000,12887.06695099,s,m,
1526998221.1151,0.99880000,1677.41174972,s,m,
1526933893.2569,0.99970000,46.40000000,s,m,
1526865806.2372,1.00020000,34.53009000,s,l,
1526876450.4681,1.00030000,35.22911353,s,l,
1526901027.8588,0.99890000,75.00000000,b,m,
1526876452.452,1.00040000,39.94567230,s,l,
1526916045.9782,0.99900000,6850.00000000,b,m,
1526875115.6438,1.00190000,34.52435000,b,m,
1526865626.4733,1.00030000,1.45097021,s,l,
1526865924.2517,1.00060000,34.50235000,b,m,
1526888756.1096,0.99870000,8990.00000000,s,m,
1527014321.2415,0.99900000,30.03544000,b,m,
1526912285.3379,0.99860000,23.23186472,b,l,
1526991163.1339,0.99960000,30.01140000,s,l,
1527016938.2122,0.99000000,50000.00000000,s,l,
1526991167.4861,0.99960000,0.00012625,s,l,
1526872386.8429,1.00030000,18.41270900,s,l,
1526917443.984,0.99890000,75.00000000,b,l,
1526917444.0524,0.99900000,26.92802803,b,l,
1526872391.4471,1.00030000,18.41666700,s,l,
1526913353.0608,0.99860000,75.00000000,b,l,
1527021610.1317,0.99450000,427.73760000,s,l,
1526933547.1723,0.99970000,2626.16027577,b,m,
1526966607.0956,0.99990000,1609.69946995,b,l,
1527016997.5205,0.99680000,1814.87460000,s,l,
1527016937.9247,0.99900000,30.03033000,s,l,
1527016938.2088,0.99000000,100000.00000000,s,l,
1527000609.3927,0.99900000,30.03544000,b,m,
1526917462.3319,0.99870000,30.03815000,s,m,
1526995088.2509,0.99940000,30.01681000,s,m,
1526869729.4881,1.00070000,34.53255000,s,m,
1527016944.4846,0.99000000,4054.56500000,b,l,
1526925662.859,0.99950000,25.00000000,b,m,
1526991167.4995,0.99940000,30.01921000,s,l,
1527016938.1025,0.99670000,78113.44830000,s,l,
1526909091.7629,0.99880000,30.03544000,s,m,
1526877312.3105,0.99890000,13076.38900000,b,l,
1526995309.8065,0.99910000,30.02642000,s,m,
1526871389.2517,0.99990000,82.65379674,s,m,
1526988792.2406,0.99930000,30.03228000,b,l,
1526950383.236,0.99840000,75.00000000,b,l,
1526872436.0293,1.00030000,79.19175124,s,l,
1526963699.44,0.99920000,75.00000000,s,m,
1526933888.6028,0.99990000,2499.99854749,b,m,
1527016938.0437,0.99860000,30.04086000,s,l,
1527027127.5388,0.99860000,30.05560000,b,l,
1526939217.8462,0.99830000,30.05018000,s,m,
1526872453.8853,1.00030000,281.44853533,s,l,
1526865984.0642,1.00180000,30.72877000,b,l,
1527016938.0334,0.99860000,30.04116000,s,l,
1526865984.0906,1.00180000,29.99400000,b,l,
1526865646.5167,1.00030000,49.53591323,s,l,
1526864297.2468,1.00020000,34.53009000,s,l,
1527024889.7882,0.99780000,30.26329000,s,l,
1527025571.3417,0.99790000,30.06856000,b,l,
1526966965.9969,0.99940000,30.01651000,s,m,
1526876575.2235,1.00050000,74.99711345,s,l,
1527021610.1949,0.99360000,22941.03300000,s,l,
1526959856.9327,0.99900000,167.46222575,s,l,
1526876578.9951,1.00030000,74.99422690,s,l,
1526864293.5791,1.00020000,34.52967082,s,l,
1526864294.8356,1.00020000,34.53009000,s,l,
1526864297.2423,1.00020000,5.29673682,s,l,
1526916167.3502,0.99890000,75.00000000,b,m,
1526865984.1387,1.00180000,29.99400000,b,l,
1526936099.8552,0.99990000,0.03990020,s,m,
1526924834.7713,0.99920000,5500.00000000,b,l,
1527014321.2713,0.99900000,30.03544000,b,m,
1526966966.0129,0.99880000,1609.69946995,s,m,
1526875115.6303,1.00140000,34.56777000,b,m,
1526974698.0613,0.99970000,0.00000012,s,m,
1526876575.2174,1.00050000,75.00000000,s,l,
1527024714.3319,0.99780000,30.06645000,s,m,
1526991294.8342,0.99960000,30.01741000,b,l,
1526966965.9991,0.99920000,30.02522000,s,m,
1527017091.9107,0.99770000,30.08786000,b,l,
1526869729.495,1.00070000,34.53286000,s,m,
1527024071.2581,0.99780000,74.99994075,s,l,
1526876578.9891,1.00050000,0.00288655,s,l,
1526966965.9858,0.99940000,30.01651000,s,m,
1527024310.6981,0.99790000,75.00000000,s,m,
1527020126.2581,0.99850000,77.56586153,b,l,
1526875115.6089,1.00140000,34.56777000,b,m,
1526863293.0727,1.00140000,0.00000041,b,l,
1527016938.1381,0.99510000,3443.12732389,s,l,
1527016937.9782,0.99900000,30.03033000,s,l,
1526863904.1,1.00040000,34.53009000,s,l,
1526922170.5372,0.99850000,30.05319000,b,m,
1526939217.8131,0.99880000,1470.11553864,s,m,
1526903887.046,0.99880000,48.00000000,b,l,
1527019482.9775,0.99780000,380.13237307,b,l,
1526922170.5399,0.99880000,30.04416000,b,m,
1526864293.5827,1.00020000,34.53009000,s,l,
1526873531.8788,1.00120000,29.99850000,b,m,
1526951179.4808,0.99910000,37.50000000,b,l,
1526946834.7756,0.99850000,30.05319000,b,l,
1527020110.946,0.99380000,122.84381533,s,m,
1527016938.0281,0.99880000,823.83595314,s,l,
1526864294.8292,1.00020000,19.86757662,s,l,
1526917462.3344,0.99870000,4.85553000,s,m,
1526875115.6394,1.00190000,34.52435000,b,m,
1526897775.6283,0.99880000,30.04732000,b,l,
1526950383.2408,0.99850000,30.05319000,b,l,
1526865984.0861,1.00180000,29.99400000,b,l,
1527021610.1791,0.99430000,30.17228000,s,l,
1527011826.5949,0.99870000,300.46515471,s,m,
1527021610.1566,0.99430000,30.17228000,s,l,
1527017050.7504,0.99700000,30.28192000,b,l,
1527014321.2341,0.99900000,1470.78605101,b,m,
1526864297.2535,1.00020000,9.27742138,s,l,
1526913532.889,0.99890000,30.04386000,b,m,
1527021610.1477,0.99430000,30.17228000,s,l,
1526893653.4623,0.99860000,30.09027000,b,l,
1526865982.2693,1.00070000,2155.32783685,b,l,
1527024756.8646,0.99770000,30.26329000,b,l,
1526865806.226,1.00020000,34.53009000,s,l,
1527016938.0608,0.99800000,30.06102000,s,l,
1527014321.3554,0.99950000,30.02312000,b,m,
1527016937.9223,0.99900000,30.03033000,s,l,
1526909447.9502,0.99880000,30.03544000,s,m,
1526950409.3704,0.99970000,99.54808660,b,l,
1527022657.5621,0.99760000,0.67851190,s,m,
1527027175.0334,0.99860000,30.04116000,s,m,
1526865984.1496,1.00180000,29.99400000,b,l,
1526907309.0941,0.99890000,74.99931630,b,l,
1527017255.6226,0.99780000,154.60147035,s,l,
1526919599.38,0.99900000,25000.91000000,b,l,
1526910041.8679,0.99860000,30.07941000,b,l,
1526988792.2512,0.99930000,30.03228000,b,l,
1526919599.3758,0.99890000,75.00000000,b,l,
1527017130.5028,0.99780000,30.08755000,b,l,
1526924834.7454,0.99900000,30.03815000,b,l,
1527024386.6411,0.99800000,75.00000000,s,m,
1526900709.514,0.99890000,30.04116000,b,l,
1526871389.2077,1.00070000,34.53355000,s,m,
1526989131.903,0.99980000,30.02732000,b,m,
1526865671.5517,1.00020000,0.06010108,s,l,
1527014321.2305,0.99890000,30.04431000,b,m,
1526975231.122,0.99930000,75.00000000,s,m,
1526865672.9552,1.00020000,10.59272212,s,l,
1526933547.179,0.99980000,30.03003000,b,m,
1527028835.4426,0.99810000,396.67850000,s,m,
1526947504.5009,0.99840000,75.00000000,s,m,
1526875115.5382,1.00070000,32.41275873,b,m,
1526869729.4764,1.00070000,34.53255000,s,m,
1527014876.023,0.99900000,30.03033000,s,m,
1526959856.9231,0.99920000,30.02462000,s,l,
1526936160.8219,1.00180000,34.57001000,b,m,
1526962753.1657,0.99920000,13.53886800,s,l,
1526924834.7781,0.99940000,2045.00000000,b,l,
1526865984.1538,1.00180000,29.99400000,b,l,
1526863953.4384,1.00030000,0.00091656,s,l,
1526875115.6371,1.00190000,34.52435000,b,m,
1527020126.2198,0.99800000,998.00000000,b,l,
1526934381.555,1.00020000,1100.65316937,b,m,
1526935013.5329,1.00030000,1468.02579226,b,m,
1527020110.9253,0.99700000,30.09027000,s,m,
1527021758.4309,0.99780000,30.09027000,b,l,
1527016937.9993,0.99900000,30.03033000,s,l,
1527028835.4644,0.99760000,30.07097000,s,m,
1526865678.6631,1.00020000,19.42171676,s,l,
1526966966.0068,0.99880000,108.92157050,s,m,
1526901027.8494,0.99870000,30.05771000,b,m,
1526974416.3074,0.99970000,30.00751000,s,m,
1526994299.3886,0.99940000,17.61898716,s,l,
1527020126.2444,0.99820000,30.27795000,b,l,
1526873531.9695,1.00120000,29.99850000,b,m,
1526864297.249,1.00020000,34.53009000,s,l,
1527019440.1344,0.99780000,30.09027000,b,l,
1527021795.6185,0.99780000,30.07882000,b,l,
1526962789.0416,0.99950000,28.11691800,b,l,
1527020135.4431,0.99860000,30.17593000,s,l,
1527024386.876,0.99740000,30.07941000,s,m,
1526909447.9552,0.99880000,370.41373424,s,m,
1527019413.9613,0.99770000,30.06856000,s,m,
1527020141.0608,0.99860000,30.17259000,s,l,
1527020142.4544,0.99860000,30.17259000,s,l,
1527027175.0585,0.99770000,30.06856000,s,m,
1527021610.102,0.99770000,427.89740000,s,l,
1527020110.8827,0.99720000,1716.89090000,s,m,
1527024242.2583,0.99790000,75.00000000,s,l,
1526865683.2196,1.00020000,14.90536998,s,l,
1526991294.8285,0.99960000,30.01741000,b,l,
1527014321.32,0.99950000,30.02312000,b,m,
1527024247.3968,0.99770000,1000.00000000,b,l,
1526871389.2055,1.00070000,34.53355000,s,m,
1527024249.3709,0.99770000,1000.00000000,b,l,
1526885482.1244,0.99890000,74.99445450,b,l,
1527014321.2739,0.99900000,30.03815000,b,m,
1527014321.3405,0.99950000,30.02312000,b,m,
1527020160.28,0.99870000,30.17228000,s,l,
1527020161.8052,0.99870000,14.65513000,s,l,
1527024258.9028,0.99770000,1000.00000000,b,l,
1527024259.2436,0.99770000,397.97785331,b,l,
1527016938.0713,0.99700000,69.09284866,s,l,
1527024714.3409,0.99680000,9000.00000000,s,m,
1527020169.9845,0.99860000,30.17228000,s,l,
1526865687.5803,1.00020000,10.38971886,s,l,
1527016937.9728,0.99900000,30.03033000,s,l,
1526994299.3821,0.99940000,27.36180250,s,l,
1526936160.8071,1.00180000,34.56629000,b,m,
1526865984.1517,1.00180000,29.99400000,b,l,
1527020177.559,0.99860000,30.17228000,s,l,
1526913351.0688,0.99840000,30.04898000,s,m,
1527020179.6328,0.99860000,30.17228000,s,l,
1527016938.1301,0.99550000,2280.00000000,s,l,
1527016943.5037,0.99000000,100.15667069,b,l,
1526921341.8752,0.99850000,420.06373402,s,m,
1527024386.6575,0.99760000,809.69310000,s,m,
1527020186.8267,0.99860000,30.17228000,s,l,
1526876827.9457,1.00040000,166.73458115,s,l,
1527020188.7387,0.99860000,30.17228000,s,l,
1526873531.9146,1.00120000,29.99850000,b,m,
1526874731.1624,1.00080000,0.02409272,s,l,
1527016938.0639,0.99750000,2541.40900000,s,l,
1526900983.2327,0.99850000,30.04386000,s,l,
1526913351.0464,0.99850000,75.00000000,s,m,
1526867057.5127,1.00170000,34.53350000,b,m,
1527024714.3023,0.99790000,30.06374000,s,m,
1526921341.8546,0.99860000,75.00000000,s,m,
1527020202.4735,0.99860000,30.17228000,s,l,
1527001543.9717,0.99880000,1161.08864583,s,m,
1527016940.963,0.98990000,9145.69095300,b,l,
1526889135.6795,0.99820000,142.34986176,b,l,
1526873531.951,1.00120000,29.99850000,b,m,
1526895198.1167,0.99900000,12003.87122960,b,l,
1527020210.0246,0.99860000,30.17228000,s,l,
1526941107.5387,0.99920000,75.00000000,s,m,
1526966965.9902,0.99940000,30.01651000,s,m,
1526966966.0396,0.99780000,12.28734527,s,m,
1527024756.8669,0.99770000,30.26329000,b,l,
1526876858.1238,1.00050000,74.99300970,s,l,
1526922878.4935,0.99860000,675.06484078,s,m,
1526939217.8488,0.99830000,30.05018000,s,m,
1527021610.1236,0.99670000,13076.38900000,s,l,
1526978336.3069,0.99870000,17.28097527,s,l,
1527021610.2213,0.99000000,0.00000042,s,l,
1526939217.8701,0.99830000,30.05018000,s,m,
1526876096.6448,1.00080000,16.91270190,s,l,
1526966981.921,0.99950000,30.06102000,s,l,
1527020110.9359,0.99500000,42.37496764,s,m,
1527024714.2949,0.99790000,30.06374000,s,m,
1526966985.9578,0.99950000,9.49335612,s,l,
1526994299.3776,0.99950000,75.00000000,s,l,
1526924834.7498,0.99900000,30.03815000,b,l,
1526873531.9212,1.00120000,29.99850000,b,m,
1526903160.0378,0.99860000,30.05018000,b,l,
1526955183.5012,0.99960000,30.04416000,b,l,
1526887417.2618,0.99870000,9.98003992,s,l,
1527025202.6741,0.99790000,30.06856000,b,l,
1527014321.2849,0.99900000,30.03815000,b,m,
1526966965.9792,0.99940000,30.01651000,s,m,
1526869729.4972,1.00070000,34.53286000,s,m,
1526877308.9013,0.99930000,34.03662000,s,l,
1527020126.2536,0.99820000,30.27795000,b,l,
1526875115.5487,1.00080000,2298.07279990,b,m,
1526939217.8618,0.99830000,30.05018000,s,m,
1526939217.7778,1.00020000,75.00000000,s,m,
1526991294.8561,0.99960000,30.01231000,b,l,
1526864750.3693,1.00020000,34.53009000,s,l,
1526871389.2034,1.00070000,34.53355000,s,m,
1527024714.3276,0.99780000,30.06675000,s,m,
1526877308.8949,0.99950000,13076.38900000,s,l,
1527017255.632,0.99780000,3.89852965,s,l,
1526902187.5283,0.99860000,30.04086000,s,m,
1526891646.4137,0.99900000,11980.36818396,b,l,
1526926835.1277,0.99950000,74.99826710,b,l,
1526938352.0395,1.00020000,19.93004991,s,l,
1527020275.5177,0.99740000,20.00000000,s,m,
1527024386.8415,0.99740000,30.07670000,s,m,
1526891646.4102,0.99890000,1021.02081604,b,l,
1526921247.27,0.99880000,30.03544000,s,m,
1526923732.9854,0.99860000,30.04086000,s,m,
1526995309.8008,0.99930000,75.00000000,s,m,
1526874734.7753,1.00070000,17.03808868,s,l,
1526923733.0015,0.99820000,30.05319000,s,m,
1526865984.1034,1.00180000,29.99400000,b,l,
1526955183.6642,0.99990000,396.32000000,b,l,
1527024386.9115,0.99610000,4383.96906000,s,m,
1526912811.3795,0.99850000,16.93542000,s,l,
1527017109.2142,0.99770000,30.08786000,b,l,
1526865806.2417,1.00020000,34.53009000,s,l,
1527014321.3741,0.99950000,30.02582000,b,m,
1526909091.7732,0.99880000,0.00000008,s,m,
1526947818.5417,0.99830000,425.00000000,s,m,
1526875115.5724,1.00130000,34.56021000,b,m,
1526900983.2162,0.99880000,75.00000000,s,l,
1526873531.9361,1.00120000,29.99850000,b,m,
1526897795.4795,0.99900000,13076.38900000,b,l,
1527017262.7975,0.99780000,158.50000000,s,l,
1526922006.5155,0.99820000,3475.00000000,s,m,
1526871389.1699,1.00070000,34.53350000,s,m,
1527024714.2826,0.99810000,30.05560000,s,m,
1527024409.6218,0.99770000,1000.00000000,b,l,
1526989131.9125,0.99980000,30.02732000,b,m,
1526923733.0218,0.99740000,30.07881000,s,m,
1527024413.9086,0.99770000,1000.00000000,b,l,
1526926110.5742,0.99930000,25.00000000,s,m,
1527020126.2468,0.99820000,30.27795000,b,l,
1526895194.1398,0.99890000,12971.29933000,b,l,
1526865683.2171,1.00020000,34.53009000,s,l,
1527024422.2881,0.99770000,1000.00000000,b,l,
1526936160.8167,1.00180000,34.56849000,b,m,
1526986645.9007,0.99910000,30.02793000,s,l,
1527024714.2803,0.99810000,30.05560000,s,m,
1527024429.5847,0.99780000,30.11171000,b,l,
1527024430.402,0.99780000,0.00090000,s,l,
1526948628.7491,0.99840000,75.00000000,s,l,
1526865984.0884,1.00180000,29.99400000,b,l,
1526926835.122,0.99940000,0.00057420,b,l,
1526869729.458,1.00080000,34.53355000,s,m,
1527014321.3101,0.99910000,0.00084670,b,m,
1527014321.3429,0.99950000,30.02312000,b,m,
1526865684.9357,1.00020000,19.62472002,s,l,
1527024439.9598,0.99870000,30.11081000,s,l,
1526980404.7841,0.99900000,30.04086000,b,l,
1526989131.8817,0.99960000,30.02793000,b,m,
1527024444.7716,0.99810000,30.11081000,b,l,
1526897802.533,0.99890000,75.00000000,b,l,
1526936160.7586,1.00030000,0.01603152,b,m,
1526924834.7366,0.99900000,2045.00000000,b,l,
1527016941.3807,0.99000000,13076.38900000,b,l,
1526974416.3176,0.99920000,30.02432000,s,m,
1527014321.2767,0.99900000,30.03815000,b,m,
1526903160.0304,0.99860000,30.05018000,b,l,
1527024456.2315,0.99810000,30.11081000,b,l,
1527024386.8672,0.99740000,30.07941000,s,m,
1526869729.4489,1.00080000,34.53355000,s,m,
1527017132.7529,0.99790000,30.06856000,b,l,
1526974416.3022,0.99970000,30.00825000,s,m,
1527020365.3389,0.99750000,75.00000000,s,m,
1527024463.1944,0.99830000,30.06735000,s,l,
1527016937.9835,0.99900000,30.03033000,s,l,
1526955183.5117,0.99980000,0.24247000,b,l,
1526864293.5855,1.00020000,34.53009000,s,l,
1526874752.4404,1.00070000,15.95774213,s,l,
1526935013.5284,1.00020000,5.00004190,b,m,
1526939217.8372,0.99830000,30.05018000,s,m,
1526962660.378,0.99970000,56.24959140,b,l,
1527024474.2814,0.99850000,30.06735000,s,l,
1527024476.4964,0.99850000,30.06735000,s,l,
1526923732.9967,0.99820000,5499.00000000,s,m,
1526871389.2099,1.00060000,34.53350000,s,m,
1527024101.9853,0.99780000,0.00005925,s,l,
1527024481.4131,0.99860000,30.06675000,s,l,
1526955183.5882,0.99990000,316.19200000,b,l,
1527024483.299,0.99860000,30.06675000,s,l,
1527024485.8142,0.99860000,30.06675000,s,l,
1526903160.5631,0.99900000,2006.56514000,b,l,
1526864743.752,1.00020000,34.53009000,s,l,
1526921247.2817,0.99870000,30.03815000,s,m,
1526921341.8792,0.99850000,0.76480987,s,m,
1527021610.1659,0.99430000,30.17228000,s,l,
1526934380.6288,0.99990000,23.20000000,b,m,
1526934381.5363,1.00000000,2040.91816367,b,m,
1526864750.3671,1.00020000,34.53009000,s,l,
1527024714.3103,0.99780000,30.06735000,s,m,
1526924834.7432,0.99900000,30.03815000,b,l,
1527024499.0746,0.99860000,30.06374000,s,l,
1527024501.4832,0.99860000,30.06374000,s,l,
1526986645.9063,0.99910000,172.73221000,s,l,
1526871389.1607,1.00070000,34.53350000,s,m,
1527024386.8738,0.99740000,30.07941000,s,m,
1526980305.8666,0.99890000,75.00000000,b,l,
1527020411.8232,0.99810000,733.52437245,b,m,
1527019455.2493,0.99780000,30.09027000,b,l,
1526876267.7887,1.00070000,34.56657000,s,l,
1527017280.3216,0.99790000,0.00040000,b,l,
1526865984.1167,1.00180000,29.99400000,b,l,
1526901027.8516,0.99870000,30.05771000,b,m,
1527014321.302,0.99900000,105.00000000,b,m,
1526941107.5446,0.99840000,409.37249599,s,m,
1527016938.0493,0.99850000,30.04431000,s,l,
1526912285.3496,0.99860000,30.07941000,b,l,
1527025571.3345,0.99790000,30.06856000,b,l,
1527020133.12,0.99860000,30.17593000,s,l,
1526914199.0735,0.99890000,75.00000000,b,l,
1526974416.3098,0.99920000,30.02432000,s,m,
1526950383.2385,0.99850000,30.05319000,b,l,
1526913936.0996,0.99890000,75.00000000,b,l,
1526914200.9963,0.99900000,75.00000000,b,l,
1526865984.0927,1.00180000,29.99400000,b,l,
1527016938.1063,0.99650000,747.30878010,s,l,
1527014321.2983,0.99900000,30.03544000,b,m,
1526995309.7778,0.99940000,75.00000000,s,m,
1526900709.5106,0.99880000,0.00521400,b,l,
1526922873.1408,0.99880000,75.00000000,b,m,
1526950383.2296,0.99840000,30.05350000,b,l,
1526895198.6673,0.99900000,13076.38900000,b,l,
1527004314.4271,0.99870000,99.96996396,s,m,
1527008158.4196,0.99870000,112.46050870,s,l,
1526869729.4692,1.00080000,34.53355000,s,m,
1527017132.7552,0.99790000,30.06856000,b,l,
1526966966.0191,0.99880000,4218.62104525,s,m,
1526875974.5844,1.00080000,11.45972849,s,l,
1526865924.2256,1.00040000,0.77316425,b,m,
1527016938.0682,0.99720000,35345.09877657,s,l,
1527019335.96,0.99780000,0.00000026,s,m,
1527021906.083,0.99780000,1000.00000000,b,l,
1527008173.1598,0.99870000,222.02824950,s,l,
1526936160.7899,1.00180000,34.56242000,b,m,
1526873531.972,1.00120000,29.99850000,b,m,
1526865924.2276,1.00040000,0.00154324,b,m,
1526934381.5505,1.00000000,5500.00000000,b,m,
1527016938.0989,0.99690000,13000.00000000,s,l,
1527020110.9158,0.99700000,30.09027000,s,m,
1526875977.4271,1.00070000,29.67566049,s,l,
1526922170.5348,0.99840000,75.00000000,b,m,
1526974306.1705,0.99990000,578.46501809,b,m,
1526922170.5445,0.99880000,30.04416000,b,m,
1526873531.8834,1.00120000,29.99850000,b,m,
1526998221.1204,0.99880000,1298.16293627,s,m,
1527024386.8827,0.99740000,30.07941000,s,m,
1526875979.4529,1.00070000,34.56657000,s,l,
1526967302.3062,0.99970000,869.60240136,b,m,
1526869729.4253,1.00180000,75.00000000,s,m,
1527013423.0456,0.99880000,0.00003104,s,l,
1526881223.8056,0.99890000,10.88650000,b,l,
1526881225.113,0.99900000,149.99067360,b,l,
1526877219.8714,1.00030000,2181.46227679,s,l,
1526974416.3127,0.99920000,30.02432000,s,m,
1527016997.513,0.99700000,14089.75967780,s,l,
1526936160.7825,1.00180000,34.56242000,b,m,
1526951179.4844,0.99910000,75.00000000,b,l,
1527020126.2313,0.99810000,75.00000000,b,l,
1527021564.2989,0.99710000,391.79982000,s,l,
1526922201.7632,0.99830000,75.00000000,s,m,
1526939217.8416,0.99830000,30.05018000,s,m,
1526980431.1226,0.99890000,30.04928000,s,l,
1527019413.9635,0.99770000,30.06856000,s,m,
1526995088.2457,0.99940000,30.01681000,s,m,
1526873531.9786,1.00150000,124.97423864,b,m,
1526975231.1156,0.99970000,15.00840000,s,m,
1526876242.7708,1.00070000,0.00037620,s,l,
1526900983.2399,0.99800000,2131.67881818,s,l,
1526873937.9349,1.00080000,75.00000000,s,l,
1526877219.8832,1.00010000,29.23949498,s,l,
1526913532.8836,0.99890000,30.04386000,b,m,
1526864294.8333,1.00020000,34.53009000,s,l,
1527030398.0485,0.99850000,75.00000000,b,m,
1526934381.5288,1.00000000,0.01020194,b,m,
1526995309.8113,0.99910000,30.02642000,s,m,
1527021610.2028,0.99090000,30.27581000,s,l,
1526897775.6255,0.99870000,75.00000000,b,l,
1526874876.8648,1.00070000,18.61473787,s,l,
1527028835.4618,0.99760000,8937.34980431,s,m,
1527024386.8442,0.99740000,30.07670000,s,m,
1526897775.6207,0.99870000,75.00000000,b,l,
1527021610.1386,0.99430000,30.17259000,s,l,
1526865984.1344,1.00180000,29.99400000,b,l,
1527016938.2054,0.99000000,18.00000000,s,l,
1527014321.3526,0.99950000,30.02312000,b,m,
1526967302.279,0.99930000,30.06102000,b,m,
1527024714.3188,0.99780000,30.06735000,s,m,
1526876267.7837,1.00070000,34.56657000,s,l,
1527027175.0388,0.99850000,75.00000000,s,m,
1527028751.7595,0.99860000,75.00000000,s,l,
1527028752.6852,0.99760000,690.92900000,s,l,
1526953632.6209,0.99850000,30.04416000,s,m,
1526946834.7821,0.99850000,30.05279551,b,l,
1527025571.3323,0.99790000,30.06856000,b,l,
1527027175.0673,0.99770000,0.00194246,s,m,
1527020565.5467,0.99830000,5657.75498347,b,l,
1526934553.2432,1.00010000,11.60000000,b,m,
1527016938.0359,0.99860000,30.04116000,s,l,
1526955183.4917,0.99960000,30.04416000,b,l,
1527016997.5019,0.99710000,907.47240000,s,l,
1526989131.9148,0.99980000,209.17662628,b,m,
1526930463.4336,0.99950000,460.16662000,b,m,
1526967302.2694,0.99930000,30.06102000,b,m,
1527004194.138,0.99890000,75.00000000,b,m,
1526877219.8687,1.00040000,2181.16211878,s,l,
1527016938.0105,0.99900000,30.03033000,s,l,
1526979621.2504,0.99860000,74.98368000,b,l,
1526974416.3293,0.99900000,3.80002843,s,m,
1526913532.8858,0.99890000,30.04386000,b,m,
1526989131.9007,0.99980000,30.02732000,b,m,
1526864750.3741,1.00020000,34.53009000,s,l,
1526909447.9527,0.99880000,370.41373424,s,m,
1526875115.5259,1.00060000,75.00000000,b,m,
1527028782.8919,0.99760000,62.65019569,s,l,
1526936160.7603,1.00030000,0.00003200,b,m,
1527021610.1364,0.99430000,30.17259000,s,l,
1526924834.7165,0.99900000,193172.81394504,b,l,
1526934381.5386,1.00000000,4.07368895,b,m,
1526865924.2324,1.00040000,34.49706000,b,m,
1527027175.0634,0.99770000,495.42239049,s,m,
1527024714.3254,0.99780000,30.06675000,s,m,
1527028835.467,0.99730000,5656.83288118,s,m,
1526980447.0656,0.99970000,0.00086960,b,l,
1527014876.0417,0.99900000,0.00000016,s,m,
1526974416.2929,0.99970000,30.00825000,s,m,
1526959856.9208,0.99920000,30.02462000,s,l,
1526950975.7982,0.99930000,2557.46300000,b,l,
1527020110.9014,0.99700000,30.09027000,s,m,
1526865984.0468,1.00180000,34.50883000,b,l,
1527024714.3072,0.99790000,30.06374000,s,m,
1527020411.827,0.99810000,75.00000000,b,m,
1526974306.1733,1.00000000,382.79656382,b,m,
1526864743.7498,1.00020000,34.53009000,s,l,
1526865984.1012,1.00180000,29.99400000,b,l,
1526924834.7315,0.99900000,30.03815000,b,l,
1526939217.8755,0.99830000,30.05018000,s,m,
1527016938.1645,0.99310000,1000.00000000,s,l,
1526893653.4652,0.99860000,30.09027000,b,l,
1526923028.8268,0.99900000,15560.60510000,b,m,
1526875115.5457,1.00080000,2500.00000000,b,m,
1526910041.874,0.99860000,30.07941000,b,l,
1526865495.0967,1.00020000,15.23163995,s,l,
1526876246.3606,1.00070000,14.74418163,s,l,
1527016541.3758,0.99910000,10.00000000,b,m,
1526917462.3212,0.99880000,30.03544000,s,m,
1527021610.1091,0.99760000,75.00000000,s,l,
1527024737.5001,0.99770000,30.26329000,b,l,
1527024738.6388,0.99770000,1000.00000000,b,l,
1527028835.4564,0.99780000,75.00000000,s,m,
1527024740.649,0.99770000,1000.00000000,b,l,
1527024741.7321,0.99770000,1000.00000000,b,l,
1527016937.9197,0.99900000,30.03033000,s,l,
1526873191.0312,1.00030000,74.99567210,s,l,
1527024386.8716,0.99740000,30.07941000,s,m,
1527024745.6022,0.99770000,1000.00000000,b,l,
1527024746.1371,0.99770000,1000.00000000,b,l,
1527019413.9275,0.99790000,75.00000000,s,m,
1526966966.011,0.99880000,2500.00000000,s,m,
1527024750.3646,0.99770000,1000.00000000,b,l,
1527016943.1248,0.99000000,3292.81500000,b,l,
1527024752.9718,0.99770000,1000.00000000,b,l,
1527024753.2543,0.99770000,1000.00000000,b,l,
1527024754.6667,0.99770000,1000.00000000,b,l,
1527024756.8622,0.99770000,30.26329000,b,l,
1526903160.0403,0.99860000,30.05018000,b,l,
1526871389.1864,1.00070000,34.53350000,s,m,
1526995088.2378,0.99940000,30.01681000,s,m,
1527024761.7266,0.99790000,30.26329000,s,l,
1527024762.5838,0.99790000,30.26329000,s,l,
1527024831.9213,0.99780000,30.26329000,s,l,
1526877308.898,0.99930000,34.03662000,s,l,
1526980450.3585,0.99970000,30.01894040,b,l,
1526877312.996,0.99890000,1013.37067780,b,l,
1526877313.0016,0.99900000,12063.01832220,b,l,
1527016938.178,0.99100000,539.85741675,s,l,
1526933355.0528,0.99960000,0.00005739,s,m,
1527024772.8068,0.99780000,30.26329000,s,l,
1527024774.9989,0.99780000,30.26329000,s,l,
1527024433.2334,0.99820000,6008.98617749,b,l,
1526897800.9613,0.99900000,13076.38900000,b,l,
1527014321.3451,0.99950000,30.02312000,b,m,
1526897802.5374,0.99900000,13001.38900000,b,l,
1527026199.7708,0.99850000,21.99537241,b,m,
1526923733.0122,0.99820000,30.05319000,s,m,
1527024782.7711,0.99780000,30.26329000,s,l,
1527027868.6747,0.99770000,301.64395956,s,m,
1527021610.1543,0.99430000,30.17228000,s,l,
1527024737.5028,0.99770000,30.26329000,b,l,
1526871389.1744,1.00070000,34.53350000,s,m,
1526967302.3159,1.00000000,30.05892000,b,m,
1526972270.0893,0.99990000,375.48470700,b,l,
1527016937.9888,0.99900000,30.03033000,s,l,
1526871389.179,1.00070000,34.53350000,s,m,
1527017898.7247,0.99780000,83.50000000,b,l,
1526912285.3318,0.99830000,75.00000000,b,l,
1527004314.4122,0.99880000,25.03003604,s,m,
1526876015.1088,1.00070000,27.72381156,s,l,
1526914204.0811,0.99900000,35.30176566,b,l,
1526959856.9379,0.99900000,0.00000133,s,l,
1526871389.2497,0.99990000,41409.55216639,s,m,
1526939217.8062,0.99960000,30.01110000,s,m,
1527030398.0611,0.99880000,30.07097000,b,m,
1526923803.3264,0.99840000,74.99999340,b,l,
1526888756.129,0.99690000,13000.00000000,s,m,
1526876434.3227,1.00070000,13.71512433,s,l,
1526967302.2859,0.99930000,30.06102000,b,m,
1527024714.3844,0.99050000,41637.72596236,s,m,
1526875703.7518,1.00070000,2.40249484,s,l,
1526897834.6572,0.99900000,84.32050000,b,l,
1527016938.1338,0.99550000,25.00000000,s,l,
1527008430.3022,0.99890000,43.09340274,b,l,
1526955183.4963,0.99960000,30.04416000,b,l,
1526865984.1231,1.00180000,29.99400000,b,l,
1526924834.7671,0.99910000,1815.41867754,b,l,
1526967302.3085,0.99990000,787.38616820,b,m,
1526923806.3252,0.99840000,0.00000660,b,l,
1527025571.322,0.99790000,20.69704832,b,l,
1526974416.315,0.99920000,30.02432000,s,m,
1526891722.4245,0.99900000,3911.19789790,b,m,
1526936181.2739,1.00010000,34.58813000,s,l,
1527021610.1432,0.99430000,30.17228000,s,l,
1526939217.8864,0.99730000,30.08243000,s,m,
1526897859.8654,0.99890000,74.99922812,b,l,
1526950383.2455,0.99910000,30.05109000,b,l,
1526897862.3199,0.99900000,74.99551825,b,l,
1526919599.3623,0.99890000,75.00000000,b,l,
1527024841.1084,0.99780000,30.26329000,s,l,
1527024842.3756,0.99780000,30.26329000,s,l,
1527024507.7444,0.99860000,30.05560000,s,l,
1526933355.0477,0.99960000,39.95205753,s,m,
1526924834.723,0.99900000,30.03815000,b,l,
1526875977.4235,1.00070000,34.56657000,s,l,
1526998221.1039,0.99880000,75.00000000,s,m,
1527021610.2197,0.99000000,0.00021058,s,l,
1527020753.7745,0.99800000,74.99905500,b,l,
1526936099.8482,1.00010000,75.00000000,s,m,
1526979800.0216,0.99860000,74.99358720,b,l,
1526863293.0692,1.00140000,2.54362050,b,l,
1526979802.371,0.99880000,30.04958000,b,l,
1526875115.6514,1.00200000,12876.11489020,b,m,
1526875115.5422,1.00070000,2440.52111004,b,m,
1526975711.6842,0.99900000,4187.07257257,s,l,
1526975712.4456,0.99900000,5.00500502,s,l,
1526966607.0756,0.99980000,30.01641000,b,l,
1526910041.8765,0.99860000,30.07941000,b,l,
1527016938.008,0.99900000,30.03033000,s,l,
1526951140.2333,0.99890000,75.00000000,s,l,
1526875705.2417,1.00070000,8.91832500,s,l,
1526871389.1558,1.00080000,75.00000000,s,m,
1526871389.1888,1.00070000,34.53350000,s,m,
1527024386.8465,0.99740000,30.07941000,s,m,
1526995309.8161,0.99910000,30.02642000,s,m,
1526902187.5365,0.99830000,0.03397460,s,m,
1526871389.2143,1.00060000,34.53350000,s,m,
1526913351.0837,0.99780000,0.00971693,s,m,
1527016938.1481,0.99500000,804.02010050,s,l,
1527014321.2198,0.99890000,30.03845000,b,m,
1526871389.163,1.00070000,34.53350000,s,m,
1526923817.1228,0.99850000,15.24730320,b,l,
1527024888.8619,0.99780000,30.26329000,s,l,
1527024386.6553,0.99760000,30.07097000,s,m,
1526874752.4267,1.00070000,34.57248000,s,l,
1526995088.2405,0.99940000,30.01681000,s,m,
1527016946.5355,0.99000000,1000.00000000,b,l,
1526998458.2641,0.99900000,74.99999666,b,l,
1526864750.3763,1.00020000,19.29845005,s,l,
1527024898.0828,0.99780000,30.26329000,s,l,
1526909447.965,0.99860000,30.04356000,s,m,
1526971653.4244,0.99990000,6.00721345,b,m,
1526865806.217,1.00020000,34.53009000,s,l,
1526875979.4447,1.00070000,34.56657000,s,l,
1527014321.3079,0.99910000,0.42419477,b,m,
1526955183.4891,0.99920000,30.03995000,b,l,
1526913351.08,0.99780000,2438.95778460,s,m,
1526966607.0868,0.99990000,2391.07842950,b,l,
1526966966.0021,0.99890000,9000.00000000,s,m,
1526951184.8569,0.99890000,328.51800000,b,l,
1526979800.019,0.99860000,75.00000000,b,l,
1526979859.3747,0.99900000,663.22484000,b,l,
1526979860.0532,0.99900000,301.16500000,b,l,
1527014321.2225,0.99890000,30.04431000,b,m,
1527016937.9592,0.99900000,30.03033000,s,l,
1526913532.8732,0.99870000,75.00000000,b,m,
1526979864.3645,0.99890000,3620.04800000,b,l,
1526979865.4869,0.99890000,7849.95104740,b,l,
1526874752.4115,1.00070000,34.57248000,s,l,
1526866023.2121,1.00070000,16.55020624,s,l,
1526979868.2771,0.99900000,13076.38900000,b,l,
1526979802.3778,0.99890000,59.84064720,b,l,
1526979871.3055,0.99900000,3664.09800000,b,l,
1527021610.1611,0.99430000,30.17228000,s,l,
1526936160.8119,1.00180000,34.56629000,b,m,
1526913351.0819,0.99780000,4.86817921,s,m,
1526979875.0342,0.99900000,451.15100000,b,l,
1526979878.0912,0.99900000,1050.15600000,b,l,
1526869729.4626,1.00080000,34.53355000,s,m,
1526951179.9324,0.99930000,1501.67600000,b,l,
1526869729.4535,1.00080000,34.53355000,s,m,
1527024101.9896,0.99780000,121.17411969,s,l,
1527024756.8564,0.99770000,848.64229824,b,l,
1526865924.2422,1.00060000,34.49591000,b,m,
1527021687.8792,0.99750000,30.09118000,b,l,
1526939217.8591,0.99830000,30.05018000,s,m,
1527014321.312,0.99910000,0.00000169,b,m,
1527019482.974,0.99780000,30.09027000,b,l,
1527016946.2515,0.99000000,22941.03300000,b,l,
1526877219.881,1.00010000,29.73944497,s,l,
1527029465.2337,0.99830000,75.00000000,s,m,
1526975711.6894,0.99900000,686.56795680,s,l,
1527027175.0415,0.99840000,75.00000000,s,m,
1526991095.1032,0.99980000,2093.48000000,s,l,
1526975712.4329,0.99900000,720.53498190,s,l,
1526908128.184,0.99890000,75.00000000,b,l,
1527016938.1892,0.99020000,1000.00000000,s,l,
1526900983.219,0.99870000,30.03845000,s,l,
1526877308.9035,0.99930000,34.03662000,s,l,
1527024784.3411,0.99780000,30.26329000,s,l,
1526871389.2012,1.00070000,34.53355000,s,m,
1526936160.7803,1.00180000,34.56242000,b,m,
1526897804.5376,0.99900000,13076.38900000,b,l,
1526967302.3116,0.99990000,1712.61383180,b,m,
1526865806.2147,1.00020000,34.53009000,s,l,
1527029078.8895,0.99830000,66.97585402,s,l,
1526875115.5667,1.00130000,34.56021000,b,m,
1527024714.3791,0.99080000,30.27948000,s,m,
1526951140.2439,0.99880000,75.00000000,s,l,
1526869729.4648,1.00080000,34.53355000,s,m,
1527016942.7134,0.99000000,948.63400000,b,l,
1526875709.6221,1.00070000,22.04665538,s,l,
1526913353.064,0.99880000,75.00000000,b,l,
1526979936.5233,0.99890000,30.04116000,s,l,
1526955183.9828,0.99990000,115.42943000,b,l,
1526901027.8562,0.99870000,30.05771000,b,m,
1526971749.3558,0.99980000,2440.00000000,b,m,
1526903160.0426,0.99860000,30.05018000,b,l,
1527017699.803,0.99790000,30.06856000,b,l,
1526936160.7732,1.00100000,0.00039760,b,m,
1526989131.8725,0.99930000,30.02642000,b,m,
1527016938.0155,0.99900000,30.03033000,s,l,
1527021610.2004,0.99090000,30.27581000,s,l,
1526909447.9898,0.99720000,0.00000010,s,m,
1526944085.0521,0.99830000,75.00000000,s,m,
1526888756.099,0.99880000,75.00000000,s,m,
1526865924.2563,1.00060000,34.50235000,b,m,
1526991167.5021,0.99940000,2.65740750,s,l,
1526871389.1653,1.00070000,34.53350000,s,m,
1527027175.0491,0.99770000,30.06856000,s,m,
1526873937.9452,1.00080000,75.00000000,s,l,
1527019413.9447,0.99770000,30.06856000,s,m,
1527027127.5565,0.99890000,1988.24484044,b,l,
1526947203.761,0.99830000,222.00000000,s,m,
1527016938.2289,0.99000000,20099.52212121,s,l,
1526864743.7353,1.00020000,25.25266862,s,l,
1526864024.292,1.00030000,34.49658000,s,l,
1527024310.7006,0.99790000,8404.01090000,s,m,
1526995088.2537,0.99940000,30.01681000,s,m,
1526865984.1475,1.00180000,29.99400000,b,l,
1526874691.1428,1.00080000,74.97990408,s,l,
1527024386.8903,0.99700000,30.09118000,s,m,
1527014321.2955,0.99900000,30.03544000,b,m,
1526892529.4439,0.99700000,30.09027000,s,m,
1526875711.9822,1.00070000,28.61100928,s,l,
1527021610.2071,0.99090000,30.27581000,s,l,
1527016937.97,0.99900000,30.03033000,s,l,
1527019413.9755,0.99710000,30.08786000,s,m,
1526869729.4326,1.00160000,34.54098000,s,m,
1526874752.429,1.00070000,34.57248000,s,l,
1526865982.2566,1.00060000,2155.32783685,b,l,
1526948628.7872,0.99840000,75.00000000,s,l,
1526922170.5569,0.99880000,30.04416000,b,m,
1526873689.8678,1.00070000,34.57248000,s,l,
1526902187.5305,0.99860000,30.04086000,s,m,
1526864297.2513,1.00020000,34.53009000,s,l,
1527016997.5156,0.99690000,453.71870000,s,l,
1526897800.81,0.99900000,13076.38900000,b,l,
1526917462.3187,0.99880000,30.03544000,s,m,
1527021610.1455,0.99430000,30.17228000,s,l,
1526934381.5477,1.00000000,0.00000003,b,m,
1526967302.267,0.99930000,20.56766388,b,m,
1526863293.0672,1.00140000,6361.59488481,b,l,
1526873526.6547,1.00060000,19.48665180,s,l,
1526869729.4603,1.00080000,34.53355000,s,m,
1526873531.9101,1.00120000,29.99850000,b,m,
1526995088.2138,0.99940000,30.01921000,s,m,
1526966607.0687,0.99980000,30.02462000,b,l,
1526865984.0338,1.00170000,3094.25918704,b,l,
1526884256.2916,0.99880000,0.07768893,s,m,
1526869729.4715,1.00080000,34.53355000,s,m,
1526875115.5809,1.00130000,34.56021000,b,m,
1527024714.3532,0.99500000,52.94749794,s,m,
1526865982.2663,1.00070000,1033.81575762,b,l,
1527017109.2196,0.99770000,30.08786000,b,l,
1526934381.5428,1.00000000,0.00001623,b,m,
1526865806.2238,1.00020000,34.53009000,s,l,
1527016605.7858,0.99910000,10.00000000,b,m,
1527020126.2514,0.99820000,30.27795000,b,l,
1527020018.3972,0.99790000,75.00000000,b,l,
1527025571.3438,0.99790000,30.06856000,b,l,
1526967302.2596,0.99910000,75.00000000,b,m,
1527020110.896,0.99700000,30.09027000,s,m,
1526991294.854,0.99960000,30.01741000,b,l,
1527024714.287,0.99810000,30.05560000,s,m,
1527024386.8488,0.99740000,30.07941000,s,m,
1526939217.892,0.99730000,30.08243000,s,m,
1526873531.9431,1.00120000,29.99850000,b,m,
1526995088.2189,0.99940000,30.01921000,s,m,
1527021610.1704,0.99430000,30.17228000,s,l,
1526885857.3406,0.99890000,75.00000000,b,m,
1527004194.1416,0.99900000,454.99953125,b,m,
1526935013.5308,1.00020000,22.68421204,b,m,
1527016997.5311,0.99600000,13076.38900000,s,l,
1526871389.2393,1.00020000,15.05590558,s,m,
1527016937.9431,0.99900000,30.03033000,s,l,
1527016938.1701,0.99200000,18.00000000,s,l,
1527016939.6875,0.99000000,13076.38900000,b,l,
1527016940.0874,0.99000000,13000.00000000,b,l,
1527016941.5034,0.99000000,13000.00000000,b,l,
1527016942.7435,0.99000000,467.35200000,b,l,
1527016943.4743,0.99000000,13076.38900000,b,l,
1527016944.2758,0.99000000,32757.21177131,b,l,
1526926833.3497,0.99940000,37.50000000,b,l,
1527016946.2947,0.99000000,528.50900000,b,l,
1526873531.9287,1.00120000,29.99850000,b,m,
1527016948.8164,0.99000000,13076.38900000,b,l,
1526926837.3405,0.99950000,74.99959326,b,l,
1526926839.106,0.99950000,74.99946600,b,l,
1526939217.8018,0.99970000,30.00810000,s,m,
1527017050.76,0.99780000,939.43616000,b,l,
1526865984.1454,1.00180000,29.99400000,b,l,
1526900709.5196,0.99900000,89.90814600,b,l,
1526922170.5493,0.99880000,30.04416000,b,m,
1526865924.2398,1.00060000,34.49591000,b,m,
1526951168.6936,0.99860000,75.00000000,s,l,
1527027175.0516,0.99770000,30.06856000,s,m,
1526865411.6961,1.00030000,75.00000000,s,l,
1526924679.4765,0.99790000,3069.82085828,s,m,
1526874752.4335,1.00070000,34.57248000,s,l,
1526889990.6089,0.99840000,13.95600300,b,l,
1526875115.5838,1.00130000,34.56021000,b,m,
1527027175.0443,0.99820000,75.00000000,s,m,
1527020110.8699,0.99720000,858.44550000,s,m,
1526959856.7572,0.99970000,75.00000000,s,l,
1527019413.9897,0.99690000,7929.31461000,s,m,
1526901027.8621,0.99900000,49634.53832000,b,m,
1527019335.9579,0.99780000,0.00012922,s,m,
1526963699.7332,0.99910000,265.00000000,s,m,
1527014321.3909,0.99980000,724.51398513,b,m,
1526903160.0196,0.99850000,75.00000000,b,l,
1526871389.2282,1.00030000,34.52043000,s,m,
1526874752.4179,1.00070000,34.57248000,s,l,
1526887375.2646,0.99890000,75.00000000,b,l,
1526974416.3315,0.99900000,0.00151940,s,m,
1526902187.5399,0.99830000,0.00000014,s,m,
1526924834.739,0.99900000,30.03815000,b,l,
1526971653.431,0.99990000,686.56795680,b,m,
1527000609.3956,0.99900000,789.92912000,b,m,
1526939217.8213,0.99880000,6.00720865,s,m,
1527016938.1728,0.99200000,1585.00000000,s,l,
1527016997.5283,0.99610000,907.47240000,s,l,
1527012903.4344,0.99870000,58.90092000,b,l,
1526934381.5266,1.00000000,5.11116974,b,m,
1526989131.8914,0.99960000,30.03875000,b,m,
1527024429.5745,0.99780000,30.11171000,b,l,
1527019442.6231,0.99780000,30.08981000,b,l,
1526939217.8329,0.99830000,30.05018000,s,m,
1527020378.5146,0.99800000,427.73790000,b,l,
1527016946.8523,0.99000000,523.87400000,b,l,
1527025202.6785,0.99790000,9.37151168,b,l,
1527020365.3319,0.99780000,427.73790000,s,m,
1527020126.2369,0.99820000,30.27795000,b,l,
1526865924.2296,1.00040000,0.00000308,b,m,
1526871389.1583,1.00070000,4.01736376,s,m,
1527024714.3049,0.99790000,30.06374000,s,m,
1526875115.6281,1.00140000,34.56777000,b,m,
1526959856.7774,0.99920000,30.02462000,s,l,
1526871389.1341,1.00140000,34.53175000,s,m,
1526936160.7497,1.00020000,37.50000000,b,m,
1527016937.9565,0.99900000,30.03033000,s,l,
1527016938.1253,0.99600000,1000.00000000,s,l,
1527017700.9961,0.99790000,30.06856000,b,l,
1527024714.3478,0.99600000,100.00000000,s,m,
1526871389.2348,1.00030000,34.52043000,s,m,
1527024386.6531,0.99760000,30.07097000,s,m,
1526934381.5329,1.00000000,0.00000004,b,m,
1526951179.9418,0.99930000,178.30000000,b,l,
1527017036.2338,0.99780000,1000.00000000,b,l,
1527017040.3641,0.99780000,969.71808000,b,l,
1526939217.7887,1.00020000,75.00000000,s,m,
1527017042.3956,0.99780000,969.71808000,b,l,
1527012947.6188,0.99870000,10.00000000,b,m,
1527016938.1216,0.99610000,1000.00000000,s,l,
1526936181.2693,1.00030000,34.58813000,s,l,
1526873686.8639,1.00080000,34.57248000,s,l,
1526865495.1112,1.00020000,9.09568294,s,l,
1526876387.9481,1.00080000,9.92405310,s,l,
1527004761.45,0.99890000,30.04393000,b,m,
1527017050.7573,0.99700000,30.28192000,b,l,
1527016942.6896,0.99000000,272.34900000,b,l,
1526865984.1146,1.00180000,29.99400000,b,l,
1526962789.0377,0.99950000,28.12655430,b,l,
1527017057.0429,0.99770000,27.14739386,b,l,
1526924834.7026,0.99850000,30.08243000,b,l,
1527016997.5363,0.99470000,7406.71992220,s,l,
1527016938.1179,0.99620000,29988.02788595,s,l,
1527017062.2999,0.99770000,47.85260614,b,l,
1526973374.5158,0.99990000,173.01730000,b,l,
1527024386.8602,0.99740000,30.07941000,s,m,
1526865806.2282,1.00020000,34.53009000,s,l,
1526909447.9795,0.99860000,13076.38900000,s,m,
1527017068.7492,0.99770000,30.08786000,b,l,
1527021610.1408,0.99430000,30.17259000,s,l,
1526923028.8128,0.99890000,676.14490000,b,m,
1527020110.9063,0.99700000,30.09027000,s,m,
1526988241.5178,0.99910000,6.41454000,s,l,
1526979859.3713,0.99890000,30.04116000,b,l,
1526951179.4869,0.99930000,901.38100000,b,l,
1527014321.3864,0.99980000,30.01681000,b,m,
1526874900.9235,1.00010000,20.18390805,s,l,
1526874729.0889,1.00080000,74.97590728,s,l,
1527025571.346,0.99790000,30.06393241,b,l,
1526922873.1303,0.99870000,75.00000000,b,m,
1526869729.4737,1.00070000,17.98234376,s,m,
1527019455.2438,0.99780000,30.09027000,b,l,
1527014876.0258,0.99900000,30.03033000,s,m,
1526922878.4984,0.99860000,0.00168088,s,m,
1526979861.0788,0.99900000,2200.49400000,b,l,
1526933612.0481,0.99990000,1084.57033577,b,m,
1526877219.8767,1.00010000,2440.52111004,s,l,
1527017091.8977,0.99770000,30.08786000,b,l,
1526967302.2991,0.99930000,30.06102000,b,m,
1527016937.9272,0.99900000,30.03033000,s,l,
1526933612.0579,0.99990000,2470.76050502,b,m,
1526959856.7658,0.99930000,6593.43078762,s,l,
1526980233.392,0.99890000,75.00000000,b,l,
1526875719.2165,1.00070000,34.56657000,s,l,
1526979863.4337,0.99900000,6926.63100000,b,l,
1527029465.2449,0.99770000,0.03425733,s,m,
1526865984.081,1.00180000,29.99400000,b,l,
1526924834.7113,0.99850000,30.08243000,b,l,
1527017104.8858,0.99770000,30.08786000,b,l,
1526966965.9814,0.99940000,30.01651000,s,m,
1527023431.3012,0.99800000,30.06554000,b,l,
1527019459.2904,0.99790000,30.09100000,b,l,
1526874734.7833,1.00070000,23.38543452,s,l,
1527020411.8309,0.99900000,40191.47562755,b,m,
1526979865.4933,0.99900000,5226.43795260,b,l,
1526912285.347,0.99860000,30.07941000,b,l,
1527024386.8877,0.99700000,30.09118000,s,m,
1526966607.0913,0.99990000,108.92157050,b,l,
1526979866.9603,0.99900000,550.77600000,b,l,
1526975712.4409,0.99900000,578.46501809,s,l,
1527021610.1879,0.99420000,30.17593000,s,l,
1526951179.5287,0.99930000,1232.88500000,b,l,
1526955183.5067,0.99960000,30.04416000,b,l,
1526865572.6866,1.00020000,34.53009000,s,l,
1526900983.2239,0.99870000,30.03845000,s,l,
1527021795.6228,0.99780000,0.00018000,b,l,
1527028751.899,0.99760000,7827.66683000,s,l,
1526932881.1875,0.99960000,5500.00000000,b,m,
1527017130.526,0.99790000,0.00090000,b,l,
1527017132.7469,0.99790000,74.99798000,b,l,
1527024242.2451,0.99790000,75.00000000,s,l,
1526881966.8777,0.99890000,75.00000000,s,l,
1526966966.0046,0.99880000,880.55096115,s,m,
1526947504.4861,0.99840000,75.00000000,s,m,
1527016938.202,0.99010000,78634.15210000,s,l,
1526933355.051,0.99960000,0.04788501,s,m,
1527019465.9106,0.99790000,0.00046000,b,l,
1526924679.4784,0.99790000,6.12738695,s,m,
1526936181.2598,1.00040000,14089.75967780,s,l,
1526892529.4388,0.99750000,14089.75967780,s,m,
1526924834.7205,0.99900000,30.03544000,b,l,
1527021610.2092,0.99090000,30.27581000,s,l,
1527016946.4005,0.99000000,32757.21177131,b,l,
1526888756.1192,0.99710000,14089.75967780,s,m,
1526875721.2796,1.00070000,7.21221864,s,l,
1527029025.6824,0.99820000,74.99978962,s,l,
1527024714.2893,0.99810000,30.05560000,s,m,
1527020151.3441,0.99860000,30.17259000,s,l,
1526924834.7647,0.99910000,1815.41867754,b,l,
1526924834.7692,0.99920000,2045.00000000,b,l,
1526898382.3313,0.99880000,74.99270268,b,l,
1526898385.0755,0.99880000,0.00729732,b,l,
1526876267.7918,1.00070000,5.67922563,s,l,
1526875974.5802,1.00080000,75.00000000,s,l,
1527020153.8059,0.99870000,30.17259000,s,l,
1526923732.9913,0.99860000,30.04086000,s,m,
1527029465.2305,0.99840000,75.00000000,s,m,
1526865626.4705,1.00030000,75.00000000,s,l,
1526974416.3048,0.99970000,30.00751000,s,m,
1527018011.3351,0.99780000,63.41428154,s,l,
1526875115.5581,1.00130000,34.56561000,b,m,
1526923733.0194,0.99740000,30.07881000,s,m,
1526873531.8718,1.00070000,75.00000000,b,m,
1526974416.2904,0.99970000,30.00825000,s,m,
1527019413.9554,0.99770000,30.06856000,s,m,
1527020110.9301,0.99530000,858.44550000,s,m,
1526875722.5809,1.00070000,13.84715489,s,l,
1527014321.3381,0.99950000,30.02312000,b,m,
1526865924.2467,1.00060000,34.49660000,b,m,
