time,bid,ask
1526933971,8384.20000,8384.40000
1526988819,8205.00000,8206.90000
1526988822,8205.10000,8213.80000
1526988824,8207.00000,8210.00000
1526988825,8207.00000,8211.00000
1526988826,8209.90000,8211.00000
1526988827,8213.60000,8213.80000
1526988828,8210.70000,8214.80000
1526988830,8210.70000,8214.20000
1526988834,8213.60000,8214.40000
1526988835,8214.40000,8214.80000
1526988836,8214.70000,8214.80000
1526988837,8214.70000,8224.90000
1526988838,8215.20000,8224.90000
1526988839,8215.20000,8220.30000
1526988841,8215.20000,8220.30000
1526988842,8218.50000,8220.30000
1526988847,8220.20000,8220.30000
1526988848,8218.50000,8220.30000
1526988849,8218.60000,8220.30000
1526999731,8241.40000,8243.80000
1526988853,8220.20000,8220.30000
1526988857,8220.20000,8224.60000
1526988859,8220.20000,8220.40000
1526988862,8220.30000,8220.40000
1526934197,8387.80000,8391.20000
1526988866,8220.20000,8224.50000
1526988872,8220.20000,8228.40000
1526988873,8218.60000,8220.20000
1526999735,8240.00000,8243.80000
1526988878,8214.40000,8218.20000
1526988880,8214.40000,8220.20000
1526988881,8214.30000,8220.20000
1526988882,8214.40000,8218.10000
1526988883,8214.50000,8218.10000
1526988884,8214.50000,8220.20000
1526988885,8214.50000,8220.20000
1526988887,8214.40000,8220.20000
1526988889,8214.50000,8220.20000
1526988891,8214.80000,8220.20000
1526988893,8216.70000,8220.10000
1526999739,8243.70000,8243.80000
1526988902,8216.70000,8220.00000
1526988903,8210.20000,8220.00000
1526988904,8206.40000,8220.00000
1526988905,8206.40000,8219.90000
1526988906,8206.40000,8216.70000
1526988907,8206.40000,8219.90000
1526988908,8206.40000,8216.60000
1526988909,8207.00000,8207.60000
1526988910,8207.00000,8216.60000
1526988911,8207.10000,8216.60000
1526988912,8207.10000,8207.30000
1526988913,8207.10000,8216.60000
1526988914,8207.10000,8216.40000
1526988916,8207.10000,8216.60000
1526988917,8207.10000,8207.20000
1526988918,8206.60000,8207.20000
1526988919,8205.00000,8207.20000
1526988920,8205.00000,8216.30000
1526988922,8205.10000,8216.30000
1526988923,8211.60000,8216.50000
1526988925,8211.60000,8216.20000
1526988927,8212.90000,8216.20000
1526934208,8389.20000,8395.00000
1526988930,8212.90000,8215.40000
1526988931,8212.90000,8216.50000
1526988934,8212.90000,8215.50000
1526988936,8212.90000,8219.80000
1526988937,8205.20000,8214.50000
1526988938,8205.30000,8214.10000
1526988941,8205.40000,8214.10000
1526988946,8205.10000,8214.10000
1526988947,8205.50000,8214.10000
1526988948,8205.70000,8214.10000
1526988950,8208.60000,8214.10000
1527021266,8181.00000,8188.80000
1526988953,8208.60000,8214.00000
1526988955,8208.70000,8214.00000
1526988958,8208.90000,8214.00000
1526988961,8208.70000,8214.00000
1526988962,8208.60000,8214.00000
1526988963,8209.00000,8214.00000
1526934214,8389.20000,8393.80000
1526988966,8209.10000,8215.30000
1526988971,8209.10000,8215.40000
1526988974,8209.10000,8215.30000
1526988977,8209.20000,8215.30000
1526988979,8209.30000,8215.30000
1526988981,8209.40000,8215.40000
1526988983,8215.20000,8215.40000
1526988988,8215.20000,8222.30000
1526934218,8389.20000,8393.90000
1526988991,8215.30000,8222.30000
1526988992,8215.30000,8222.20000
1526988996,8215.40000,8222.20000
1526988997,8215.40000,8221.00000
1526988998,8215.60000,8229.90000
1526988999,8215.60000,8222.20000
1526989001,8215.40000,8221.40000
1526989002,8215.40000,8221.00000
1526989003,8215.40000,8221.40000
1526989005,8215.90000,8221.40000
1526989009,8216.00000,8221.30000
1526989014,8216.00000,8221.00000
1526989015,8216.10000,8221.00000
1526989016,8216.10000,8221.30000
1526989017,8221.20000,8221.30000
1526989022,8221.20000,8229.70000
1526989023,8221.20000,8229.60000
1526989024,8221.30000,8222.90000
1526989025,8221.30000,8229.50000
1526989026,8221.20000,8229.40000
1526989027,8221.50000,8224.40000
1526989028,8221.50000,8224.30000
1526989029,8221.20000,8229.40000
1526989030,8221.20000,8229.60000
1526989031,8221.20000,8223.00000
1526989033,8221.50000,8223.00000
1526989034,8221.50000,8229.40000
1526989035,8221.50000,8229.60000
1526989036,8221.50000,8229.30000
1526989037,8221.20000,8229.30000
1526989039,8221.20000,8223.20000
1526989041,8221.50000,8222.00000
1526989042,8221.50000,8225.30000
1526989043,8217.50000,8225.30000
1526989045,8220.10000,8224.00000
1526989047,8220.10000,8225.30000
1526989048,8221.60000,8225.30000
1526999764,8244.40000,8248.80000
1526989050,8221.60000,8224.50000
1526989051,8221.60000,8224.50000
1526951437,8321.00000,8321.10000
1526989053,8220.60000,8224.50000
1526989054,8221.60000,8225.20000
1526989057,8217.60000,8225.20000
1526989058,8217.70000,8225.20000
1526989059,8217.60000,8224.40000
1526989060,8220.70000,8224.40000
1526989061,8217.50000,8224.40000
1526989062,8217.50000,8222.40000
1526989063,8217.50000,8222.30000
1526989064,8217.50000,8224.10000
1526989065,8217.50000,8224.10000
1526989067,8220.10000,8221.60000
1526989068,8220.10000,8223.90000
1526989069,8220.20000,8224.00000
1526989073,8220.20000,8223.70000
1526989079,8220.20000,8223.10000
1526989086,8220.20000,8222.80000
1526989087,8222.70000,8222.80000
1526989088,8221.40000,8222.80000
1526989090,8221.40000,8223.10000
1526989092,8221.40000,8222.50000
1526989094,8216.10000,8222.10000
1526989095,8221.50000,8222.00000
1526989096,8218.60000,8222.50000
1526989097,8221.40000,8222.50000
1526989098,8218.60000,8222.50000
1526989100,8221.40000,8222.70000
1526989103,8218.60000,8221.40000
1526989104,8221.50000,8222.70000
1526989105,8221.70000,8222.20000
1526989106,8216.10000,8222.20000
1526989107,8216.10000,8223.10000
1526989108,8216.10000,8222.10000
1526989109,8219.20000,8222.10000
1526989111,8216.10000,8222.10000
1526989112,8219.40000,8222.10000
1526989113,8220.30000,8221.50000
1526989118,8220.30000,8222.10000
1526989123,8220.10000,8221.80000
1526989124,8216.20000,8222.00000
1526989125,8216.20000,8222.00000
1526989126,8221.20000,8222.00000
1526989127,8216.20000,8222.00000
1526989128,8221.50000,8222.00000
1526989129,8216.20000,8224.50000
1526989130,8221.40000,8224.50000
1526989133,8221.40000,8221.80000
1526989134,8221.40000,8224.50000
1526989136,8221.40000,8229.40000
1526989138,8221.40000,8224.90000
1526989139,8216.20000,8223.70000
1526989142,8221.40000,8223.70000
1526989143,8222.30000,8223.70000
1526989147,8222.40000,8223.70000
1526989150,8216.20000,8222.30000
1526989151,8216.20000,8223.70000
1526989153,8222.50000,8223.70000
1526989154,8216.20000,8224.70000
1526989155,8220.10000,8223.40000
1526989157,8220.30000,8223.40000
1526989160,8222.00000,8223.40000
1526989161,8222.00000,8223.30000
1526989165,8222.00000,8222.60000
1526989166,8222.00000,8222.50000
1526989172,8222.00000,8222.60000
1526989180,8222.10000,8222.60000
1526989182,8222.10000,8222.30000
1526989183,8222.00000,8222.30000
1526989185,8222.00000,8222.60000
1526989190,8222.10000,8222.60000
1526989191,8222.10000,8224.60000
1526989192,8222.10000,8224.40000
1526989195,8222.10000,8227.90000
1526989197,8224.30000,8227.90000
1526989199,8224.30000,8229.80000
1526989203,8224.30000,8227.90000
1526989210,8224.40000,8229.80000
1526989212,8224.30000,8229.80000
1526989213,8224.30000,8229.00000
1526989214,8224.30000,8224.60000
1526989220,8224.40000,8224.60000
1526989221,8224.40000,8229.80000
1526989224,8224.50000,8229.80000
1526989234,8226.80000,8229.70000
1526989239,8226.90000,8229.70000
1526999796,8242.70000,8244.10000
1526989242,8229.60000,8229.70000
1526989249,8229.60000,8235.10000
1526934262,8389.10000,8391.00000
1526989254,8229.70000,8235.10000
1526989255,8229.70000,8230.70000
1526989257,8229.80000,8235.10000
1526989258,8229.80000,8230.50000
1526989259,8229.80000,8238.50000
1526989261,8229.80000,8229.90000
1526989265,8229.30000,8229.90000
1526989268,8229.20000,8229.90000
1526989281,8225.90000,8229.90000
1526989282,8227.10000,8229.20000
1526989283,8227.10000,8229.90000
1526989286,8223.50000,8227.10000
1526989287,8222.50000,8227.10000
1526999804,8240.00000,8244.60000
1526989290,8225.80000,8227.10000
1526989292,8225.80000,8229.90000
1526989293,8223.00000,8227.10000
1526989294,8224.30000,8227.10000
1526989295,8224.30000,8229.60000
1526989297,8224.30000,8229.90000
1526989298,8222.60000,8229.60000
1526989299,8222.60000,8229.90000
1526989300,8224.40000,8229.90000
1526989301,8224.40000,8229.50000
1526989303,8224.40000,8229.30000
1526989304,8224.50000,8229.30000
1526989306,8224.50000,8229.90000
1526999807,8240.00000,8242.90000
1526989310,8224.60000,8229.90000
1526989313,8224.60000,8236.90000
1526989314,8226.20000,8236.80000
1526989315,8224.60000,8233.00000
1526989316,8226.20000,8233.00000
1526989317,8226.20000,8236.80000
1526989319,8226.20000,8236.70000
1526989320,8226.30000,8229.80000
1526989322,8226.30000,8229.70000
1526989323,8226.30000,8236.00000
1526989324,8226.70000,8236.70000
1526989325,8226.20000,8228.40000
1526989326,8227.00000,8228.40000
1526989327,8224.40000,8235.90000
1526989328,8224.40000,8228.20000
1526989329,8226.40000,8235.90000
1526989330,8227.10000,8227.40000
1526989331,8227.10000,8235.90000
1526989332,8227.10000,8229.40000
1526989333,8226.60000,8229.30000
1526989334,8226.60000,8234.00000
1526989335,8227.10000,8234.00000
1526989336,8227.30000,8231.60000
1526989339,8227.30000,8231.50000
1526989340,8227.30000,8235.50000
1526989341,8227.30000,8230.80000
1526989342,8227.30000,8235.00000
1526999813,8240.00000,8242.90000
1526989344,8227.40000,8235.30000
1526989346,8229.60000,8235.30000
1526989348,8229.60000,8235.20000
1526989349,8229.60000,8229.80000
1526989354,8229.70000,8229.80000
1526989363,8229.70000,8234.60000
1526989365,8229.70000,8234.80000
1526989368,8229.70000,8234.00000
1526989369,8229.70000,8234.80000
1526989370,8233.60000,8234.80000
1526989371,8233.40000,8234.80000
1526989373,8229.70000,8234.80000
1526989375,8229.70000,8234.70000
1526989376,8229.70000,8234.60000
1526989377,8229.70000,8234.60000
1526989378,8231.60000,8234.60000
1526989381,8231.60000,8234.70000
1526989382,8231.60000,8234.50000
1526989383,8229.80000,8233.70000
1526989384,8231.60000,8234.50000
1526989385,8229.80000,8234.50000
1526989386,8230.00000,8232.30000
1526989387,8230.00000,8234.50000
1526989389,8229.80000,8232.30000
1526989390,8230.00000,8234.30000
1526989391,8229.80000,8234.30000
1526989392,8230.40000,8234.30000
1526989394,8230.40000,8234.20000
1526989401,8230.50000,8234.20000
1526989409,8230.50000,8234.10000
1526989415,8230.50000,8238.90000
1526989416,8230.50000,8239.40000
1526999826,8241.00000,8245.10000
1526989423,8230.50000,8239.30000
1526989424,8230.50000,8238.60000
1526989425,8230.80000,8238.60000
1526989427,8230.80000,8239.30000
1526989430,8231.40000,8239.30000
1526989433,8239.20000,8239.30000
1526989445,8239.20000,8248.20000
1526989446,8239.20000,8248.10000
1526989447,8239.20000,8248.00000
1526989449,8239.20000,8248.10000
1526989450,8239.30000,8248.10000
1526989451,8239.30000,8248.00000
1526989452,8240.90000,8248.00000
1526989455,8247.90000,8248.00000
1526989457,8241.00000,8247.90000
1526989458,8241.00000,8241.60000
1526989459,8239.30000,8241.60000
1526989462,8239.30000,8241.50000
1526989465,8239.40000,8241.50000
1526989467,8239.40000,8240.70000
1526989470,8239.40000,8240.60000
1526989472,8238.30000,8240.60000
1526989473,8234.30000,8240.60000
1526989474,8239.50000,8240.60000
1526989476,8239.60000,8240.30000
1526989478,8239.50000,8240.30000
1526989479,8239.50000,8240.20000
1526989482,8239.70000,8240.20000
1526989484,8235.80000,8240.10000
1526989486,8234.70000,8235.00000
1526989490,8234.70000,8235.00000
1526989493,8234.70000,8234.90000
1526989497,8234.70000,8234.90000
1526989499,8234.70000,8234.80000
1526989531,8234.70000,8235.00000
1526989534,8234.80000,8235.00000
1526989535,8235.00000,8240.10000
1526989537,8235.00000,8246.00000
1526989538,8235.40000,8239.60000
1527021691,8181.00000,8185.00000
1526989540,8235.10000,8239.60000
1526989541,8235.20000,8240.00000
1526989543,8235.20000,8235.30000
1526989553,8235.40000,8245.80000
1526989554,8235.40000,8245.70000
1526989555,8235.50000,8245.70000
1526989556,8239.10000,8245.70000
1526989557,8239.10000,8245.60000
1526989559,8239.10000,8245.50000
1526989561,8239.10000,8242.50000
1526989562,8238.00000,8242.50000
1526989563,8240.50000,8242.40000
1526989564,8239.40000,8242.40000
1526989566,8239.10000,8242.40000
1526989567,8235.50000,8242.40000
1526989568,8235.50000,8240.80000
1526989569,8235.60000,8240.80000
1526989572,8236.70000,8240.70000
1527023469,8085.60000,8092.00000
1526989577,8236.80000,8240.70000
1526989578,8237.40000,8240.70000
1526989579,8237.40000,8245.30000
1526989581,8236.80000,8245.30000
1526989584,8236.80000,8245.20000
1526989585,8236.80000,8245.10000
1526989586,8236.90000,8245.10000
1526989590,8237.00000,8245.10000
1526989593,8237.10000,8241.50000
1526989595,8237.10000,8241.40000
1526989597,8237.00000,8241.40000
1526989598,8238.00000,8241.40000
1526989599,8238.00000,8241.40000
1526989600,8237.10000,8241.40000
1526989602,8237.10000,8245.00000
1526989603,8239.60000,8245.00000
1526989605,8239.60000,8244.90000
1526989609,8239.60000,8244.80000
1526989610,8239.60000,8249.50000
1526989612,8239.60000,8242.60000
1526989613,8238.20000,8242.50000
1526989615,8239.80000,8242.50000
1526989616,8239.80000,8242.70000
1526989618,8239.80000,8244.00000
1526989619,8239.90000,8243.90000
1526989620,8239.80000,8243.90000
1526989622,8238.90000,8243.90000
1526989623,8238.90000,8243.80000
1526989624,8237.30000,8243.80000
1526989626,8237.30000,8243.70000
1526989627,8239.00000,8243.70000
1526989635,8239.00000,8243.60000
1526989636,8239.00000,8243.40000
1526989637,8239.00000,8243.30000
1526989638,8239.00000,8239.10000
1526989640,8239.00000,8239.10000
1526989641,8239.00000,8243.30000
1526989643,8239.00000,8240.80000
1526999864,8240.00000,8244.30000
1526989650,8239.00000,8240.70000
1526989659,8239.00000,8242.60000
1526989661,8239.00000,8240.00000
1526989662,8239.00000,8242.60000
1526989663,8239.00000,8242.50000
1527023472,8085.50000,8093.90000
1526964551,8287.10000,8292.00000
1526989667,8239.00000,8242.40000
1526989670,8239.00000,8242.30000
1526989671,8239.00000,8242.30000
1526989672,8239.00000,8242.20000
1526989673,8235.20000,8242.10000
1526989675,8235.20000,8239.10000
1526989676,8235.30000,8239.10000
1526989677,8235.30000,8239.00000
1526989678,8235.30000,8238.90000
1526989681,8235.30000,8238.80000
1526989683,8235.30000,8238.70000
1526989686,8235.30000,8236.50000
1526989688,8235.60000,8236.50000
1526989690,8235.70000,8239.10000
1526989691,8235.70000,8236.40000
1526989692,8235.70000,8239.10000
1526989693,8235.70000,8238.10000
1526989694,8236.20000,8238.10000
1526989695,8235.70000,8239.10000
1526989696,8235.70000,8238.00000
1526989698,8235.70000,8237.80000
1526989699,8235.70000,8237.70000
1526989703,8235.70000,8239.10000
1526989705,8235.70000,8239.00000
1526989711,8235.70000,8239.80000
1526989712,8235.70000,8239.70000
1526989715,8235.80000,8239.70000
1526989719,8235.80000,8242.10000
1526989721,8235.90000,8242.10000
1526940548,8380.80000,8382.00000
1526982011,8243.10000,8243.20000
1526989724,8235.90000,8242.00000
1526989728,8238.90000,8243.80000
1526989729,8235.90000,8243.70000
1526989731,8235.90000,8241.20000
1526989732,8235.90000,8242.90000
1526989733,8235.80000,8242.90000
1526989734,8236.40000,8242.90000
1526989735,8236.40000,8248.80000
1526989736,8236.40000,8243.60000
1526989737,8239.20000,8243.60000
1526989739,8239.20000,8248.60000
1526989741,8239.20000,8248.50000
1526989744,8239.20000,8248.40000
1526989747,8239.20000,8248.30000
1526989750,8239.20000,8244.20000
1526989752,8239.50000,8244.20000
1526989756,8239.50000,8244.10000
1526989759,8239.50000,8247.90000
1526989760,8239.20000,8244.10000
1526989761,8239.20000,8243.50000
1526989766,8239.50000,8243.50000
1526989768,8239.70000,8243.40000
1526989769,8239.90000,8243.40000
1526989770,8239.50000,8243.50000
1526989771,8236.10000,8243.50000
1526989772,8236.80000,8243.50000
1526989774,8236.00000,8243.50000
1526989775,8236.20000,8243.40000
1526989777,8236.90000,8243.40000
1526989778,8236.90000,8243.30000
1526989782,8236.90000,8243.20000
1526989783,8238.40000,8243.20000
1526989785,8238.40000,8242.90000
1526989786,8238.40000,8238.50000
1526989787,8235.80000,8238.50000
1527021733,8181.00000,8185.10000
1526954598,8267.10000,8268.00000
1526989797,8235.80000,8238.40000
1526989799,8236.50000,8238.40000
1526989800,8235.80000,8238.40000
1526989808,8235.80000,8235.90000
1526989819,8235.20000,8235.80000
1526989823,8235.30000,8235.80000
1526989826,8235.30000,8235.70000
1526989828,8235.30000,8235.60000
1526989831,8235.20000,8235.60000
1526989832,8235.20000,8235.40000
1526989838,8235.20000,8235.30000
1526989839,8235.20000,8235.40000
1526989841,8235.20000,8235.30000
1527021748,8181.00000,8185.10000
1526989884,8235.20000,8235.80000
1526989886,8235.20000,8235.80000
1526989888,8235.30000,8235.80000
1526989891,8235.40000,8235.80000
1527021750,8181.20000,8185.10000
1526989894,8235.70000,8235.80000
1527008282,8214.50000,8224.00000
1526989911,8235.80000,8247.10000
1526989913,8235.80000,8247.00000
1526989915,8235.80000,8241.10000
1526989916,8235.80000,8247.00000
1526989917,8235.80000,8241.60000
1527021755,8181.10000,8185.00000
1526989924,8236.10000,8246.80000
1526989925,8236.10000,8246.80000
1526989926,8236.10000,8241.60000
1526989928,8236.20000,8246.70000
1527021756,8181.10000,8185.10000
1526989930,8236.20000,8246.70000
1526989931,8236.40000,8246.70000
1526989932,8236.40000,8246.60000
1526989934,8236.50000,8246.60000
1526989935,8236.50000,8241.70000
1526989936,8236.70000,8246.60000
1526989937,8236.70000,8240.00000
1526989942,8236.80000,8240.00000
1526989943,8236.80000,8240.00000
1526989944,8236.80000,8240.00000
1526989948,8236.80000,8240.00000
1526989949,8236.80000,8238.80000
1526989951,8236.80000,8237.00000
1526989952,8235.80000,8237.00000
1526989953,8235.80000,8236.80000
1526989957,8234.00000,8235.80000
1526989958,8233.50000,8235.80000
1526989959,8235.90000,8237.00000
1526989960,8236.70000,8237.00000
1526989964,8236.70000,8240.00000
1526989969,8236.80000,8239.90000
1526989971,8236.80000,8240.00000
1526989977,8236.70000,8240.00000
1526989980,8236.80000,8240.00000
1526989982,8236.80000,8237.30000
1526989985,8233.70000,8237.30000
1526989986,8231.20000,8237.30000
1526989987,8231.00000,8237.30000
1526989989,8231.30000,8239.80000
1526989990,8235.30000,8239.80000
1526989992,8235.40000,8239.80000
1526989994,8235.40000,8238.10000
1526989995,8235.40000,8238.00000
1526989996,8235.40000,8238.00000
1526989997,8235.40000,8238.10000
1526989998,8235.40000,8239.70000
1526989999,8235.40000,8238.00000
1526990000,8235.40000,8239.70000
1526990001,8235.40000,8237.30000
1526990002,8235.60000,8237.30000
1526990003,8235.40000,8237.30000
1526990004,8231.40000,8235.30000
1526990006,8231.40000,8237.30000
1526990011,8233.10000,8237.30000
1526990013,8233.10000,8237.20000
1526990014,8231.10000,8237.20000
1526990015,8233.20000,8237.20000
1526990017,8234.00000,8237.20000
1526990018,8233.20000,8237.20000
1526990019,8233.30000,8237.20000
1526990020,8233.40000,8237.20000
1526990021,8233.40000,8237.30000
1526990022,8233.40000,8237.20000
1526990024,8233.40000,8237.30000
1526990025,8234.20000,8237.30000
1526990026,8233.40000,8237.30000
1526990027,8233.40000,8237.30000
1526990028,8234.90000,8237.30000
1527010850,8219.30000,8225.00000
1526990031,8234.90000,8239.80000
1526951108,8335.00000,8336.40000
1526990033,8234.90000,8239.50000
1526990034,8234.30000,8239.50000
1526990036,8234.30000,8237.60000
1526990037,8235.00000,8237.60000
1526990038,8235.00000,8237.50000
1526990042,8235.10000,8237.50000
1526990044,8235.10000,8237.60000
1527010853,8219.30000,8224.90000
1526990054,8235.10000,8237.50000
1526990059,8235.10000,8237.40000
1526990060,8235.10000,8237.50000
1526990062,8235.10000,8237.50000
1526990063,8235.80000,8237.50000
1526990064,8235.10000,8237.40000
1526990068,8235.10000,8235.20000
1527021780,8180.60000,8181.20000
1526990091,8228.10000,8235.20000
1526990093,8228.80000,8235.00000
1526990094,8228.80000,8233.10000
1526990095,8228.80000,8233.10000
1526990096,8228.80000,8232.40000
1526990097,8228.80000,8232.30000
1526990098,8224.50000,8228.80000
1526990099,8224.50000,8228.90000
1526990102,8223.00000,8228.10000
1526990103,8223.00000,8224.50000
1526990105,8223.00000,8223.10000
1526990126,8223.00000,8224.20000
1526990127,8223.00000,8223.10000
1526990129,8223.00000,8223.10000
1526990130,8223.00000,8226.20000
1526990131,8223.00000,8224.20000
1526990132,8223.00000,8224.10000
1526990133,8223.00000,8223.10000
1526942744,8376.30000,8377.60000
1526990136,8223.00000,8224.10000
1527010868,8219.30000,8225.00000
1526990139,8223.00000,8223.10000
1526990142,8223.00000,8224.60000
1526990143,8223.00000,8224.50000
1526990144,8223.00000,8224.00000
1526990147,8223.00000,8224.50000
1526990149,8223.00000,8226.00000
1526990151,8223.00000,8226.00000
1526990153,8222.50000,8224.50000
1526990154,8222.50000,8224.90000
1526990155,8222.50000,8224.50000
1526990158,8222.50000,8224.40000
1526990166,8223.30000,8224.40000
1526990167,8222.60000,8224.40000
1526990168,8224.00000,8224.40000
1526990169,8222.60000,8224.40000
1526990171,8222.60000,8224.40000
1526990172,8224.30000,8224.40000
1526990173,8222.60000,8224.00000
1526990174,8222.50000,8224.40000
1526990176,8224.30000,8224.40000
1526990180,8222.50000,8224.40000
1526990181,8224.30000,8224.40000
1526990182,8222.50000,8224.40000
1526990184,8223.70000,8224.00000
1526990185,8222.00000,8222.50000
1526990192,8222.00000,8222.10000
1526990193,8222.00000,8222.50000
1526990194,8222.00000,8222.50000
1526990195,8222.00000,8222.10000
1526990196,8222.00000,8222.50000
1526990197,8222.00000,8222.10000
1527010880,8220.90000,8223.80000
1526945345,8402.10000,8410.00000
1526990217,8213.00000,8222.00000
1526990218,8213.00000,8214.80000
1526990219,8214.90000,8222.00000
1526990220,8216.00000,8222.00000
1526990221,8216.00000,8222.00000
1526990222,8213.00000,8222.10000
1526990223,8213.00000,8215.00000
1526990227,8213.00000,8214.90000
1526983075,8232.30000,8235.90000
1526990231,8213.00000,8215.00000
1526945348,8407.70000,8410.00000
1526990234,8213.00000,8214.50000
1526990235,8213.50000,8213.90000
1526990236,8213.00000,8215.00000
1526990247,8213.00000,8213.80000
1526990250,8213.00000,8214.90000
1526990251,8213.00000,8213.70000
1526990255,8213.00000,8213.60000
1526990259,8213.00000,8213.10000
1526990264,8213.00000,8213.60000
1526990265,8213.00000,8213.10000
1526964571,8287.10000,8287.80000
1526990288,8210.00000,8213.00000
1526999971,8240.10000,8244.10000
1526990293,8210.10000,8213.00000
1526990295,8210.10000,8212.90000
1526990297,8210.80000,8212.90000
1526990299,8210.80000,8212.90000
1526990300,8210.90000,8212.90000
1526990303,8210.80000,8212.90000
1526990305,8210.00000,8210.80000
1526990308,8205.30000,8210.80000
1526990309,8205.30000,8205.40000
1526934439,8395.10000,8395.30000
1526990322,8205.30000,8205.40000
1526999977,8241.80000,8244.10000
1526990328,8205.30000,8209.60000
1527010900,8221.20000,8224.60000
1526990330,8205.30000,8205.40000
1526990332,8205.00000,8205.40000
1526990336,8205.30000,8209.50000
1526990337,8205.30000,8209.50000
1526990338,8205.00000,8205.40000
1526990340,8205.30000,8205.40000
1526990345,8205.10000,8205.40000
1526990346,8205.10000,8205.30000
1526990347,8205.10000,8205.40000
1526990349,8205.30000,8205.40000
1526990350,8205.30000,8208.10000
1526990352,8205.10000,8208.10000
1526990353,8205.00000,8208.10000
1526999982,8240.10000,8244.10000
1526990358,8208.00000,8208.10000
1526990361,8208.00000,8209.90000
1526990362,8208.00000,8209.80000
1526999983,8236.80000,8244.00000
1526990365,8205.00000,8209.80000
1526990366,8209.10000,8209.80000
1526990367,8209.60000,8209.80000
1526990368,8205.10000,8209.80000
1526990369,8209.70000,8209.80000
1526990378,8205.10000,8209.80000
1526990379,8205.10000,8209.70000
1526990381,8209.70000,8209.80000
1526990382,8205.10000,8209.80000
1526990383,8205.10000,8209.60000
1526987527,8252.00000,8254.00000
1526990389,8209.50000,8209.60000
1526990390,8205.20000,8209.60000
1526990391,8209.20000,8209.60000
1526990393,8205.20000,8209.60000
1526990395,8205.20000,8209.60000
1526999989,8239.00000,8244.00000
1526990400,8205.10000,8209.50000
1526990401,8205.10000,8205.30000
1526990403,8205.40000,8209.60000
1526990404,8205.40000,8209.50000
1526990406,8205.10000,8205.20000
1526990407,8205.10000,8207.80000
1526990409,8205.30000,8207.10000
1526990410,8205.60000,8207.80000
1526990411,8206.20000,8209.50000
1526990412,8206.90000,8209.50000
1526990415,8206.90000,8207.00000
1526990417,8207.80000,8209.50000
1526990418,8205.20000,8209.50000
1527029235,7979.50000,7981.30000
1526990420,8205.30000,8209.50000
1526990421,8205.30000,8207.00000
1526990422,8205.30000,8209.50000
1526990423,8209.40000,8209.50000
1526990424,8205.40000,8209.50000
1526990425,8205.40000,8209.50000
1526990427,8209.40000,8209.50000
1526990428,8205.10000,8209.50000
1526990429,8205.50000,8209.50000
1526990432,8208.50000,8209.50000
1526990433,8208.70000,8209.50000
1526999995,8237.00000,8244.30000
1526990436,8209.40000,8209.50000
1526990437,8205.60000,8209.50000
1526990440,8206.00000,8209.50000
1526990441,8209.00000,8209.50000
1526990442,8209.30000,8209.50000
1526990443,8209.10000,8209.50000
1527021842,8179.00000,8179.90000
1526999997,8236.80000,8244.30000
1526990449,8206.00000,8209.50000
1526990450,8209.20000,8209.50000
1527021843,8169.00000,8179.10000
1526990452,8206.00000,8209.50000
1526934462,8395.40000,8399.00000
1526990455,8206.00000,8209.50000
1526990456,8206.00000,8209.50000
1527021844,8169.00000,8178.00000
1526990458,8207.50000,8209.50000
1526990459,8206.00000,8209.50000
1526990461,8207.70000,8209.50000
1526990462,8206.00000,8209.20000
1526990463,8206.00000,8209.50000
1526990464,8206.00000,8209.50000
1527000000,8248.50000,8249.80000
1526990466,8209.40000,8209.50000
1526990467,8206.00000,8209.50000
1526990468,8206.10000,8209.50000
1526990469,8209.40000,8209.50000
1526990470,8206.10000,8209.50000
1526990471,8209.10000,8209.50000
1526990472,8209.40000,8209.50000
1526990473,8206.10000,8209.50000
1526990474,8208.70000,8209.50000
1527021847,8169.00000,8169.10000
1526990477,8206.10000,8209.50000
1526990478,8209.30000,8209.50000
1526990479,8206.00000,8209.50000
1526990481,8209.40000,8209.50000
1526990482,8206.10000,8209.50000
1526990483,8209.40000,8209.50000
1526990484,8209.40000,8209.50000
1527010926,8221.60000,8225.00000
1527021849,8164.10000,8168.90000
1526990489,8206.00000,8209.50000
1526990490,8208.90000,8209.50000
1526990491,8209.40000,8209.50000
1526990492,8206.00000,8209.50000
1526990493,8207.40000,8209.40000
1526990494,8207.40000,8209.40000
1526990495,8208.70000,8209.40000
1526990496,8208.80000,8209.40000
1526934470,8395.40000,8399.90000
1526990505,8208.80000,8209.50000
1526990507,8208.90000,8209.50000
1526990512,8212.10000,8212.90000
1526990513,8209.00000,8212.90000
1526990514,8212.70000,8212.90000
1526990515,8209.00000,8212.90000
1526990516,8209.70000,8212.90000
1526990518,8212.80000,8212.90000
1526990523,8209.10000,8212.80000
1526990525,8209.80000,8212.80000
1526990532,8209.90000,8212.80000
1526990534,8209.90000,8212.70000
1526990537,8210.00000,8212.70000
1526990542,8210.10000,8212.70000
1526990546,8210.70000,8212.70000
1526990548,8210.70000,8212.80000
1526990549,8210.70000,8210.90000
1526990550,8210.80000,8210.90000
1527000015,8243.10000,8243.60000
1527021861,8164.00000,8165.40000
1526990563,8210.80000,8212.80000
1526990564,8210.80000,8211.00000
1527021865,8164.00000,8164.10000
1526990593,8210.80000,8212.70000
1526990597,8212.70000,8212.90000
1526990598,8212.90000,8213.00000
1526990600,8212.90000,8220.00000
1526990601,8212.90000,8222.00000
1526990602,8209.10000,8219.90000
1526990604,8209.80000,8210.90000
1526990608,8209.90000,8210.90000
1526990612,8210.00000,8210.90000
1526990613,8209.90000,8210.90000
1526990617,8210.60000,8210.90000
1526990620,8209.10000,8210.90000
1526990621,8210.00000,8214.30000
1526990622,8209.10000,8214.20000
1526990623,8209.80000,8214.20000
1526990626,8210.00000,8210.80000
1526990627,8209.90000,8210.80000
1527021873,8164.40000,8165.30000
1526990632,8209.90000,8210.80000
1526990633,8209.90000,8210.80000
1526990635,8209.90000,8210.80000
1526990636,8209.90000,8210.80000
1526990637,8210.00000,8210.80000
1526990639,8210.00000,8210.80000
1526990641,8210.10000,8210.80000
1526990643,8210.10000,8210.70000
1526990644,8209.10000,8210.80000
1526990645,8209.10000,8210.20000
1526990646,8209.10000,8210.10000
1526990648,8209.10000,8210.20000
1526990649,8209.10000,8210.10000
1526990650,8209.10000,8210.20000
1526990651,8206.00000,8209.10000
1526990652,8205.00000,8210.00000
1526990653,8205.00000,8206.00000
1526990657,8205.00000,8206.80000
1526990659,8205.00000,8209.00000
1526990660,8205.00000,8205.10000
1526990682,8205.00000,8209.00000
1526990683,8205.00000,8205.10000
1526990684,8205.00000,8208.90000
1526990685,8205.00000,8208.80000
1526990687,8205.00000,8208.90000
1526990688,8205.00000,8206.70000
1526990689,8205.00000,8205.50000
1526990690,8205.20000,8205.50000
1526990691,8205.00000,8205.50000
1526990694,8205.00000,8205.10000
1526988591,8226.60000,8235.70000
1526990734,8205.00000,8205.40000
1526990735,8205.00000,8206.80000
1526990736,8205.00000,8207.00000
1526990738,8205.00000,8209.80000
1527021891,8164.00000,8164.50000
1526990741,8205.00000,8206.90000
1526990743,8205.00000,8205.10000
1526990744,8205.00000,8206.00000
1526990745,8205.00000,8206.90000
1526990746,8205.00000,8206.90000
1526990747,8205.00000,8205.10000
1526990748,8205.00000,8205.10000
1526990749,8205.00000,8205.10000
1526990750,8205.30000,8205.50000
1526990751,8205.00000,8209.70000
1526990753,8205.00000,8209.70000
1526945439,8405.70000,8407.20000
1526990755,8205.00000,8205.10000
1527031347,8019.20000,8037.70000
1527010972,8222.00000,8225.10000
1526990764,8205.00000,8205.10000
1526990767,8205.00000,8207.00000
1526990771,8205.10000,8206.90000
1526990772,8205.00000,8206.90000
1526945438,8405.70000,8407.60000
1526990775,8205.00000,8206.90000
1526990776,8205.00000,8206.70000
1526990777,8205.00000,8206.70000
1526990778,8206.60000,8206.90000
1526990779,8205.00000,8206.90000
1526990782,8205.00000,8206.70000
1526990784,8206.50000,8206.70000
1526990799,8205.00000,8205.10000
1526990802,8205.00000,8206.50000
1526990804,8205.00000,8206.50000
1526990805,8205.10000,8206.50000
1526990806,8205.00000,8206.50000
1526990807,8206.40000,8206.50000
1526990808,8205.00000,8206.20000
1526990809,8205.10000,8206.20000
1526990810,8205.00000,8206.20000
1526990811,8205.00000,8205.80000
1526990812,8205.10000,8205.80000
1526990813,8205.00000,8206.10000
1526990814,8205.00000,8205.80000
1526990815,8205.00000,8206.10000
1526990816,8205.10000,8209.80000
1526990817,8205.10000,8205.80000
1526990819,8205.10000,8206.10000
1526990820,8205.10000,8205.80000
1526990821,8205.10000,8205.80000
1526990823,8205.10000,8206.10000
1526990825,8205.10000,8211.80000
1526990828,8205.10000,8211.00000
1526990829,8205.10000,8210.00000
1526990830,8205.10000,8211.80000
1526990833,8205.10000,8210.00000
1526990834,8205.10000,8211.80000
1526990838,8205.40000,8211.80000
1526990839,8205.40000,8211.70000
1526990841,8205.20000,8211.70000
1526990843,8205.70000,8211.70000
1526990846,8205.10000,8211.70000
1526990849,8205.40000,8211.70000
1526990850,8205.40000,8211.70000
1526990851,8205.40000,8208.50000
1526964693,8283.00000,8289.20000
1526990853,8205.10000,8208.50000
1526990855,8205.10000,8211.70000
1526990856,8205.50000,8211.70000
1526990858,8205.50000,8208.50000
1526990861,8205.10000,8213.90000
1526990862,8205.10000,8213.80000
1526990865,8205.10000,8205.30000
1526990868,8208.10000,8213.70000
1526990870,8208.10000,8213.60000
1526990872,8208.10000,8213.60000
1526990873,8208.10000,8213.70000
1526990874,8208.10000,8213.60000
1526990875,8208.10000,8213.70000
1526990876,8208.40000,8211.10000
1526990877,8208.40000,8210.70000
1526990878,8208.40000,8210.40000
1526990879,8208.40000,8210.30000
1526990880,8205.00000,8208.20000
1526990884,8205.40000,8208.20000
1526990885,8205.00000,8208.20000
1526945457,8404.70000,8407.40000
1526990892,8205.00000,8208.10000
1526990893,8205.10000,8208.10000
1526990894,8205.10000,8207.00000
1527021917,8164.90000,8168.90000
1526990897,8205.10000,8208.00000
1526990899,8205.10000,8208.00000
1526990901,8205.10000,8205.20000
1526990907,8205.10000,8208.20000
1526990908,8205.10000,8205.20000
1526990909,8205.00000,8205.20000
1526990910,8205.00000,8208.20000
1526990912,8205.00000,8205.10000
1526990914,8205.00000,8208.20000
1526990916,8205.00000,8208.20000
1526990920,8205.00000,8208.10000
1526990921,8205.10000,8208.10000
1526990922,8205.00000,8208.10000
1526990923,8205.00000,8208.10000
1526990924,8205.10000,8205.30000
1526990925,8205.00000,8205.30000
1526990927,8205.00000,8205.30000
1526990940,8205.00000,8205.20000
1526990942,8205.10000,8205.20000
1527021925,8167.20000,8172.60000
1526990944,8205.00000,8205.20000
1526990956,8205.10000,8205.20000
1526990957,8205.00000,8205.20000
1526990968,8205.00000,8206.80000
1526990969,8205.00000,8205.20000
1526990976,8205.10000,8205.20000
1526990981,8205.00000,8205.20000
1526990984,8205.00000,8205.10000
1526979871,8243.10000,8245.90000
1526990993,8205.00000,8205.10000
1526991011,8205.00000,8205.20000
1526991014,8205.00000,8205.20000
1526991015,8205.10000,8205.20000
1526991017,8205.00000,8205.20000
1526991019,8205.00000,8205.10000
1527021938,8164.90000,8167.20000
1526991033,8204.00000,8205.00000
1526991035,8204.00000,8204.90000
1526991038,8204.00000,8205.00000
1526991039,8204.00000,8204.80000
1526991043,8204.00000,8204.20000
1526991044,8204.00000,8204.10000
1526991046,8201.00000,8204.10000
1526991048,8200.70000,8204.00000
1526991052,8200.70000,8203.90000
1526991056,8200.70000,8200.80000
1527021944,8165.10000,8167.20000
1526991059,8200.10000,8200.70000
1526991062,8200.10000,8200.60000
1526991063,8200.10000,8200.70000
1526991064,8200.00000,8200.70000
1526991065,8200.00000,8200.50000
1526991067,8200.00000,8200.40000
1526991068,8200.00000,8200.50000
1526991072,8200.00000,8200.10000
1526991077,8197.10000,8197.80000
1526991079,8197.10000,8197.70000
1526991080,8190.90000,8196.00000
1526991081,8190.90000,8195.80000
1526991082,8190.90000,8196.00000
1526991083,8190.00000,8190.10000
1527021951,8164.80000,8165.50000
1526991101,8189.00000,8190.00000
1526991102,8186.10000,8189.90000
1526991103,8177.10000,8177.90000
1526991106,8176.10000,8176.20000
1526991107,8176.10000,8176.20000
1527021953,8164.90000,8165.50000
1526991113,8175.00000,8176.20000
1526991114,8175.00000,8176.10000
1526991117,8175.00000,8176.20000
1526991118,8175.00000,8176.00000
1527021955,8164.90000,8165.50000
1526991126,8175.00000,8175.90000
1526991130,8175.00000,8175.10000
1526991139,8174.40000,8175.00000
1526991141,8174.30000,8175.00000
1526991142,8174.30000,8174.90000
1526991144,8174.30000,8175.00000
1526991145,8174.30000,8174.80000
1526991147,8171.10000,8174.30000
1526991149,8171.00000,8171.10000
1526991153,8171.00000,8173.40000
1526991154,8171.10000,8174.20000
1526991155,8171.10000,8172.20000
1526991158,8171.10000,8172.10000
1526991162,8173.20000,8174.50000
1526991164,8171.80000,8173.20000
1526991165,8175.90000,8176.00000
1526991167,8171.10000,8176.00000
1526991168,8172.60000,8176.00000
1526991171,8179.90000,8184.80000
1526991173,8175.90000,8179.90000
1526991174,8183.80000,8184.80000
1526991175,8184.70000,8184.80000
1526991176,8184.70000,8188.80000
1526991177,8184.70000,8185.90000
1526991179,8180.00000,8183.20000
1526991180,8181.40000,8183.00000
1526991181,8181.60000,8185.90000
1526991182,8183.30000,8185.90000
1526991183,8183.30000,8188.70000
1526991184,8185.00000,8188.70000
1526991186,8183.90000,8188.70000
1526991187,8185.80000,8188.70000
1526991188,8186.20000,8188.70000
1526991189,8180.70000,8188.70000
1526991190,8180.50000,8185.90000
1526991192,8178.40000,8188.60000
1526991194,8178.10000,8186.60000
1526991196,8178.20000,8186.60000
1526991197,8180.00000,8180.60000
1526991200,8177.30000,8178.20000
1526991202,8177.30000,8180.50000
1526991203,8175.90000,8180.50000
1526991204,8177.40000,8178.10000
1526991205,8177.40000,8180.60000
1526991206,8177.40000,8178.10000
1526991209,8177.40000,8180.50000
1526991210,8177.40000,8180.50000
1526991212,8177.40000,8178.00000
1526991215,8175.90000,8178.00000
1526991216,8177.40000,8178.00000
1526991217,8175.90000,8178.00000
1526991218,8177.50000,8180.40000
1526991219,8177.50000,8180.40000
1526991220,8175.90000,8177.90000
1526991222,8177.50000,8177.90000
1526945513,8407.10000,8407.50000
1526991224,8177.80000,8186.00000
1526991227,8177.80000,8182.90000
1526991228,8177.90000,8186.00000
1526991229,8178.00000,8185.90000
1526991232,8177.90000,8185.90000
1526991234,8183.00000,8185.90000
1526991235,8183.00000,8186.30000
1526991236,8183.00000,8185.90000
1526991237,8183.00000,8185.80000
1526991238,8183.10000,8185.80000
1526991241,8183.10000,8185.90000
1526991242,8185.80000,8185.90000
1526991243,8185.80000,8196.90000
1526991246,8185.80000,8196.80000
1526991250,8185.80000,8196.70000
1526991253,8186.10000,8196.70000
1526991255,8186.10000,8196.60000
1526991258,8186.10000,8191.10000
1526991259,8186.10000,8196.60000
1526991260,8186.10000,8190.30000
1526991261,8186.10000,8192.60000
1526991262,8186.10000,8192.60000
1526991263,8186.10000,8186.20000
1526991264,8186.10000,8192.60000
1526991265,8186.10000,8192.60000
1526991266,8185.90000,8192.60000
1526991267,8186.10000,8187.50000
1526991268,8183.00000,8192.60000
1526986427,8241.60000,8242.00000
1526991270,8189.70000,8192.60000
1526991273,8189.70000,8192.50000
1526991277,8189.70000,8192.40000
1526991281,8189.70000,8192.30000
1527011059,8222.10000,8233.00000
1526991286,8189.70000,8192.20000
1526991287,8189.70000,8191.00000
1526991290,8189.70000,8191.00000
1526991291,8189.70000,8192.10000
1526991292,8189.70000,8190.90000
1526991293,8186.10000,8189.70000
1526991294,8186.10000,8190.80000
1526991296,8186.10000,8189.70000
1526991297,8186.10000,8186.20000
1526991299,8180.00000,8186.20000
1526991301,8181.00000,8186.20000
1526991304,8181.00000,8186.10000
1526991306,8181.00000,8186.00000
1526991314,8181.00000,8181.10000
1526991315,8181.00000,8185.50000
1526991316,8181.00000,8185.40000
1526991318,8181.00000,8181.30000
1526978297,8312.10000,8314.90000
1526936237,8400.90000,8402.30000
1526991330,8181.00000,8181.20000
1526991332,8181.00000,8183.20000
1526991333,8181.00000,8181.10000
1526991334,8181.00000,8181.30000
1526991335,8181.00000,8181.10000
1526991336,8181.00000,8181.10000
1526991338,8181.00000,8181.20000
1526991340,8181.00000,8181.10000
1527011072,8222.10000,8227.10000
1527021995,8165.30000,8165.40000
1527021997,8165.30000,8165.40000
1527021998,8165.30000,8165.50000
1526991384,8181.00000,8181.20000
1526991387,8181.10000,8181.20000
1526991389,8181.10000,8183.20000
1527000156,8236.00000,8240.00000
1526991404,8181.20000,8183.20000
1526991412,8182.00000,8183.20000
1527000158,8235.00000,8240.00000
1526991415,8181.20000,8183.20000
1526991419,8181.20000,8183.10000
1526991420,8181.60000,8183.10000
1527022005,8165.30000,8165.40000
1526991428,8181.60000,8183.00000
1526991429,8181.60000,8183.00000
1526991432,8181.70000,8183.10000
1526991433,8182.00000,8183.10000
1526991434,8181.70000,8183.10000
1526991435,8182.40000,8183.00000
1526991437,8182.40000,8183.10000
1526991438,8182.40000,8183.20000
1526991439,8182.40000,8183.00000
1526991440,8182.40000,8183.20000
1526991441,8181.70000,8183.00000
1526991442,8181.70000,8183.20000
1526991443,8181.70000,8183.20000
1526991444,8181.70000,8182.50000
1526991445,8182.50000,8183.20000
1526991446,8182.50000,8183.00000
1526991447,8182.80000,8183.00000
1526934628,8396.00000,8399.70000
1526991450,8182.80000,8184.10000
1526991451,8182.80000,8186.00000
1527022010,8165.30000,8165.50000
1526991455,8182.80000,8185.90000
1527022011,8165.30000,8165.40000
1527000166,8235.00000,8235.10000
1526991462,8182.80000,8186.00000
1526991464,8182.80000,8185.90000
1526991470,8182.80000,8185.80000
1527000168,8235.00000,8235.20000
1526991482,8182.80000,8185.70000
1526991485,8182.90000,8185.70000
1526991488,8182.90000,8185.60000
1526991499,8184.00000,8185.60000
1526991500,8184.00000,8185.50000
1526991502,8182.90000,8185.50000
1527022021,8165.30000,8165.50000
1527022022,8165.30000,8165.50000
1526967409,8290.70000,8291.20000
1527022023,8165.30000,8165.40000
1526991539,8183.40000,8192.30000
1526991540,8185.00000,8192.30000
1526991541,8185.00000,8192.20000
1526991542,8183.10000,8192.20000
1526991543,8185.30000,8192.20000
1526991545,8185.00000,8192.20000
1526991547,8183.10000,8192.20000
1526991548,8186.00000,8192.20000
1526991551,8183.40000,8192.20000
1526991553,8186.00000,8192.20000
1526991555,8192.10000,8192.20000
1526991557,8192.10000,8197.60000
1526991558,8192.10000,8192.20000
1526991560,8192.10000,8194.30000
1526991561,8192.10000,8192.20000
1526991563,8192.10000,8194.30000
1526991565,8192.10000,8197.50000
1526991566,8192.10000,8197.60000
1527022029,8165.30000,8165.40000
1526991570,8192.10000,8197.50000
1526991571,8192.20000,8197.50000
1526991573,8192.50000,8197.50000
1526991574,8192.60000,8197.50000
1526991575,8192.60000,8195.80000
1526991576,8192.60000,8195.70000
1526991577,8192.60000,8195.70000
1526991578,8192.60000,8195.70000
1526991580,8192.60000,8197.40000
1526991581,8192.60000,8197.40000
1526991582,8195.50000,8196.70000
1526991583,8192.70000,8195.10000
1526991585,8192.70000,8195.10000
1526991589,8192.70000,8196.50000
1526991590,8192.50000,8196.50000
1526991591,8192.50000,8196.40000
1526991592,8187.40000,8195.10000
1526991593,8187.40000,8196.40000
1526991595,8190.00000,8196.40000
1526991597,8186.10000,8190.10000
1526991598,8186.10000,8190.10000
1526991599,8186.10000,8196.30000
1526991600,8186.10000,8186.70000
1526991601,8186.10000,8196.30000
1526991603,8186.10000,8188.30000
1526991604,8186.40000,8196.30000
1526991605,8186.40000,8196.30000
1526991606,8186.40000,8197.30000
1526991607,8190.00000,8190.80000
1526991608,8190.00000,8190.70000
1526991609,8190.00000,8196.20000
1526991610,8187.40000,8196.20000
1526991611,8187.40000,8196.20000
1526991612,8187.40000,8196.20000
1526991613,8188.00000,8196.10000
1526991615,8186.10000,8196.10000
1526991616,8186.10000,8187.50000
1526991618,8186.10000,8196.00000
1526991619,8186.10000,8188.80000
1526991620,8186.10000,8187.40000
1526991621,8186.10000,8186.30000
1526991622,8186.10000,8187.40000
1526991623,8186.10000,8187.30000
1526991624,8186.10000,8187.00000
1526991625,8186.30000,8186.50000
1526991626,8186.10000,8186.30000
1526991627,8186.10000,8195.90000
1526991628,8186.10000,8188.50000
1526991629,8186.00000,8195.90000
1526991630,8186.80000,8195.90000
1526991631,8186.80000,8195.90000
1526991632,8186.10000,8187.70000
1526991633,8186.10000,8187.50000
1526991634,8186.10000,8195.80000
1526991635,8187.10000,8195.80000
1526991637,8187.10000,8190.70000
1526991638,8187.20000,8190.30000
1526991639,8191.00000,8195.60000
1526991640,8187.20000,8195.60000
1526991642,8188.00000,8195.60000
1526991643,8188.40000,8189.50000
1526991644,8186.10000,8195.60000
1526991646,8186.10000,8195.60000
1526991647,8187.50000,8195.60000
1526991649,8189.10000,8195.50000
1526991650,8189.10000,8195.60000
1526991651,8189.10000,8195.60000
1526991652,8189.10000,8191.70000
1526991653,8189.10000,8191.40000
1526991654,8189.40000,8191.20000
1526991655,8189.40000,8195.60000
1526991656,8189.40000,8195.00000
1526991657,8189.50000,8191.00000
1526991658,8189.50000,8190.80000
1526991659,8189.50000,8195.00000
1526991662,8186.10000,8195.00000
1526991665,8189.70000,8194.90000
1526991666,8189.60000,8195.00000
1526991667,8189.60000,8195.00000
1526991668,8186.40000,8195.00000
1526991669,8191.20000,8195.00000
1526991670,8190.30000,8195.00000
1526991675,8190.00000,8195.00000
1526991677,8190.30000,8195.00000
1526991691,8190.40000,8195.00000
1526991709,8190.30000,8195.00000
1526991710,8190.50000,8195.00000
1526991711,8190.50000,8200.00000
1526991712,8190.60000,8200.00000
1527000208,8240.10000,8240.30000
1526991718,8192.00000,8200.00000
1526991721,8192.00000,8199.90000
1526991724,8192.10000,8199.90000
1527011133,8222.10000,8224.10000
1526991729,8199.80000,8199.90000
1527011134,8222.10000,8224.00000
1526991734,8197.40000,8200.00000
1526991736,8199.80000,8200.00000
1526991737,8197.40000,8200.00000
1526991738,8199.80000,8199.90000
1527011135,8222.10000,8226.30000
1526991743,8199.80000,8200.00000
1526991746,8199.90000,8200.00000
1526991754,8199.80000,8200.00000
1526991761,8199.90000,8200.00000
1527008266,8214.40000,8222.30000
1526991769,8192.10000,8200.00000
1526991772,8193.00000,8200.00000
1526991773,8195.80000,8200.00000
1526991776,8193.10000,8199.90000
1526991777,8192.10000,8200.00000
1526991778,8192.10000,8200.00000
1526991779,8192.10000,8200.00000
1526991780,8193.40000,8200.00000
1527012659,8187.00000,8196.40000
1526991783,8192.20000,8199.90000
1526991786,8192.20000,8199.90000
1526991787,8192.20000,8197.10000
1526991788,8195.70000,8195.80000
1526991789,8192.20000,8199.90000
1526991790,8190.30000,8197.10000
1526991791,8190.30000,8195.80000
1526991792,8190.30000,8197.10000
1526991793,8190.30000,8197.10000
1526991794,8190.30000,8192.30000
1526991796,8192.20000,8192.30000
1526991797,8190.30000,8191.10000
1526991798,8195.70000,8195.80000
1526991801,8195.70000,8199.90000
1526991802,8195.70000,8195.80000
1526991803,8195.70000,8199.90000
1526991804,8195.70000,8195.80000
1526991805,8195.70000,8199.90000
1526991807,8195.70000,8195.80000
1526991808,8195.70000,8199.90000
1526991809,8195.70000,8195.80000
1526991813,8195.70000,8199.00000
1526991821,8195.70000,8199.00000
1526991822,8195.70000,8197.30000
1526991823,8187.20000,8197.30000
1526991824,8195.70000,8197.00000
1526991825,8187.20000,8195.90000
1526991826,8186.90000,8197.30000
1526991827,8193.70000,8195.90000
1526991828,8193.70000,8195.90000
1526991829,8190.00000,8195.90000
1526991830,8187.20000,8195.90000
1526991831,8187.20000,8195.90000
1526991832,8194.90000,8195.90000
1526991833,8194.90000,8195.70000
1526991834,8187.20000,8195.40000
1526991835,8187.20000,8194.90000
1526991836,8192.50000,8195.80000
1526991837,8192.60000,8195.80000
1526991838,8188.00000,8195.10000
1526991839,8187.30000,8195.80000
1526991840,8187.30000,8191.80000
1526991841,8191.60000,8195.10000
1526991842,8187.30000,8195.00000
1526991843,8191.10000,8195.00000
1526991845,8191.10000,8195.70000
1526991846,8191.10000,8195.10000
1526991847,8191.10000,8195.00000
1526991848,8191.10000,8199.00000
1526991849,8191.10000,8195.00000
1526991851,8191.10000,8198.90000
1526991856,8191.10000,8198.80000
1526991860,8191.20000,8198.80000
1526991863,8191.40000,8198.80000
1526991865,8191.20000,8198.80000
1526991867,8192.20000,8198.80000
1526991868,8192.20000,8198.70000
1526991869,8192.20000,8192.40000
1526991870,8192.30000,8192.40000
1526991876,8189.30000,8192.40000
1526991887,8189.30000,8192.30000
1526991888,8184.50000,8192.30000
1526991894,8181.70000,8192.30000
1526991896,8182.00000,8184.90000
1526991897,8182.00000,8192.30000
1526991898,8182.00000,8192.30000
1526991899,8181.70000,8192.30000
1526991900,8186.10000,8192.30000
1526991906,8186.10000,8190.00000
1526991907,8186.40000,8189.30000
1526991910,8186.10000,8189.30000
1526991912,8186.10000,8189.30000
1526991913,8187.00000,8189.30000
1526991915,8186.20000,8189.30000
1526991917,8187.00000,8189.30000
1526991919,8187.00000,8189.30000
1526991926,8187.10000,8189.30000
1526991931,8187.00000,8189.30000
1526991933,8186.10000,8189.30000
1526991935,8186.70000,8189.30000
1526991936,8189.60000,8191.00000
1526991938,8186.70000,8191.00000
1526991939,8190.90000,8191.00000
1526956556,8299.80000,8306.70000
1527022093,8155.10000,8156.50000
1526991952,8191.10000,8198.40000
1526991953,8191.20000,8198.40000
1526991955,8186.90000,8191.00000
1526991956,8190.90000,8191.00000
1526991957,8186.80000,8193.20000
1526991960,8188.00000,8191.00000
1526991961,8188.00000,8193.20000
1526991963,8186.50000,8191.00000
1526991965,8185.70000,8193.20000
1526991966,8185.70000,8191.00000
1526991967,8185.70000,8193.20000
1526991968,8189.10000,8193.20000
1526991969,8181.70000,8191.00000
1526991970,8181.70000,8193.10000
1526991972,8181.60000,8193.10000
1526991973,8182.00000,8193.10000
1526991975,8181.80000,8193.10000
1526991976,8181.60000,8182.10000
1526991978,8181.60000,8190.00000
1526991979,8181.90000,8193.00000
1526991980,8181.60000,8192.80000
1526991981,8181.60000,8182.00000
1526991983,8181.60000,8190.00000
1526991984,8181.70000,8189.90000
1527011176,8221.90000,8226.50000
1526991986,8182.10000,8189.90000
1526991990,8181.60000,8182.60000
1526991991,8181.90000,8189.90000
1526991992,8181.60000,8189.90000
1526991993,8181.60000,8183.20000
1526991996,8181.60000,8189.80000
1526991997,8181.60000,8189.70000
1526991999,8181.60000,8182.80000
1526992001,8181.60000,8182.50000
1527022102,8155.10000,8156.50000
1527022104,8156.20000,8156.50000
1526992022,8181.60000,8189.20000
1526992023,8181.60000,8182.20000
1526992032,8181.60000,8189.00000
1527011184,8221.90000,8231.80000
1526992034,8185.00000,8189.00000
1526992035,8185.00000,8188.90000
1526992037,8185.00000,8185.10000
1526992041,8180.00000,8185.10000
1526992042,8180.00000,8185.00000
1526992044,8180.00000,8181.80000
1527011186,8221.90000,8226.40000
1526992046,8180.00000,8180.10000
1527011187,8221.90000,8229.80000
1527022111,8156.20000,8158.80000
1527000267,8240.00000,8240.10000
1527022113,8156.50000,8157.40000
1527011191,8221.90000,8224.20000
1527022114,8156.50000,8157.20000
1526992091,8180.00000,8180.10000
1526992092,8180.00000,8181.70000
1526992094,8180.00000,8180.10000
1526992095,8180.00000,8181.70000
1526962033,8302.70000,8313.30000
1526992110,8180.00000,8181.60000
1526992111,8180.10000,8181.60000
1526992112,8181.00000,8181.60000
1526992113,8180.10000,8181.60000
1526992115,8181.80000,8188.70000
1526992116,8181.80000,8188.60000
1526992117,8181.80000,8187.30000
1526992119,8181.80000,8185.20000
1526992120,8184.00000,8187.30000
1526992121,8181.80000,8188.40000
1526992122,8181.80000,8187.20000
1526992124,8182.00000,8187.20000
1526992125,8180.10000,8184.50000
1526992126,8182.10000,8187.20000
1526992127,8184.20000,8187.20000
1526992128,8182.00000,8185.00000
1526992129,8180.00000,8184.10000
1526992130,8180.00000,8187.20000
1526992131,8182.20000,8184.70000
1526992133,8180.00000,8184.10000
1526992134,8182.20000,8184.10000
1526992136,8181.40000,8184.00000
1526992137,8181.70000,8184.70000
1526992138,8180.00000,8184.00000
1526992140,8180.10000,8184.00000
1526992141,8181.00000,8182.00000
1526992142,8181.70000,8181.80000
1526992143,8180.10000,8182.00000
1526992144,8181.90000,8184.00000
1526992145,8181.90000,8184.00000
1526992146,8180.10000,8184.00000
1526992147,8180.10000,8184.00000
1526992148,8180.10000,8183.00000
1526992149,8182.50000,8182.70000
1526992150,8182.60000,8184.00000
1526992152,8182.60000,8182.80000
1526992153,8182.60000,8184.00000
1526992154,8183.90000,8184.00000
1526992164,8183.90000,8187.10000
1527011206,8221.90000,8226.10000
1526992167,8183.90000,8184.00000
1526992168,8183.00000,8187.10000
1526992169,8183.00000,8187.10000
1526992170,8185.30000,8187.10000
1526992171,8183.00000,8187.10000
1526992172,8183.10000,8187.10000
1526992173,8183.10000,8188.30000
1526992175,8185.40000,8188.30000
1526992181,8185.40000,8188.20000
1526992184,8185.40000,8185.60000
1526992185,8185.50000,8185.60000
1526992186,8185.40000,8185.60000
1526992187,8185.50000,8185.60000
1526964635,8285.70000,8288.60000
1526992199,8186.00000,8188.20000
1526992200,8184.40000,8185.60000
1526992201,8185.50000,8185.60000
1526992202,8185.50000,8185.60000
1526992203,8185.50000,8185.70000
1526992204,8185.50000,8185.60000
1526992205,8185.50000,8185.70000
1526992208,8184.40000,8185.70000
1526992210,8185.50000,8185.70000
1526992212,8184.40000,8185.70000
1526992213,8184.70000,8188.20000
1526992214,8184.70000,8185.70000
1526992215,8185.60000,8188.20000
1526992216,8184.50000,8188.20000
1526992217,8185.60000,8188.20000
1526992219,8185.60000,8189.80000
1526992220,8185.60000,8189.80000
1526992221,8184.50000,8189.80000
1526992222,8184.50000,8188.20000
1526992223,8184.40000,8189.80000
1526992224,8184.40000,8185.70000
1526992225,8184.40000,8185.30000
1526992226,8184.60000,8185.50000
1526992227,8184.40000,8185.50000
1526992229,8184.50000,8185.50000
1526992231,8184.50000,8189.70000
1526992232,8184.70000,8185.50000
1526992234,8184.70000,8185.50000
1526992235,8185.30000,8189.70000
1526992236,8184.70000,8185.40000
1526992237,8190.00000,8197.80000
1526992239,8190.00000,8197.00000
1526992240,8185.60000,8197.80000
1526992242,8185.60000,8197.70000
1526992243,8181.40000,8185.50000
1526992247,8181.40000,8185.40000
1526992249,8179.80000,8185.40000
1526992254,8180.10000,8185.40000
1526992255,8179.80000,8185.40000
1526992256,8179.80000,8185.40000
1526992257,8180.40000,8185.40000
1526992259,8180.40000,8181.40000
1526992260,8180.50000,8181.40000
1526992261,8180.40000,8181.40000
1526992262,8183.40000,8185.40000
1526992263,8180.50000,8181.40000
1526992264,8180.50000,8181.40000
1526992265,8175.90000,8185.30000
1526992266,8180.90000,8185.20000
1526992267,8181.80000,8185.20000
1526992268,8176.00000,8185.20000
1526992269,8176.40000,8185.20000
1526992270,8176.40000,8185.20000
1526992271,8176.10000,8184.10000
1526992273,8180.70000,8184.10000
1526992275,8180.70000,8185.20000
1526992276,8180.70000,8185.20000
1526992277,8176.80000,8185.20000
1526992278,8179.90000,8185.20000
1526992279,8179.90000,8185.20000
1526992287,8180.00000,8185.20000
1526992290,8184.70000,8185.20000
1526992291,8185.10000,8185.20000
1526992294,8185.10000,8194.00000
1526992295,8185.10000,8185.20000
1526992296,8185.10000,8185.20000
1526992298,8185.10000,8190.00000
1526992299,8185.10000,8193.90000
1526992300,8185.10000,8185.20000
1526992302,8185.10000,8188.90000
1526992303,8185.10000,8185.20000
1526992305,8185.10000,8187.90000
1526992306,8185.10000,8185.20000
1526992307,8185.10000,8188.00000
1526992308,8185.10000,8187.90000
1526992309,8185.10000,8185.20000
1526992310,8185.10000,8187.90000
1526992311,8185.10000,8193.90000
1526992313,8185.10000,8187.90000
1526992314,8185.10000,8187.90000
1526992315,8185.10000,8193.80000
1526992318,8185.10000,8189.30000
1526992319,8185.10000,8193.80000
1526992324,8185.40000,8193.80000
1526992325,8185.40000,8189.90000
1526992327,8185.10000,8189.90000
1526992328,8185.70000,8189.90000
1526992329,8185.20000,8189.90000
1526992332,8185.20000,8193.80000
1526992333,8185.20000,8189.80000
1526992335,8185.20000,8189.50000
1526992336,8185.10000,8189.80000
1527000312,8235.50000,8240.20000
1526992344,8185.20000,8189.80000
1527022159,8145.10000,8148.80000
1526992348,8185.20000,8186.30000
1526992351,8184.10000,8186.30000
1526992365,8184.10000,8184.30000
1526992369,8184.10000,8184.20000
1526982205,8246.40000,8249.10000
1526992408,8175.90000,8184.10000
1526992410,8175.90000,8184.00000
1526992412,8176.20000,8184.00000
1526992413,8182.10000,8184.00000
1526992414,8182.40000,8184.00000
1526992415,8183.10000,8184.00000
1526992416,8176.20000,8183.90000
1526992417,8176.20000,8183.60000
1526992418,8176.20000,8183.50000
1526992419,8182.60000,8183.90000
1526992420,8182.60000,8183.60000
1526992421,8176.20000,8183.90000
1526992423,8176.20000,8182.70000
1526992424,8176.20000,8176.40000
1526992430,8176.30000,8176.40000
1526992437,8175.90000,8176.40000
1526992438,8171.10000,8171.30000
1526992441,8171.10000,8174.60000
1526992442,8171.10000,8171.20000
1526992459,8171.00000,8171.20000
1526992462,8167.00000,8170.00000
1526992466,8166.00000,8170.00000
1526992468,8166.00000,8167.20000
1526992469,8161.00000,8163.00000
1526992473,8162.90000,8163.00000
1526992475,8162.90000,8166.10000
1526992477,8162.90000,8167.20000
1527020329,8162.00000,8167.00000
1526992479,8162.90000,8167.20000
1526992480,8165.20000,8167.20000
1526992481,8164.00000,8167.20000
1526992482,8163.00000,8167.20000
1526992483,8164.90000,8167.20000
1527022182,8150.40000,8151.00000
1526992488,8164.90000,8170.00000
1526992489,8167.70000,8170.00000
1526992491,8167.70000,8169.90000
1526992492,8170.20000,8175.90000
1526992495,8171.90000,8176.80000
1526992496,8172.40000,8176.80000
1526992497,8172.60000,8173.20000
1526992498,8170.20000,8172.60000
1526992499,8170.20000,8173.00000
1526992500,8170.20000,8177.50000
1526992501,8167.70000,8177.40000
1526992502,8167.70000,8171.30000
1526992503,8167.70000,8177.40000
1526992505,8168.00000,8177.50000
1526992506,8168.00000,8173.20000
1526992507,8168.00000,8170.70000
1526992508,8168.00000,8170.30000
1526992509,8168.10000,8177.40000
1526992510,8168.10000,8177.30000
1526992512,8168.10000,8177.30000
1526992513,8168.10000,8177.30000
1526992514,8173.00000,8177.20000
1526992515,8173.00000,8176.80000
1526938459,8400.90000,8405.90000
1526992527,8173.00000,8176.70000
1527000344,8236.60000,8240.00000
1526992541,8173.00000,8175.60000
1526992542,8173.00000,8176.70000
1526992543,8173.00000,8176.70000
1526992545,8173.00000,8173.20000
1526992550,8173.10000,8173.20000
1526992554,8172.00000,8173.20000
1526992555,8172.00000,8173.20000
1526992556,8172.00000,8173.20000
1527022194,8150.70000,8151.50000
1526992559,8173.10000,8173.20000
1526992562,8172.00000,8173.20000
1526992563,8172.00000,8173.20000
1526992568,8172.00000,8172.70000
1526992570,8172.10000,8172.70000
1526992571,8172.00000,8172.70000
1526992572,8172.00000,8172.70000
1526992573,8172.00000,8172.10000
1526992604,8172.00000,8172.20000
1526992605,8172.00000,8172.20000
1526992607,8172.00000,8172.10000
1527022203,8150.50000,8150.90000
1527022204,8150.50000,8151.50000
1526992619,8171.60000,8172.10000
1526992621,8172.00000,8172.10000
1526992623,8171.60000,8172.10000
1526992625,8172.00000,8172.10000
1526992626,8168.00000,8172.10000
1526992628,8168.00000,8172.00000
1526992630,8168.00000,8171.60000
1526992632,8170.00000,8171.60000
1526992633,8168.00000,8168.20000
1526956671,8297.00000,8306.40000
1526992638,8168.10000,8171.50000
1526992640,8168.10000,8168.70000
1526992641,8168.10000,8171.50000
1526992643,8168.10000,8171.40000
1526992644,8168.00000,8168.20000
1526992645,8168.00000,8171.40000
1526992646,8168.00000,8168.20000
1526992647,8168.00000,8171.40000
1526992648,8168.00000,8171.30000
1526992649,8168.00000,8168.20000
1526992656,8168.00000,8168.10000
1526992657,8168.00000,8168.20000
1526992658,8168.00000,8168.20000
1526992659,8168.00000,8168.10000
1526992660,8168.00000,8171.30000
1526992662,8168.00000,8168.10000
1527022212,8150.50000,8151.80000
1526992689,8168.00000,8170.40000
1526992693,8168.00000,8170.30000
1526992699,8168.10000,8170.30000
1527022218,8150.60000,8155.70000
1526992704,8169.50000,8170.30000
1527022219,8152.90000,8153.70000
1526992708,8169.50000,8170.50000
1526992709,8169.60000,8170.50000
1526992711,8169.60000,8171.60000
1526992712,8169.60000,8172.30000
1526992714,8169.70000,8174.80000
1526992716,8171.00000,8174.80000
1526992717,8174.70000,8174.80000
1527022223,8151.50000,8153.90000
1527018444,8172.40000,8176.00000
1526992746,8174.80000,8176.50000
1526992754,8174.80000,8176.40000
1526992758,8176.00000,8176.40000
1526992759,8174.90000,8176.40000
1526992763,8174.80000,8176.40000
1526992764,8175.00000,8176.40000
1526992766,8175.10000,8176.40000
1526992767,8176.00000,8176.40000
1526992768,8175.10000,8176.40000
1526992769,8175.00000,8176.30000
1526992775,8175.10000,8176.30000
1526992782,8176.00000,8176.30000
1526992783,8175.10000,8176.30000
1526992784,8175.20000,8176.20000
1526992788,8176.00000,8176.20000
1526992789,8175.20000,8176.20000
1526992790,8175.10000,8176.20000
1526992792,8175.30000,8176.20000
1526992794,8176.10000,8176.20000
1526992796,8176.10000,8176.20000
1526992797,8176.00000,8176.20000
1526992798,8176.10000,8176.20000
1526992799,8176.10000,8184.10000
1526992801,8176.10000,8176.90000
1526992803,8174.80000,8176.90000
1526992804,8174.80000,8176.90000
1526992806,8174.80000,8176.20000
1526992807,8174.80000,8176.40000
1526992809,8174.80000,8176.20000
1526992810,8174.80000,8174.90000
1526992812,8174.80000,8176.40000
1526992813,8174.90000,8175.20000
1526992814,8174.80000,8174.90000
1526992815,8174.90000,8176.40000
1526992816,8174.80000,8176.40000
1526992817,8174.90000,8194.50000
1526992818,8174.90000,8194.40000
1526992819,8186.00000,8187.10000
1526992821,8186.00000,8187.00000
1526992824,8186.00000,8186.90000
1526992825,8186.00000,8186.10000
1526992826,8175.00000,8177.00000
1526992830,8174.80000,8177.00000
1526992831,8175.10000,8177.00000
1526992832,8174.80000,8176.80000
1526992834,8175.20000,8177.00000
1526992836,8175.20000,8176.30000
1526992839,8174.80000,8176.30000
1526992841,8174.80000,8176.20000
1526992843,8174.80000,8176.30000
1526992844,8174.80000,8176.30000
1526992847,8174.90000,8176.30000
1526964657,8288.50000,8288.60000
1527022243,8154.50000,8155.50000
1527011321,8221.90000,8222.30000
1527022245,8154.50000,8154.60000
1526992867,8175.00000,8176.30000
1527019334,8178.00000,8181.30000
1526992881,8174.90000,8176.30000
1527011326,8221.90000,8222.20000
1527020086,8150.10000,8155.10000
1526992906,8175.00000,8176.30000
1526992910,8174.90000,8176.30000
1526966200,8295.00000,8295.20000
1526992915,8174.90000,8176.30000
1526992916,8174.90000,8175.90000
1526992917,8174.90000,8175.80000
1526992918,8174.90000,8175.90000
1526992919,8174.90000,8175.70000
1526992920,8174.80000,8176.30000
1527011332,8221.90000,8222.20000
1526992922,8174.80000,8175.70000
1526992925,8174.80000,8177.00000
1526992926,8174.80000,8175.20000
1527011333,8221.90000,8222.30000
1526992928,8174.80000,8176.20000
1526992931,8174.80000,8176.50000
1526992933,8174.80000,8176.20000
1526992935,8174.80000,8176.00000
1526992936,8174.80000,8176.40000
1526992937,8174.80000,8176.40000
1527011335,8221.90000,8222.00000
1526992940,8174.80000,8175.50000
1526992941,8174.80000,8174.90000
1527011337,8221.90000,8222.30000
1527011340,8221.90000,8222.00000
1526992983,8174.80000,8175.40000
1526992984,8174.80000,8175.30000
1526992987,8174.80000,8174.90000
1526992989,8174.80000,8175.40000
1526992991,8174.90000,8175.40000
1526992995,8174.80000,8175.20000
1526992996,8174.80000,8175.00000
1526993002,8174.80000,8174.90000
1526993003,8174.90000,8175.00000
1526993004,8174.80000,8175.20000
1526993005,8174.90000,8175.40000
1526993007,8174.80000,8175.40000
1526993008,8174.90000,8175.20000
1526993009,8174.90000,8175.40000
1526993014,8174.80000,8175.40000
1526993018,8175.30000,8175.40000
1526993019,8174.80000,8175.40000
1526993021,8174.80000,8175.10000
1526993022,8174.80000,8175.00000
1526945813,8388.00000,8394.50000
1526993025,8174.80000,8175.30000
1526993026,8174.80000,8174.90000
1527000427,8230.00000,8232.20000
1526993035,8174.80000,8175.00000
1526993036,8174.80000,8174.90000
1526993037,8174.80000,8174.90000
1527011352,8221.90000,8222.10000
1526993060,8164.80000,8174.80000
1526993061,8164.80000,8174.70000
1526993063,8163.40000,8174.70000
1526993064,8163.40000,8174.60000
1526993066,8163.40000,8163.50000
1526993067,8163.40000,8174.50000
1526993068,8165.10000,8174.50000
1526993069,8165.10000,8174.40000
1526993071,8163.40000,8172.40000
1526993073,8165.00000,8172.40000
1526993074,8163.40000,8163.50000
1526993075,8163.40000,8171.90000
1526993076,8163.40000,8165.00000
1526993077,8163.40000,8171.90000
1526993078,8163.50000,8170.00000
1526993082,8164.00000,8169.90000
1526993083,8164.00000,8166.40000
1526993084,8163.80000,8166.20000
1526993085,8163.80000,8169.90000
1526993086,8164.00000,8169.90000
1526993087,8164.00000,8169.90000
1526993088,8161.00000,8169.80000
1526993089,8161.00000,8166.20000
1526993090,8161.00000,8163.60000
1526993092,8161.00000,8169.50000
1526993094,8161.00000,8166.10000
1526993095,8161.00000,8163.60000
1526993097,8161.00000,8161.10000
1526993101,8155.90000,8161.10000
1526993104,8156.00000,8161.10000
1526993105,8156.00000,8161.10000
1526993106,8161.00000,8161.10000
1526993111,8155.90000,8161.10000
1526993112,8155.90000,8159.20000
1526993113,8155.90000,8156.10000
1527022287,8141.50000,8144.70000
1526993117,8156.00000,8156.10000
1526993118,8156.20000,8159.20000
1526993119,8156.00000,8159.20000
1526993120,8156.00000,8158.90000
1526993121,8155.10000,8156.10000
1526993122,8155.10000,8158.90000
1526993123,8155.10000,8156.10000
1526993127,8155.10000,8156.00000
1526993129,8155.10000,8156.00000
1526993130,8155.10000,8155.20000
1526993132,8155.00000,8155.20000
1526993134,8155.00000,8155.20000
1526993136,8152.10000,8155.20000
1526993137,8157.50000,8159.10000
1526993139,8157.50000,8159.00000
1526993141,8151.00000,8158.90000
1526993142,8151.00000,8152.20000
1526993143,8151.10000,8152.20000
1526993150,8152.10000,8152.20000
1527011371,8219.30000,8222.20000
1527011372,8219.30000,8222.20000
1526993164,8151.00000,8152.20000
1526993165,8152.10000,8152.20000
1526993173,8152.30000,8153.60000
1526993174,8152.50000,8153.60000
1526993177,8152.10000,8153.60000
1526964668,8288.50000,8289.60000
1526993186,8152.20000,8153.60000
1526993190,8153.50000,8153.60000
1526993194,8153.50000,8154.40000
1526993197,8153.50000,8155.00000
1526993200,8152.10000,8155.00000
1526993202,8152.10000,8162.60000
1526993203,8152.10000,8159.50000
1526993207,8152.10000,8159.40000
1526993209,8152.40000,8157.10000
1526993210,8153.60000,8157.10000
1526993212,8153.60000,8155.50000
1526993215,8153.60000,8155.40000
1526993219,8151.00000,8155.40000
1526993220,8151.00000,8155.30000
1526993223,8151.00000,8152.10000
1526993228,8151.00000,8151.10000
1526993229,8150.00000,8151.00000
1526993231,8150.00000,8150.10000
1526993233,8150.00000,8151.00000
1526993234,8150.00000,8150.10000
1526993238,8150.00000,8151.00000
1526993239,8150.00000,8150.10000
1526993244,8150.00000,8150.10000
1526962488,8311.10000,8313.90000
1527022310,8142.60000,8142.70000
1527000465,8223.20000,8232.80000
1526993256,8149.00000,8150.00000
1526993261,8149.00000,8150.00000
1526993263,8148.00000,8150.00000
1526993264,8148.00000,8149.00000
1526993267,8148.00000,8148.10000
1527011390,8219.60000,8221.80000
1526999139,8229.20000,8237.00000
1526945855,8381.10000,8387.60000
1527022314,8142.90000,8149.50000
1526993282,8148.00000,8149.50000
1526993284,8148.10000,8149.50000
1526993288,8148.10000,8151.00000
1526993289,8150.00000,8155.20000
1526993290,8150.10000,8155.20000
1526993294,8151.00000,8155.20000
1526993295,8150.10000,8155.20000
1526993296,8152.50000,8155.20000
1526934936,8399.00000,8399.10000
1526993303,8152.50000,8162.50000
1526993304,8152.60000,8162.50000
1526993305,8153.50000,8154.60000
1526993306,8153.50000,8161.00000
1526993307,8156.40000,8161.00000
1526993311,8156.40000,8161.00000
1526993312,8156.40000,8159.50000
1526993317,8153.60000,8159.50000
1526993320,8153.50000,8161.00000
1526993321,8153.50000,8159.50000
1526993324,8153.50000,8153.70000
1526993325,8152.60000,8153.70000
1526993326,8153.60000,8153.70000
1526993327,8152.60000,8153.70000
1526993328,8153.60000,8153.70000
1527011400,8219.30000,8221.80000
1526945865,8387.60000,8390.00000
1526993336,8153.80000,8158.80000
1526993338,8155.70000,8158.80000
1526993339,8155.70000,8163.90000
1526993342,8158.30000,8164.50000
1526993343,8158.30000,8160.20000
1526993344,8158.40000,8160.20000
1526993345,8158.40000,8164.50000
1526993346,8158.50000,8164.50000
1526993347,8158.50000,8160.20000
1526993348,8158.50000,8164.50000
1526993349,8158.50000,8164.40000
1526993351,8156.60000,8158.60000
1526993354,8155.70000,8158.60000
1526993357,8149.50000,8158.60000
1526993358,8149.50000,8156.80000
1526993359,8149.40000,8156.80000
1526993360,8149.40000,8155.00000
1526993361,8149.50000,8155.00000
1527011406,8219.30000,8221.80000
1526993366,8147.30000,8154.90000
1526993367,8149.70000,8154.90000
1526993370,8149.70000,8154.90000
1526993371,8149.70000,8154.80000
1526993374,8152.50000,8154.80000
1526993376,8152.50000,8154.50000
1526993377,8154.00000,8154.80000
1526993378,8152.50000,8154.10000
1526993379,8152.60000,8153.50000
1526993380,8152.60000,8154.80000
1526993381,8152.60000,8154.80000
1526993382,8152.60000,8154.10000
1526993383,8152.60000,8155.00000
1526993384,8152.60000,8154.80000
1526993385,8152.30000,8155.00000
1526993386,8153.00000,8155.00000
1526993387,8149.50000,8154.80000
1526993388,8149.60000,8154.80000
1526993389,8149.60000,8152.80000
1526993391,8147.30000,8148.50000
1526993394,8148.00000,8148.50000
1526993396,8148.40000,8148.50000
1527022334,8143.60000,8149.40000
1526934953,8399.00000,8399.90000
1527022335,8143.70000,8149.40000
1527001774,8219.60000,8224.50000
1527011414,8219.30000,8221.80000
1526993421,8148.90000,8155.00000
1526993423,8148.40000,8155.00000
1527011416,8219.30000,8222.20000
1526993426,8151.00000,8155.00000
1526993427,8150.00000,8152.30000
1526993428,8150.00000,8155.00000
1526993429,8150.00000,8150.20000
1526993431,8150.10000,8150.20000
1527022340,8143.90000,8152.70000
1526993443,8150.90000,8155.00000
1526993444,8150.20000,8155.00000
1526993445,8150.10000,8155.00000
1526993446,8150.20000,8155.00000
1526993447,8152.20000,8155.00000
1526993448,8152.20000,8153.40000
1526993449,8151.40000,8153.40000
1526993450,8151.40000,8153.30000
1526993451,8151.40000,8153.00000
1526993452,8151.40000,8154.20000
1526993453,8151.40000,8152.30000
1526993456,8151.40000,8154.20000
1526993457,8151.70000,8154.20000
1526993458,8150.20000,8152.10000
1526993460,8150.20000,8151.90000
1526993461,8150.90000,8151.80000
1526993462,8150.90000,8151.60000
1526993463,8151.00000,8151.10000
1526993464,8151.00000,8151.90000
1526993465,8150.20000,8151.90000
1526993466,8151.70000,8151.90000
1527011423,8219.30000,8221.70000
1526993474,8151.70000,8155.00000
1526993476,8151.70000,8151.90000
1526993480,8151.80000,8151.90000
1527011426,8219.30000,8221.60000
1527022349,8145.50000,8153.00000
1526993488,8151.80000,8152.00000
1526993490,8151.70000,8152.00000
1526993496,8151.80000,8152.00000
1526993508,8151.80000,8152.00000
1526993509,8151.90000,8152.00000
1526964679,8288.50000,8289.40000
1527000508,8229.60000,8232.50000
1526993514,8152.50000,8153.00000
1526993516,8152.90000,8153.00000
1527021418,8187.80000,8188.80000
1527001778,8219.90000,8224.00000
1526993531,8152.90000,8155.00000
1526993535,8153.00000,8155.00000
1526993538,8164.40000,8165.00000
1526993541,8164.20000,8165.00000
1526993542,8161.20000,8165.00000
1526993543,8164.90000,8165.00000
1526993544,8164.90000,8165.40000
1527022359,8145.60000,8152.60000
1527000514,8229.70000,8231.80000
1527022360,8150.00000,8152.60000
1526993554,8165.00000,8168.70000
1527028383,8071.00000,8074.10000
1526993556,8165.10000,8168.70000
1527022361,8150.30000,8152.60000
1526993560,8165.10000,8168.60000
1526993567,8165.10000,8168.50000
1526993569,8169.90000,8171.90000
1526993571,8169.90000,8171.80000
1526993573,8170.00000,8171.80000
1526993574,8170.00000,8171.70000
1526993575,8169.90000,8171.70000
1526993577,8169.90000,8171.70000
1526993578,8165.10000,8171.60000
1526993581,8160.70000,8171.60000
1526993583,8167.00000,8171.60000
1526993584,8160.70000,8170.10000
1526993587,8164.00000,8170.10000
1526993588,8165.40000,8170.00000
1526993590,8165.30000,8170.00000
1526993592,8164.90000,8170.00000
1526993594,8164.90000,8169.90000
1526956831,8300.20000,8309.60000
1526993596,8164.90000,8165.30000
1526993597,8164.90000,8169.90000
1526993598,8165.00000,8169.90000
1526993599,8165.00000,8169.90000
1526993601,8165.00000,8169.80000
1526993606,8165.00000,8173.10000
1526993607,8165.10000,8173.10000
1526993608,8169.70000,8173.00000
1526993609,8169.70000,8173.10000
1526993610,8169.70000,8172.90000
1526993611,8169.70000,8172.80000
1526993614,8169.70000,8173.10000
1526993615,8169.70000,8173.10000
1526993616,8172.70000,8173.10000
1526993617,8172.70000,8178.00000
1526993618,8172.70000,8173.00000
1526993619,8169.80000,8170.90000
1526993621,8169.70000,8172.90000
1526993622,8172.80000,8172.90000
1526993623,8169.70000,8170.80000
1527022372,8154.50000,8154.90000
1526993626,8170.70000,8170.80000
1526934991,8399.10000,8399.20000
1526993630,8169.70000,8170.80000
1526993634,8169.70000,8170.80000
1526993635,8170.70000,8170.80000
1526993636,8169.70000,8170.80000
1526993637,8169.70000,8170.80000
1526993638,8170.40000,8170.80000
1526993640,8170.70000,8170.80000
1526993641,8169.70000,8170.80000
1526993643,8169.70000,8170.70000
1526993645,8169.70000,8169.80000
1526993648,8165.00000,8169.80000
1526993649,8169.70000,8170.70000
1526993652,8169.70000,8170.80000
1526993654,8169.80000,8170.80000
1527022377,8154.50000,8154.90000
1526993656,8172.20000,8174.10000
1526993658,8172.20000,8174.20000
1526993659,8172.20000,8172.30000
1527022378,8154.50000,8154.60000
1526993662,8165.00000,8172.20000
1526993663,8165.00000,8174.00000
1526993664,8169.70000,8172.20000
1526993665,8172.20000,8174.00000
1526993666,8169.70000,8172.10000
1526993667,8169.70000,8172.10000
1526993669,8169.70000,8172.10000
1526993670,8169.70000,8174.00000
1526993671,8172.20000,8174.00000
1526993672,8173.20000,8174.00000
1526993673,8169.70000,8173.90000
1526993674,8173.40000,8173.90000
1526993675,8169.70000,8173.90000
1526993676,8169.70000,8173.90000
1526993677,8172.50000,8173.90000
1526993678,8172.50000,8175.60000
1527022381,8154.50000,8154.90000
1526993683,8174.40000,8175.40000
1526993685,8174.90000,8175.40000
1526993686,8174.50000,8175.30000
1526993687,8172.50000,8175.30000
1526993688,8174.40000,8175.30000
1526993689,8174.40000,8175.20000
1526993690,8169.70000,8174.80000
1526993694,8169.70000,8174.70000
1526993697,8171.00000,8174.60000
1526993701,8171.00000,8174.50000
1526993703,8171.00000,8174.40000
1526993704,8171.00000,8174.50000
1526993705,8171.00000,8174.50000
1526993706,8171.00000,8174.40000
1526993707,8171.00000,8174.50000
1526993708,8171.00000,8174.40000
1526993711,8171.00000,8174.60000
1526993712,8171.00000,8174.40000
1526993713,8171.00000,8174.30000
1526993714,8171.00000,8171.40000
1526993715,8171.00000,8174.40000
1526993718,8171.00000,8174.70000
1526993719,8171.00000,8174.60000
1526993720,8171.10000,8174.60000
1526993722,8171.10000,8174.70000
1526993723,8171.00000,8174.70000
1526993724,8171.00000,8174.50000
1526993729,8171.00000,8174.40000
1526993731,8171.00000,8174.30000
1526993733,8171.00000,8174.60000
1526993734,8171.00000,8174.50000
1526993736,8171.00000,8174.50000
1526993739,8171.00000,8173.50000
1526993741,8171.00000,8175.10000
1526993743,8171.00000,8175.10000
1526993744,8171.00000,8175.00000
1526993745,8171.00000,8174.90000
1526993746,8171.00000,8174.90000
1526993747,8171.00000,8172.90000
1526993748,8171.00000,8172.50000
1526993749,8171.10000,8174.80000
1526993751,8171.30000,8174.80000
1526993752,8171.10000,8174.80000
1526993753,8171.10000,8173.70000
1526993754,8171.10000,8174.70000
1526993755,8175.00000,8175.30000
1526993758,8175.00000,8175.20000
1526993762,8175.00000,8175.20000
1526993768,8175.00000,8175.10000
1527022396,8154.50000,8156.90000
1527022398,8154.50000,8156.40000
1526938501,8411.40000,8420.70000
1526993792,8165.00000,8170.00000
1526993793,8168.00000,8170.00000
1526993795,8165.00000,8170.00000
1526993797,8167.90000,8170.00000
1526993798,8165.10000,8170.00000
1526993799,8167.50000,8169.90000
1526993800,8168.40000,8169.90000
1526993801,8169.90000,8170.00000
1526993802,8168.90000,8170.00000
1526993803,8169.80000,8170.00000
1526993804,8169.90000,8170.00000
1526993805,8169.80000,8170.00000
1526993808,8165.10000,8170.00000
1526993809,8169.90000,8170.00000
1526993810,8165.10000,8170.00000
1526993811,8169.90000,8170.00000
1526993820,8165.90000,8170.00000
1526993821,8167.00000,8170.00000
1526993823,8165.10000,8170.00000
1526993825,8165.10000,8169.10000
1526993826,8167.80000,8168.80000
1526993827,8166.80000,8169.10000
1526993828,8166.80000,8169.90000
1526993829,8166.80000,8170.00000
1526993835,8166.80000,8170.00000
1526993838,8167.00000,8170.00000
1526993840,8169.90000,8170.00000
1526993841,8166.80000,8170.00000
1526993846,8166.80000,8170.00000
1526956873,8301.90000,8310.70000
1526993852,8168.30000,8170.00000
1526993854,8168.40000,8170.00000
1526993856,8170.00000,8173.50000
1526993860,8170.10000,8173.50000
1526993865,8173.40000,8175.00000
1526993867,8170.10000,8175.00000
1526993870,8170.10000,8175.00000
1527022413,8154.50000,8156.40000
1526993872,8173.10000,8175.00000
1527022414,8154.50000,8154.60000
1526993878,8173.20000,8175.00000
1526993879,8173.20000,8175.00000
1526993880,8170.20000,8173.30000
1526993881,8170.10000,8173.30000
1526993883,8173.20000,8173.30000
1526993884,8170.10000,8173.30000
1526993885,8173.10000,8173.30000
1526993888,8170.10000,8173.30000
1526993889,8173.20000,8173.30000
1526993890,8170.10000,8173.30000
1526993891,8173.10000,8173.30000
1526993892,8170.10000,8173.30000
1526993893,8170.10000,8175.00000
1526993894,8170.00000,8175.00000
1526993895,8170.80000,8175.00000
1526993896,8170.80000,8174.90000
1526993899,8170.80000,8174.80000
1526993900,8170.90000,8174.80000
1526993901,8170.00000,8174.80000
1526993904,8170.10000,8174.80000
1526993905,8170.60000,8174.80000
1527022419,8154.50000,8154.60000
1526993909,8170.60000,8174.70000
1526993913,8170.00000,8174.70000
1526993915,8170.60000,8174.70000
1527011498,8220.40000,8222.30000
1526993918,8170.80000,8174.60000
1526993919,8170.80000,8174.60000
1526993921,8172.00000,8174.70000
1526993922,8172.00000,8175.00000
1526993923,8170.00000,8175.00000
1526993924,8170.00000,8172.20000
1526993927,8170.10000,8172.20000
1526993929,8170.50000,8172.20000
1526993930,8170.10000,8172.20000
1527011501,8220.20000,8221.70000
1526993937,8172.10000,8172.20000
1526993941,8172.10000,8174.90000
1526993943,8172.10000,8174.80000
1526993945,8172.10000,8174.70000
1527011503,8219.40000,8222.30000
1526993948,8172.20000,8174.70000
1526993949,8173.00000,8174.70000
1526993950,8174.10000,8174.60000
1526993952,8172.20000,8174.60000
1526993953,8174.30000,8174.60000
1526956891,8302.10000,8310.70000
1526993958,8174.10000,8175.00000
1526993959,8174.60000,8175.00000
1527022428,8154.50000,8156.80000
1526967815,8302.50000,8302.70000
1526993964,8174.70000,8175.00000
1526993965,8174.90000,8175.00000
1526956894,8302.30000,8310.70000
1527022432,8154.50000,8156.80000
1527022436,8154.50000,8154.60000
1526994011,8174.90000,8177.10000
1526994014,8174.60000,8177.10000
1526994016,8177.00000,8177.10000
1526994020,8177.00000,8178.40000
1526994025,8178.00000,8178.40000
1526994028,8177.00000,8178.40000
1526994033,8177.00000,8179.00000
1526994038,8178.70000,8179.00000
1526994042,8178.90000,8179.00000
1526994052,8178.90000,8180.00000
1526994053,8179.00000,8180.00000
1526994056,8179.50000,8180.00000
1526994057,8179.20000,8180.00000
1526994060,8180.20000,8180.80000
1526994061,8179.90000,8180.80000
1526994062,8180.20000,8189.50000
1526994063,8180.80000,8189.50000
1526994064,8189.40000,8189.50000
1527011526,8219.30000,8220.90000
1527011528,8219.30000,8221.10000
1526994099,8190.00000,8199.00000
1526994102,8190.00000,8198.00000
1526994103,8190.10000,8198.00000
1526994104,8190.10000,8199.00000
1526994109,8190.40000,8199.00000
1526994110,8191.80000,8199.00000
1526994113,8191.90000,8199.00000
1526994114,8198.90000,8199.00000
1526994116,8196.10000,8198.90000
1526994117,8196.20000,8198.90000
1526994118,8198.00000,8198.90000
1526994119,8191.90000,8198.90000
1526994121,8198.80000,8198.90000
1526994122,8198.60000,8198.90000
1526994124,8191.90000,8198.90000
1526994125,8198.80000,8198.90000
1526994126,8198.80000,8199.00000
1526994127,8191.90000,8199.00000
1526994131,8192.00000,8199.00000
1526994133,8192.70000,8199.00000
1526994134,8192.70000,8198.90000
1526994135,8192.00000,8198.90000
1526994136,8192.00000,8196.00000
1526994137,8192.00000,8195.20000
1526994139,8192.00000,8194.50000
1526994140,8192.00000,8198.90000
1526994141,8187.80000,8198.90000
1526994142,8187.80000,8199.00000
1526994143,8193.50000,8199.00000
1526994144,8187.90000,8198.40000
1526994145,8194.80000,8198.40000
1526994146,8193.70000,8198.40000
1526994148,8194.40000,8198.40000
1526994150,8194.40000,8196.90000
1526994151,8194.40000,8206.50000
1526994152,8194.40000,8204.70000
1526994155,8194.40000,8196.80000
1526994156,8194.40000,8206.50000
1526994157,8194.40000,8198.70000
1526994158,8194.40000,8204.60000
1526994159,8194.40000,8200.40000
1526994162,8194.50000,8204.50000
1526994163,8193.70000,8194.30000
1526994165,8193.70000,8195.90000
1526994166,8187.90000,8195.90000
1526994169,8186.90000,8193.80000
1526994172,8191.90000,8193.80000
1526994174,8193.00000,8193.80000
1526994177,8193.00000,8193.70000
1526994179,8191.90000,8193.70000
1526994181,8188.20000,8193.60000
1526994183,8188.20000,8193.50000
1526994185,8188.20000,8189.70000
1526994186,8188.20000,8193.50000
1526994187,8188.20000,8191.00000
1526994188,8182.50000,8191.00000
1526994189,8188.20000,8193.40000
1526994191,8181.80000,8190.50000
1526994192,8188.20000,8190.50000
1526994193,8188.60000,8190.20000
1526994194,8188.60000,8190.90000
1526994195,8188.50000,8190.90000
1526994197,8182.60000,8190.90000
1526994199,8188.50000,8190.90000
1526994200,8182.60000,8190.90000
1526994201,8183.30000,8193.40000
1526994202,8188.60000,8193.40000
1526994203,8183.30000,8193.40000
1526994204,8187.50000,8193.40000
1526994205,8187.70000,8193.40000
1526994206,8187.70000,8193.60000
1526994209,8187.70000,8193.30000
1526994211,8188.30000,8193.30000
1526994213,8193.20000,8193.30000
1527000625,8229.10000,8229.50000
1527000627,8229.00000,8229.50000
1527000628,8229.50000,8229.60000
1526994253,8193.20000,8193.40000
1526994256,8193.30000,8193.40000
1526994268,8193.30000,8199.80000
1526994273,8193.30000,8193.50000
1526994275,8193.30000,8193.40000
1526994278,8193.30000,8193.50000
1527022481,8141.80000,8143.20000
1527022482,8142.20000,8152.00000
1526964705,8289.40000,8290.00000
1526994298,8193.30000,8193.40000
1526994300,8193.50000,8200.00000
1526994301,8193.40000,8201.60000
1526994306,8193.30000,8193.40000
1526994308,8193.30000,8202.20000
1526994309,8193.30000,8202.20000
1526994310,8193.30000,8193.40000
1526994311,8193.30000,8202.30000
1526994312,8193.30000,8203.30000
1526994313,8193.30000,8204.10000
1526994315,8193.60000,8204.10000
1526994317,8193.60000,8203.10000
1526994319,8193.40000,8203.10000
1526994320,8193.90000,8203.10000
1526994321,8194.00000,8204.10000
1526994323,8193.90000,8204.10000
1526994324,8193.40000,8204.10000
1527011566,8219.30000,8221.10000
1526994330,8194.30000,8200.00000
1526994333,8194.20000,8200.00000
1526994335,8195.00000,8200.00000
1526994336,8194.20000,8200.00000
1526994337,8194.60000,8200.00000
1526994341,8199.90000,8200.00000
1526994346,8194.90000,8200.00000
1526994348,8199.90000,8200.00000
1526994349,8195.00000,8200.00000
1526994350,8199.90000,8200.00000
1526994351,8195.00000,8204.70000
1526994352,8195.00000,8210.20000
1526994354,8199.90000,8200.00000
1526994356,8195.30000,8200.00000
1526994359,8194.60000,8200.00000
1526994360,8199.20000,8200.00000
1526994361,8194.60000,8200.00000
1526994363,8198.00000,8200.00000
1526994366,8198.00000,8210.30000
1526994368,8198.10000,8210.30000
1526994370,8198.10000,8210.20000
1526994371,8198.10000,8201.50000
1526994372,8198.10000,8210.00000
1526994373,8198.10000,8202.20000
1526994374,8198.00000,8210.20000
1526994375,8198.00000,8202.60000
1526994376,8198.00000,8209.90000
1526994377,8198.00000,8202.50000
1526994379,8194.70000,8202.50000
1526994380,8197.50000,8202.50000
1526964708,8289.60000,8290.00000
1526994383,8198.70000,8202.50000
1526956963,8306.30000,8314.00000
1526994392,8198.70000,8202.40000
1527022500,8135.00000,8135.70000
1526994397,8194.30000,8202.40000
1526994398,8192.50000,8202.40000
1526956965,8306.40000,8309.20000
1526994402,8195.30000,8202.40000
1526956966,8306.40000,8309.10000
1526994408,8195.30000,8198.10000
1526994410,8195.30000,8198.00000
1526994411,8195.30000,8195.40000
1526994412,8195.30000,8195.40000
1526994414,8195.30000,8195.40000
1526994415,8189.80000,8195.40000
1526994417,8191.40000,8195.40000
1526994420,8189.80000,8195.40000
1526994422,8191.40000,8195.40000
1526994423,8192.90000,8195.40000
1526994432,8192.90000,8202.40000
1526994436,8192.90000,8202.30000
1526994437,8193.20000,8201.90000
1526994441,8193.20000,8201.80000
1527021139,8176.00000,8177.20000
1526994445,8193.20000,8202.50000
1526994446,8193.20000,8202.20000
1526994447,8193.20000,8201.80000
1526994449,8193.20000,8202.20000
1526994452,8193.30000,8202.20000
1527022510,8120.60000,8128.90000
1526994459,8193.60000,8202.20000
1526994462,8193.70000,8205.60000
1526956976,8306.80000,8310.10000
1526994466,8193.70000,8205.00000
1526994467,8193.60000,8202.20000
1526994468,8193.30000,8202.20000
1526994469,8196.60000,8202.20000
1526994470,8196.60000,8198.60000
1526994471,8196.60000,8198.50000
1526994472,8196.60000,8202.20000
1526994473,8193.60000,8202.20000
1526994479,8193.70000,8202.20000
1526994484,8196.70000,8202.20000
1526934160,8384.30000,8395.00000
1526994493,8196.80000,8200.20000
1526994499,8196.70000,8200.20000
1526994501,8195.20000,8200.20000
1526994502,8196.80000,8200.20000
1526994506,8196.80000,8202.20000
1526994507,8196.80000,8198.50000
1527022522,8109.10000,8109.50000
1527011600,8219.30000,8220.70000
1526994530,8197.90000,8198.50000
1526964713,8283.00000,8289.70000
1527022524,8109.10000,8109.50000
1526994545,8197.90000,8198.00000
1526994546,8197.90000,8198.50000
1526994547,8196.80000,8198.50000
1526994549,8189.80000,8198.50000
1526994550,8188.80000,8198.50000
1526994552,8188.80000,8198.40000
1526994553,8195.90000,8198.40000
1527013294,8209.10000,8215.00000
1526994562,8195.90000,8196.60000
1526994564,8188.80000,8196.60000
1526994565,8192.60000,8196.50000
1526994566,8188.80000,8196.50000
1526994567,8188.80000,8196.50000
1526994569,8189.60000,8192.60000
1526994570,8188.80000,8191.50000
1526994571,8190.60000,8190.90000
1526994572,8188.80000,8190.90000
1526929037,8345.60000,8346.60000
1526929038,8344.30000,8346.90000
1526929039,8344.30000,8346.40000
1526929040,8344.30000,8346.20000
1526929041,8344.30000,8347.20000
1526929042,8344.30000,8346.20000
1526956995,8307.00000,8308.50000
1526929046,8345.50000,8346.50000
1526929047,8344.30000,8346.50000
1526994584,8190.80000,8196.50000
1526929049,8345.00000,8346.50000
1526929050,8345.00000,8346.70000
1526929052,8345.00000,8346.80000
1526994589,8190.80000,8190.90000
1526929054,8345.00000,8346.40000
1526964715,8283.00000,8289.80000
1526929056,8345.00000,8346.70000
1526929057,8345.00000,8346.30000
1526994594,8188.80000,8190.90000
1526994598,8190.00000,8190.90000
1526929063,8344.30000,8346.10000
1526994601,8190.00000,8190.80000
1526929071,8344.80000,8346.00000
1526929072,8344.90000,8346.00000
1526929080,8344.90000,8347.00000
1526994617,8188.80000,8190.90000
1526994618,8188.80000,8190.80000
1526929084,8344.90000,8346.90000
1526994621,8188.80000,8190.80000
1526929086,8344.90000,8347.30000
1526929087,8344.90000,8347.20000
1526994624,8190.70000,8190.80000
1526929090,8344.90000,8347.30000
1526994627,8188.80000,8190.00000
1526929093,8344.90000,8347.10000
1526929096,8344.90000,8347.00000
1526929099,8344.90000,8346.90000
1526994636,8188.90000,8190.00000
1526994637,8188.80000,8190.00000
1526929102,8344.90000,8347.30000
1526929103,8344.90000,8347.00000
1526929104,8344.90000,8346.30000
1526929105,8344.30000,8346.80000
1526929106,8344.30000,8346.10000
1526929107,8344.30000,8346.80000
1526929108,8344.30000,8345.20000
1526929109,8344.30000,8346.80000
1526929110,8344.30000,8344.50000
1526929111,8344.30000,8346.80000
1526929112,8344.30000,8344.40000
1526929113,8344.30000,8346.80000
1526929114,8344.50000,8346.80000
1526994651,8188.80000,8190.00000
1526929117,8344.30000,8346.80000
1526929118,8345.00000,8345.10000
1526929119,8345.00000,8346.80000
1526929120,8345.00000,8346.70000
1526929126,8345.00000,8345.40000
1526929127,8345.00000,8346.70000
1526929130,8345.00000,8345.10000
1526929131,8345.00000,8346.80000
1526929132,8345.00000,8346.80000
1526929133,8345.00000,8345.10000
1526929134,8345.00000,8346.80000
1526994671,8195.10000,8196.40000
1526929136,8345.00000,8346.80000
1526994673,8195.00000,8196.40000
1526929138,8345.00000,8345.60000
1526929139,8345.00000,8345.60000
1526929140,8345.00000,8346.80000
1527000702,8229.70000,8235.60000
1526929143,8345.00000,8346.80000
1526929144,8345.00000,8345.40000
1526964718,8283.30000,8289.60000
1527000703,8229.50000,8235.60000
1526929151,8345.00000,8345.30000
1526929153,8345.00000,8345.40000
1526929154,8345.00000,8346.80000
1526929155,8345.10000,8346.80000
1526929156,8345.10000,8346.80000
1526929157,8345.10000,8347.30000
1526929159,8345.10000,8347.20000
1526929161,8345.00000,8347.20000
1526929162,8346.40000,8347.20000
1526929163,8345.00000,8347.10000
1526929166,8345.00000,8347.30000
1526929167,8345.00000,8347.00000
1526929168,8345.00000,8347.10000
1526994705,8195.10000,8196.40000
1526929170,8345.00000,8347.20000
1526929171,8345.00000,8347.30000
1526929172,8345.00000,8347.00000
1526929174,8345.00000,8347.30000
1526929175,8345.00000,8347.10000
1526994712,8196.30000,8196.40000
1526994714,8195.10000,8196.40000
1526929179,8345.00000,8347.30000
1526929180,8345.00000,8347.20000
1526929182,8345.00000,8347.20000
1526929183,8347.10000,8347.20000
1526929184,8345.00000,8347.20000
1526929185,8345.00000,8347.30000
1526929186,8346.70000,8347.10000
1526929187,8345.00000,8347.10000
1526929188,8345.00000,8347.20000
1526929189,8345.00000,8347.00000
1526929190,8345.80000,8347.00000
1526929191,8345.00000,8347.00000
1526929192,8346.00000,8347.00000
1526929193,8345.00000,8346.70000
1526929194,8345.00000,8347.20000
1526929195,8345.00000,8347.20000
1526929196,8345.00000,8347.30000
1526929197,8345.00000,8347.30000
1526994734,8195.00000,8196.20000
1526994735,8195.10000,8196.40000
1526994736,8195.10000,8195.80000
1526929201,8345.00000,8346.60000
1526994738,8195.00000,8195.10000
1526929203,8345.00000,8347.00000
1526929204,8345.00000,8347.30000
1526929205,8345.00000,8346.30000
1526994742,8195.00000,8195.10000
1526929207,8345.00000,8347.30000
1526929208,8345.00000,8346.90000
1526929209,8345.00000,8346.70000
1526929210,8345.60000,8346.90000
1526994747,8195.10000,8196.40000
1526929212,8345.00000,8346.90000
1526929213,8345.00000,8347.20000
1526929216,8345.00000,8347.30000
1526929217,8347.10000,8347.30000
1527000715,8228.90000,8229.90000
1526994760,8195.00000,8196.40000
1527000716,8229.80000,8229.90000
1526994766,8195.10000,8196.40000
1526964721,8283.40000,8289.60000
1526994772,8195.20000,8196.40000
1526994774,8196.00000,8196.40000
1526929240,8347.10000,8347.20000
1526929243,8347.10000,8347.30000
1526994780,8196.10000,8210.20000
1526929246,8347.10000,8347.20000
1526994783,8196.10000,8206.00000
1526994784,8196.10000,8200.50000
1526994786,8196.00000,8200.50000
1526929254,8347.10000,8347.30000
1527000721,8223.50000,8229.90000
1526929257,8347.10000,8347.20000
1526929258,8347.10000,8347.30000
1526994796,8196.10000,8200.50000
1526929262,8347.20000,8347.30000
1526929263,8347.10000,8347.30000
1526929265,8347.20000,8347.30000
1526929266,8347.10000,8347.30000
1526929267,8347.10000,8347.20000
1527021461,8182.90000,8186.90000
1527000724,8227.50000,8229.90000
1526994813,8200.20000,8200.50000
1526998521,8217.30000,8225.00000
1526994816,8200.20000,8200.30000
1526994818,8200.20000,8200.50000
1526994820,8200.20000,8200.30000
1526994821,8200.20000,8200.50000
1526994822,8200.20000,8200.50000
1526994824,8200.20000,8200.50000
1526994827,8200.20000,8200.30000
1526994828,8200.20000,8200.50000
1526994829,8200.20000,8200.30000
1526994830,8200.20000,8200.50000
1526964723,8283.40000,8289.50000
1526994843,8200.40000,8200.50000
1526929313,8347.10000,8347.30000
1526929314,8347.20000,8347.30000
1527000731,8223.70000,8229.10000
1526999415,8236.00000,8239.70000
1527000732,8223.70000,8229.10000
1526994859,8200.40000,8214.60000
1526964724,8283.50000,8289.50000
1526994862,8200.40000,8209.90000
1526994863,8200.40000,8207.00000
1526994865,8200.40000,8209.80000
1526994867,8200.50000,8209.80000
1526994868,8200.50000,8200.60000
1527022580,8094.80000,8096.40000
1527022581,8094.80000,8102.10000
1526994883,8200.50000,8214.10000
1526994884,8200.50000,8200.70000
1526994889,8200.60000,8200.70000
1527022583,8094.90000,8102.10000
1526994895,8210.00000,8213.80000
1526994896,8210.00000,8213.70000
1526994897,8210.00000,8210.10000
1526994898,8200.60000,8210.00000
1527000739,8223.90000,8229.90000
1526994900,8200.60000,8213.60000
1526994901,8201.00000,8210.00000
1526994902,8200.90000,8213.60000
1526994903,8200.90000,8210.00000
1526994905,8200.90000,8209.90000
1526994909,8206.20000,8210.00000
1526994910,8201.00000,8210.00000
1527000741,8225.90000,8229.90000
1526994912,8201.20000,8210.00000
1526994913,8206.80000,8210.00000
1526994914,8206.80000,8213.40000
1526994915,8206.80000,8209.90000
1527022588,8097.20000,8098.60000
1526994923,8206.90000,8209.90000
1526994925,8206.90000,8209.90000
1526994926,8206.90000,8209.90000
1526994927,8206.90000,8208.40000
1526994928,8206.90000,8209.80000
1526994929,8206.90000,8207.10000
1526994931,8207.00000,8207.10000
1526994933,8209.10000,8213.30000
1526994936,8209.10000,8213.20000
1526994938,8209.10000,8210.10000
1526994939,8209.10000,8209.80000
1526994940,8209.10000,8213.20000
1526994941,8209.20000,8213.20000
1526994942,8209.20000,8211.50000
1526994943,8209.20000,8213.20000
1526994944,8209.20000,8214.00000
1526994945,8209.20000,8213.90000
1526994948,8213.40000,8213.90000
1527000748,8226.00000,8235.80000
1526994960,8213.50000,8213.90000
1526994962,8213.50000,8213.90000
1526994964,8213.80000,8213.90000
1526994967,8213.50000,8213.90000
1527001826,8220.30000,8221.00000
1527000751,8226.00000,8227.50000
1526994974,8213.50000,8213.80000
1526994976,8213.40000,8213.60000
1526994977,8213.40000,8213.90000
1526929444,8347.70000,8350.00000
1526994981,8213.40000,8213.50000
1526994983,8213.40000,8219.90000
1526994984,8213.40000,8213.70000
1527011677,8218.00000,8219.30000
1526929458,8347.80000,8350.00000
1526929463,8347.90000,8350.00000
1526929468,8348.00000,8350.00000
1527022602,8095.30000,8103.90000
1526995007,8213.40000,8213.90000
1526995008,8213.40000,8213.60000
1526995009,8213.40000,8213.90000
1526995011,8213.40000,8213.90000
1526995014,8213.40000,8213.70000
1526995015,8213.40000,8213.90000
1526995016,8213.40000,8213.90000
1526995019,8213.50000,8213.90000
1526995022,8213.40000,8213.90000
1526995023,8213.80000,8213.90000
1526995024,8213.50000,8213.90000
1526995027,8213.80000,8213.90000
1526995028,8213.50000,8213.90000
1527022606,8097.40000,8103.80000
1526929496,8348.10000,8350.00000
1526995034,8213.60000,8213.90000
1526995038,8213.50000,8213.90000
1526995041,8213.40000,8213.90000
1526929506,8348.20000,8350.00000
1526995044,8213.40000,8213.70000
1527000764,8226.40000,8227.50000
1527022611,8093.80000,8095.50000
1526929525,8348.50000,8350.00000
1527000767,8226.50000,8227.50000
1526995069,8213.40000,8213.90000
1526995071,8213.40000,8213.70000
1526929536,8348.60000,8350.00000
1526929537,8348.50000,8350.00000
1526995074,8213.40000,8213.80000
1526995075,8213.40000,8213.50000
1526995077,8213.40000,8213.90000
1526995079,8213.40000,8213.50000
1526929544,8348.60000,8350.00000
1526929545,8348.50000,8350.00000
1527022615,8093.80000,8095.40000
1527000770,8226.60000,8227.50000
1526995088,8213.40000,8213.90000
1526995090,8213.50000,8213.90000
1526995092,8213.50000,8213.60000
1526929557,8348.60000,8350.00000
1526995094,8213.50000,8213.90000
1526995095,8213.50000,8213.80000
1526995100,8213.50000,8213.90000
1526995101,8213.70000,8213.90000
1526995102,8213.60000,8213.90000
1526995105,8213.50000,8213.90000
1527022619,8091.20000,8093.90000
1526995109,8213.50000,8213.80000
1526995110,8213.50000,8213.80000
1527011697,8218.00000,8219.20000
1526995112,8213.50000,8213.60000
1527022620,8090.00000,8093.90000
1526995114,8213.50000,8213.80000
1526995115,8213.50000,8213.90000
1526995116,8213.50000,8213.80000
1526995117,8213.50000,8213.90000
1526995119,8213.50000,8213.70000
1526995120,8214.00000,8221.10000
1526995123,8214.00000,8219.00000
1526995124,8214.00000,8221.00000
1526995125,8214.10000,8221.00000
1526995126,8214.10000,8216.40000
1526929591,8349.90000,8350.00000
1526929592,8351.30000,8355.00000
1526995129,8216.30000,8220.90000
1526995130,8214.10000,8218.10000
1526995131,8214.10000,8220.90000
1526995132,8216.80000,8220.90000
1526995133,8214.10000,8220.90000
1526995134,8214.20000,8220.90000
1526929599,8354.90000,8355.00000
1526995136,8214.90000,8216.70000
1526995137,8214.10000,8218.00000
1526995138,8214.10000,8218.00000
1526995139,8215.30000,8218.00000
1526995140,8214.10000,8216.40000
1526995141,8214.10000,8216.80000
1526995143,8214.10000,8218.00000
1526995144,8214.10000,8216.70000
1526995145,8214.10000,8215.90000
1526995146,8214.10000,8215.60000
1526995147,8214.00000,8216.70000
1526995148,8214.00000,8214.90000
1526995149,8214.00000,8214.30000
1526995150,8214.00000,8216.70000
1526995151,8214.00000,8214.10000
1526995153,8214.00000,8216.70000
1526995154,8214.00000,8214.10000
1526995156,8214.00000,8216.70000
1526995160,8214.00000,8216.60000
1526995161,8214.00000,8214.10000
1526995162,8214.00000,8216.60000
1526995163,8214.00000,8216.60000
1526995164,8214.10000,8216.60000
1526983003,8220.70000,8227.50000
1526995167,8214.10000,8221.00000
1526995168,8214.00000,8215.50000
1526995169,8214.00000,8216.50000
1526995170,8214.00000,8216.50000
1526995171,8214.00000,8215.00000
1526995172,8214.00000,8214.70000
1526995173,8214.00000,8215.00000
1526995175,8214.90000,8215.00000
1526969099,8290.60000,8294.60000
1527022631,8091.50000,8097.00000
1526995182,8214.00000,8215.00000
1526995184,8214.90000,8215.00000
1527022632,8091.60000,8097.00000
1526995188,8214.00000,8215.00000
1526995190,8214.90000,8215.00000
1526995191,8214.00000,8215.00000
1526995192,8214.00000,8215.00000
1526995193,8214.00000,8215.00000
1526995194,8214.10000,8215.00000
1526995195,8214.00000,8215.00000
1526995197,8214.00000,8215.00000
1526995199,8214.00000,8215.00000
1526995202,8214.00000,8215.00000
1526995203,8214.00000,8215.00000
1526995205,8214.00000,8215.00000
1526995207,8214.60000,8215.00000
1526995208,8214.00000,8215.00000
1527022636,8090.00000,8094.70000
1526995210,8214.00000,8215.00000
1526995211,8214.00000,8214.40000
1526995212,8214.00000,8214.30000
1526995213,8214.00000,8215.00000
1526995214,8214.20000,8215.00000
1526995215,8214.10000,8215.00000
1526995216,8214.00000,8215.00000
1526995217,8214.60000,8215.00000
1526995218,8214.10000,8215.00000
1526995220,8214.30000,8215.00000
1526995221,8214.00000,8215.00000
1526995222,8214.30000,8215.00000
1526995223,8214.00000,8215.00000
1526995224,8214.30000,8215.00000
1526995225,8214.00000,8215.00000
1526995226,8214.40000,8215.00000
1526995228,8214.30000,8215.00000
1527000794,8226.80000,8227.50000
1526995231,8214.00000,8215.00000
1526929697,8354.90000,8360.00000
1526995234,8214.00000,8215.00000
1526929702,8355.00000,8360.00000
1526995239,8214.00000,8214.90000
1526995247,8214.00000,8214.60000
1526929714,8355.80000,8360.00000
1526995251,8214.00000,8214.10000
1526995252,8214.00000,8215.00000
1526929718,8356.00000,8360.00000
1526995256,8214.00000,8214.50000
1526995257,8214.00000,8215.00000
1526995258,8214.00000,8215.00000
1526995259,8214.10000,8214.70000
1526995260,8214.10000,8214.90000
1526995261,8214.10000,8215.00000
1526995262,8214.10000,8215.00000
1526995264,8214.20000,8215.00000
1526995266,8214.00000,8214.90000
1526995267,8214.20000,8214.80000
1526929732,8356.90000,8360.00000
1526995270,8214.00000,8214.40000
1526929736,8357.00000,8360.00000
1526995273,8214.00000,8214.20000
1526929741,8357.10000,8360.00000
1526995281,8214.10000,8214.20000
1526929748,8357.10000,8360.00000
1526995288,8214.10000,8215.00000
1526995289,8214.00000,8214.30000
1526929754,8359.80000,8360.00000
1526929756,8359.80000,8359.90000
1526929757,8359.80000,8360.00000
1526995294,8214.00000,8214.30000
1526995295,8214.00000,8214.10000
1526995296,8214.00000,8214.10000
1526995298,8214.00000,8214.30000
1526995299,8214.00000,8221.60000
1526995301,8214.00000,8214.10000
1526995302,8214.10000,8221.50000
1526995303,8214.10000,8221.40000
1526995304,8214.00000,8215.40000
1526995305,8214.10000,8221.40000
1526995306,8214.00000,8221.30000
1526995307,8214.30000,8215.50000
1526995309,8214.30000,8221.20000
1526995310,8214.30000,8216.10000
1526995311,8215.40000,8216.10000
1526995313,8214.30000,8216.10000
1526995314,8214.30000,8216.10000
1526929779,8359.80000,8360.00000
1526995316,8214.10000,8216.10000
1527030207,7997.00000,7999.60000
1526995319,8216.00000,8216.10000
1526995320,8214.40000,8215.40000
1526995323,8214.10000,8215.40000
1526995325,8214.10000,8216.10000
1526995326,8215.30000,8216.10000
1526995328,8215.40000,8216.10000
1526995330,8215.30000,8216.10000
1526929795,8359.90000,8360.00000
1526929796,8359.80000,8360.00000
1526929797,8356.00000,8360.00000
1526995334,8214.10000,8223.80000
1526995335,8214.10000,8216.00000
1527000812,8226.00000,8227.40000
1526929802,8359.90000,8360.00000
1526995339,8215.40000,8216.00000
1526995340,8214.10000,8216.00000
1526995341,8215.50000,8216.00000
1526995343,8215.80000,8216.00000
1526995348,8215.90000,8216.00000
1526995355,8215.50000,8216.00000
1526995357,8214.10000,8216.00000
1526995358,8214.10000,8216.00000
1526995359,8215.30000,8216.00000
1526995360,8215.60000,8216.00000
1526995362,8215.60000,8216.00000
1526995364,8215.80000,8229.40000
1526995365,8215.80000,8229.30000
1527008386,8219.80000,8220.40000
1526995367,8215.90000,8229.30000
1526995368,8215.90000,8224.00000
1526995369,8215.90000,8224.00000
1526995370,8215.90000,8219.50000
1526995371,8215.90000,8229.00000
1526995372,8215.90000,8220.00000
