time,price,volume,buy_or_sell,market_or_limit,misc
1526925620.1919,8372.50000,1.20000000,s,l,
1526988803.7435,8205.00000,3.01800000,s,l,
1526988808.5421,8205.00000,0.20215500,s,l,
1526988810.1813,8205.00000,0.38458185,s,l,
1527021581.9309,8185.20000,0.00610776,b,l,
1526988814.0822,8205.00000,0.95000000,s,l,
1526988816.5981,8205.00000,0.13470000,s,l,
1527017527.9927,8155.90000,0.36296210,s,l,
1526988819.6935,8205.10000,0.30000000,b,l,
1526988822.1911,8206.90000,0.00000860,b,l,
1527021591.3491,8185.20000,0.00842243,s,l,
1526923288.4944,8396.40000,0.23771828,s,m,
1526988825.8782,8210.00000,1.00000000,b,l,
1527021594.208,8186.00000,0.21654000,s,l,
1526988827.512,8211.00000,0.21625756,b,l,
1526988828.9922,8210.70000,0.01400000,s,l,
1527027034.4873,8087.90000,0.07506328,b,l,
1526988830.7482,8210.70000,3.01800000,s,l,
1526982844.5204,8221.10000,0.02000000,s,m,
1526988834.1481,8213.70000,0.30000000,b,l,
1526988835.3987,8214.40000,0.21625756,b,l,
1526953962.9449,8288.50000,0.09580015,s,m,
1527030472.6556,8009.30000,0.07843392,b,l,
1526923309.9073,8398.30000,0.01000000,b,m,
1526923311.0532,8396.40000,0.46636147,s,l,
1526988848.0575,8220.20000,0.09570476,s,l,
1526988849.5,8218.50000,0.12127465,s,l,
1526959067.3348,8299.50000,0.00225936,s,l,
1526988853.1689,8218.60000,0.75458358,s,l,
1526988856.8041,8220.20000,0.14132503,s,l,
1526988857.1194,8220.20000,0.12113209,s,l,
1526988858.6222,8220.20000,0.14866480,s,l,
1526952846.6079,8265.70000,0.01085500,s,l,
1526988860.6596,8220.20000,0.07768536,s,l,
1526939658.6563,8382.90000,0.02858965,b,l,
1527021631.3461,8185.30000,0.42225584,b,m,
1526988868.2416,8220.20000,0.00200000,s,l,
1527017877.8737,8150.00000,0.08912674,b,l,
1526925805.3013,8304.70000,0.01000000,s,l,
1526988873.9691,8220.20000,0.21663601,s,l,
1526935093.3038,8425.80000,0.08850000,b,m,
1526923341.2473,8394.00000,0.50000000,s,m,
1527022678.6479,8100.80000,1.32838000,s,l,
1527023446.614,8085.50000,0.07066110,s,m,
1526988814.2022,8205.00000,0.09060000,s,l,
1527029443.9945,7968.10000,0.00000500,s,m,
1526956119.6609,8288.10000,0.15054325,b,l,
1526956120.3208,8288.10000,0.00047662,b,l,
1526923353.7416,8396.00000,0.01710000,b,l,
1526956123.7747,8288.00000,0.00375970,s,l,
1526956124.4034,8288.10000,0.02520000,b,l,
1526988903.4214,8216.70000,0.09498290,s,m,
1526956136.0938,8288.10000,0.01206000,b,l,
1526956141.1409,8288.10000,0.04757219,b,l,
1527028730.1177,8033.00000,0.03497014,s,l,
1527021680.2401,8181.00000,0.00550000,s,l,
1527010664.1846,8219.40000,0.01192541,b,m,
1526988917.5988,8207.10000,0.05000000,s,m,
1526988531.0984,8236.00000,0.08373303,s,l,
1526988920.6864,8205.00000,0.13000000,s,m,
1526923387.558,8396.00000,0.03810000,b,l,
1526988929.9971,8216.20000,0.64180000,b,m,
1526988930.0005,8216.50000,0.35820000,b,m,
1526956163.145,8294.60000,0.30000000,s,m,
1526988822.1865,8206.90000,0.00861072,b,l,
1527017992.7379,8150.00000,0.01360106,b,l,
1526923399.9088,8395.60000,0.04764000,s,l,
1526928748.2969,8346.80000,0.05801491,s,l,
1527021591.3574,8185.00000,1.99024862,s,l,
1526988940.4066,8214.10000,0.52800000,b,m,
1527016130.5453,8214.40000,0.02500000,b,m,
1526931793.5051,8387.80000,0.10000000,b,m,
1526923288.4965,8396.40000,0.00042025,s,m,
1526979803.8832,8263.00000,0.15000000,s,m,
1526956120.325,8288.10000,0.19000000,b,l,
1526950558.246,8334.40000,2.96641261,s,m,
1527021738.0246,8185.00000,0.13210000,b,l,
1526988830.8742,8214.20000,1.67500000,b,l,
1526987442.0594,8257.00000,0.76980124,s,l,
1526953002.2876,8265.00000,0.15000000,s,m,
1526984657.2057,8250.00000,0.00317097,s,m,
1526965292.1266,8273.60000,1.07545909,s,m,
1527028757.3372,8002.30000,0.05497922,s,l,
1526989000.416,8215.60000,0.00013713,s,l,
1526988529.2127,8236.00000,0.03089914,s,l,
1526988834.152,8214.20000,0.67600000,b,l,
1526923470.2593,8395.70000,0.10000000,s,l,
1526989009.0571,8215.90000,0.01000000,s,l,
1526923474.9212,8396.00000,0.44457853,b,l,
1527021779.2938,8181.00000,0.09250000,s,l,
1526956244.5916,8292.30000,0.00400000,s,m,
1526923477.3957,8396.30000,0.50000000,s,l,
1526954760.9873,8257.70000,2.55824879,s,m,
1526956251.2872,8298.70000,0.58000000,b,m,
1526961530.4459,8317.30000,0.09824805,b,l,
1527021791.0551,8181.20000,0.00200000,b,l,
1526989024.3851,8221.30000,0.14876385,s,l,
1526989026.3584,8221.20000,0.04509546,s,l,
1527021796.0274,8180.70000,0.00206063,b,l,
1526923493.0263,8399.00000,0.00060060,b,l,
1526989030.9359,8221.20000,0.00329169,s,l,
1526994300.4514,8193.30000,0.01600000,s,l,
1526923498.9305,8398.30000,0.00002137,s,m,
1526925767.1736,8348.00000,0.86308365,s,l,
1527008693.8576,8201.20000,0.00520051,s,l,
1526994301.4887,8200.00000,0.00015948,b,m,
1527017595.8275,8150.00000,0.11101571,s,l,
1526996173.2096,8224.70000,0.13000000,b,m,
1526989043.0456,8221.50000,0.00402268,s,l,
1526991136.1408,8175.00000,0.31350620,s,l,
1526983270.5463,8245.70000,0.10000000,b,m,
1527022544.775,8080.00000,0.49504000,s,m,
1526989051.4682,8221.60000,0.00355097,s,l,
1527021820.1015,8180.70000,0.00569973,b,l,
1527021827.1802,8180.70000,0.12470000,b,l,
1527021830.0313,8180.70000,0.30000000,b,m,
1526942210.8294,8377.00000,0.00060799,b,m,
1527022554.3454,8081.30000,0.00500000,s,l,
1527021838.6215,8180.70000,0.10000000,b,m,
1527021839.6151,8180.00000,1.15000000,s,l,
1527028757.3001,8008.00000,0.02500000,s,l,
1526925252.2115,8375.80000,0.16220382,s,m,
1527021843.3659,8178.00000,2.18219778,s,l,
1526991086.0969,8190.00000,2.27285130,s,l,
1527021848.8222,8169.00000,0.39619600,s,l,
1526989082.9434,8220.20000,0.17177677,s,l,
1526976634.0874,8304.90000,0.00000003,s,l,
1527007471.0608,8236.10000,0.01000000,s,m,
1527017442.1372,8172.70000,0.13403410,b,l,
1526989091.2028,8221.40000,0.11296076,s,l,
1526956326.5999,8295.50000,0.93798530,s,l,
1526988849.7725,8218.60000,0.16864045,s,l,
1527022362.0994,8153.00000,0.22000000,b,l,
1526953086.9061,8250.00000,0.02965235,s,m,
1526989102.6637,8221.40000,0.53878759,s,l,
1526989103.297,8221.40000,0.46121241,s,l,
1526956336.5749,8276.00000,2.37804900,s,m,
1526994312.9005,8203.30000,0.00282853,b,l,
1526989106.1479,8221.70000,0.11023944,s,l,
1526989107.5852,8222.20000,0.00213347,b,l,
1526942710.8122,8377.70000,0.00269022,b,l,
1526989114.1695,8220.30000,0.07142356,s,l,
1526925252.2085,8376.70000,0.01206193,s,m,
1526989122.8546,8220.30000,0.38824730,s,l,
1526989123.0818,8220.30000,0.09462804,s,l,
1527028755.7665,8015.00000,1.10380246,s,l,
1526983181.9806,8242.60000,0.05380000,b,l,
1526988778.7559,8220.10000,3.46488576,s,l,
1526987447.2812,8255.40000,0.17351851,s,l,
1527028790.6473,8010.50000,2.72000000,b,l,
1526923601.5107,8399.50000,0.16740000,s,l,
1526989139.4105,8221.40000,0.00827759,s,l,
1526923604.9136,8400.00000,3.01696337,b,l,
1526988857.6018,8220.20000,0.20191115,s,l,
1526991093.9952,8190.00000,0.04320000,s,l,
1526939706.5608,8377.10000,0.39755085,s,m,
1527025067.7323,8088.20000,0.43000000,s,m,
1526989151.8858,8223.70000,0.14589879,b,m,
1526956388.5678,8295.00000,0.00500000,b,m,
1526993656.3212,8170.90000,0.00000040,b,l,
1527028716.8153,8048.00000,0.04133918,s,l,
1527021931.8886,8165.40000,0.09120000,s,l,
1526938459.8056,8400.90000,0.10232620,s,m,
1526950032.5912,8333.20000,0.30167053,s,m,
1526989167.2851,8222.00000,0.00200000,s,m,
1526989168.167,8222.00000,0.00310928,s,l,
1527024644.6886,8085.00000,2.00000000,b,l,
1527021631.3304,8184.90000,1.00000000,b,m,
1526956412.2374,8295.00000,0.00387730,b,l,
1527015818.3563,8219.90000,0.26203430,b,l,
1526923649.745,8400.00000,0.08503315,b,l,
1527030472.1143,8009.30000,0.24425372,b,l,
1526989191.7892,8222.60000,0.10000000,b,m,
1527021960.5915,8165.40000,0.00327210,b,l,
1527021967.8468,8165.30000,0.50000000,b,l,
1527021969.2135,8165.30000,0.00200000,s,m,
1526940869.0134,8387.00000,1.00000000,b,l,
1527021972.6022,8165.40000,0.01030000,b,l,
1527021973.5439,8165.40000,0.00620000,b,l,
1526991113.1476,8175.00000,0.02446483,s,l,
1526956440.1466,8284.90000,0.67621463,s,l,
1526950639.3198,8345.20000,0.00232913,s,l,
1526950978.8677,8326.20000,0.29317975,s,m,
1526989221.3425,8224.60000,0.00736636,b,m,
1526932990.0475,8368.00000,0.17640731,s,l,
1526950032.7014,8331.00000,0.00007047,s,m,
1527022000.6603,8165.30000,0.25850000,s,l,
1527018002.2401,8150.00000,0.06230538,b,l,
1526923699.0271,8400.00000,0.07959388,b,l,
1526934260.9325,8393.40000,0.00561520,s,l,
1526979813.2462,8261.10000,0.00000001,b,l,
1526956484.4361,8294.90000,0.10000000,b,l,
1526934977.9609,8399.00000,0.70120000,b,l,
1527031345.9897,8019.30000,0.00223438,b,m,
1526968902.3326,8290.40000,0.19347500,s,l,
1526950032.694,8331.00000,0.05000000,s,m,
1526923341.2608,8392.20000,0.50000000,s,m,
1527022036.0581,8165.30000,4.23950000,s,l,
1527008183.1293,8215.40000,0.30000000,s,l,
1527017225.9754,8174.90000,0.14980000,s,m,
1526951103.7833,8336.40000,2.39500000,s,m,
1526989278.2219,8229.20000,0.10000000,s,m,
1526995949.4853,8213.50000,0.08209878,s,l,
1527021311.661,8190.00000,0.16000000,b,l,
1527021277.23,8188.70000,0.00260403,b,l,
1527030755.47,8019.20000,0.01945292,b,l,
1526989286.5171,8227.10000,0.57001771,s,l,
1526927440.7936,8345.90000,0.03381807,s,l,
1526989293.0773,8225.80000,0.11958429,s,l,
1526923759.5655,8400.00000,0.20000000,b,m,
1526956528.4596,8295.00000,0.01582600,b,l,
1526956532.3494,8295.00000,0.26781091,b,l,
1527028762.7444,7982.20000,0.08810000,b,l,
1526986892.6045,8279.80000,4.08700000,b,m,
1526925768.0551,8340.00000,0.11737000,s,m,
1526923771.0291,8400.00000,1.43214000,b,m,
1526988785.0898,8220.00000,0.02630000,s,l,
1527022080.5766,8156.60000,0.02739300,b,l,
1527017880.412,8150.00000,0.81035615,b,l,
1526972503.8795,8312.00000,0.04324593,s,m,
1526989324.4542,8226.30000,0.28540727,s,m,
1526956120.6561,8288.10000,0.15116781,b,l,
1526994350.9978,8204.70000,1.36501786,b,l,
1526923802.3287,8400.00000,3.53660297,b,l,
1526945199.6917,8413.00000,0.47510948,b,l,
1527013956.7532,8203.60000,0.28725888,s,m,
1526956580.8875,8306.50000,0.50000000,b,m,
1527002730.6371,8249.90000,0.00563197,b,l,
1526923814.3049,8407.10000,0.24170000,s,l,
1526923819.2462,8402.60000,0.13620000,s,l,
1526989357.6984,8229.70000,0.00200000,s,l,
1527024427.9975,8066.00000,0.21138270,b,m,
1527022132.8904,8157.10000,0.20000000,b,m,
1526989369.2678,8229.70000,0.01300000,s,l,
1527028918.3257,8018.90000,0.18587388,b,m,
1527022146.625,8151.40000,0.10000000,s,m,
1526956336.5352,8292.10000,1.00000000,s,m,
1526923847.1623,8406.90000,0.01480000,b,m,
1526923849.3972,8404.40000,0.01013783,s,l,
1527022155.8137,8156.70000,2.00000000,b,l,
1526923854.4521,8407.50000,0.55910000,b,l,
1527022159.3727,8150.10000,0.00565938,b,l,
1527024209.3825,8050.00000,0.10050000,s,l,
1527028757.6961,7975.60000,0.04239619,s,m,
1527022165.0652,8150.30000,0.18890000,s,m,
1527022170.2428,8151.80000,0.18890000,b,l,
1526923867.1872,8407.60000,0.00492512,s,l,
1527007624.6846,8233.10000,0.47000000,b,m,
1527022174.2682,8151.80000,0.18890000,b,l,
1527022175.8251,8151.70000,0.08320000,b,l,
1527022182.582,8151.60000,0.18890000,b,l,
1527022183.2671,8150.40000,0.00100000,s,m,
1527021154.3373,8183.90000,0.11946940,b,m,
1527017773.6976,8145.00000,1.00000000,b,l,
1526988903.4289,8210.00000,0.50000000,s,m,
1527022190.7074,8151.50000,0.18890000,b,l,
1527017528.0213,8150.60000,1.00000000,s,l,
1527022192.8843,8151.50000,0.18890000,b,l,
1527022194.2022,8151.50000,0.18890000,b,l,
1526994366.893,8200.00000,0.30000000,b,m,
1526938447.1505,8402.50000,0.33911958,s,m,
1527022203.1336,8150.90000,0.25870000,b,l,
1527022204.4858,8150.90000,0.25870000,b,l,
1527022205.8187,8151.50000,0.25870000,b,l,
1526964634.0206,8285.60000,0.24138263,s,l,
1527022210.2243,8150.90000,0.18890000,b,l,
1526989443.0427,8239.20000,0.05507664,s,l,
1526989445.4891,8239.40000,0.01496532,b,l,
1527022216.8203,8155.70000,0.00400000,b,m,
1526989449.0918,8248.10000,0.00310000,b,m,
1527022218.1608,8150.60000,0.00004504,s,m,
1526983447.6728,8247.00000,0.01000000,b,l,
1526988909.5454,8206.50000,0.47303446,s,m,
1526976200.8292,8307.50000,0.18044628,s,m,
1526955498.0795,8292.10000,1.00000000,b,m,
1526945219.0918,8415.00000,0.02506304,b,l,
1526989461.5962,8239.30000,0.00710000,s,m,
1527012734.5929,8187.80000,0.56000000,s,l,
1526953633.5308,8284.10000,0.08900000,s,m,
1526951499.8176,8300.00000,0.04212000,s,m,
1526956701.8818,8300.50000,0.04500000,s,l,
1526994373.549,8210.20000,0.00360000,b,m,
1526923937.6053,8408.90000,0.06875526,b,l,
1526959042.8583,8301.70000,1.00000000,b,l,
1527022245.6852,8154.60000,0.03612999,b,l,
1526991823.9011,8190.00000,0.15048360,s,l,
1527022247.2038,8154.50000,0.18590000,s,l,
1527022248.8748,8154.00000,0.15707440,b,l,
1526923947.903,8404.20000,1.00000000,s,l,
1526989484.9536,8240.10000,0.20000000,b,m,
1526923949.9625,8400.00000,1.00000000,b,l,
1526989486.345,8235.80000,0.04900000,s,l,
1526950685.7496,8351.40000,0.52259474,s,l,
1527022258.0435,8151.50000,0.00300000,b,m,
1526989493.401,8235.00000,0.25000000,b,l,
1526989497.4136,8234.90000,1.00000000,b,l,
1527022269.9379,8150.10000,0.06960000,b,l,
1527022270.35,8150.00000,0.50000000,s,l,
1526988917.7524,8207.10000,0.05000000,s,m,
1527022273.7071,8149.80000,0.00150000,b,l,
1527010995.9394,8222.00000,0.07367000,s,l,
1526956748.9525,8306.60000,1.00000000,b,m,
1526987626.0918,8240.20000,0.42000000,s,m,
1526988920.6975,8205.00000,0.01000000,s,m,
1526972260.6142,8320.80000,0.01046229,s,l,
1527022301.4983,8143.60000,0.00200000,s,l,
1527018012.4471,8150.00000,0.20000000,b,m,
1526989535.6818,8235.00000,0.60100000,b,l,
1527022305.1802,8141.30000,0.00246445,s,l,
1527017445.1884,8170.00000,0.67648563,s,l,
1527022311.1535,8142.70000,0.06160067,b,l,
1526955185.6747,8283.60000,0.19000000,s,l,
1527030975.8869,8019.30000,0.02616556,b,m,
1527008538.268,8209.10000,2.43300000,s,l,
1526956783.9823,8298.90000,1.00000000,s,l,
1526956785.1132,8298.60000,0.01760000,s,l,
1527028924.8342,8010.60000,0.46109267,s,l,
1526935087.6563,8410.00000,0.02000000,b,l,
1526989563.7801,8242.50000,0.02000000,b,m,
1526995503.4434,8214.00000,0.16370762,s,l,
1527016235.8634,8213.00000,0.08812900,b,l,
1527024820.0695,8099.70000,0.63400000,b,l,
1527022345.995,8152.60000,0.01300000,b,m,
1526989579.9395,8245.30000,0.04442127,b,m,
1526977642.379,8311.10000,0.89700000,s,m,
1526985280.4806,8262.20000,0.06640000,s,l,
1527022362.0905,8152.60000,0.00315287,b,l,
1527022366.6418,8154.50000,0.00995897,s,m,
1526989599.8318,8238.30000,0.10320000,s,l,
1527020937.1305,8176.70000,0.00500000,b,l,
1527022369.5496,8154.50000,1.00000000,s,l,
1526954031.4956,8270.10000,0.00274910,s,l,
1527028926.0321,8010.00000,0.09800000,s,m,
1527022386.025,8154.50000,0.13000000,s,m,
1526989620.1023,8239.90000,0.00200000,s,l,
1526935089.4857,8408.70000,1.00000000,s,m,
1527018015.0349,8150.00000,0.20491818,b,l,
1526924091.7577,8399.90000,0.07770000,s,l,
1526988791.0453,8205.00000,1.19000089,s,m,
1527020981.9052,8176.00000,0.00000353,s,l,
1527022398.2069,8156.40000,0.01000000,b,m,
1526924098.5806,8399.90000,0.00662622,s,l,
1526952741.0271,8268.00000,0.10070646,s,m,
1526965292.1363,8273.60000,0.02145000,s,m,
1526924104.5244,8399.90000,0.05260000,s,l,
1526979826.135,8252.00000,0.02000000,s,m,
1526934327.8811,8395.30000,0.00250000,b,m,
1527022533.2363,8100.00000,2.00000000,s,l,
1526979864.0913,8235.20000,0.12650612,s,m,
1526951499.8887,8294.90000,0.00274910,s,m,
1526989674.1364,8235.20000,0.00357973,s,l,
1526932154.1579,8379.70000,0.22610000,b,m,
1526994012.6005,8174.90000,0.10000000,s,l,
1526924146.5951,8399.90000,0.03873996,s,l,
1526924147.6277,8399.90000,0.07790000,s,l,
1527022453.9279,8154.50000,0.03000000,s,l,
1526950032.7788,8331.00000,0.09610000,s,m,
1527028716.963,8035.30000,0.00000064,s,m,
1527017773.2736,8143.00000,0.10000000,s,m,
1526949756.2078,8386.00000,0.30070832,s,l,
1527008432.9166,8213.50000,0.00100000,s,m,
1527022247.2167,8154.50000,0.04871436,s,l,
1526928875.8935,8344.40000,0.05992043,s,m,
1526991133.5873,8175.00000,0.22037552,s,l,
1526956934.7347,8310.00000,0.50000000,b,m,
1527022471.4843,8141.40000,0.35000000,s,m,
1527027180.6887,8088.00000,0.05420329,b,l,
1526924175.382,8399.90000,0.11860000,s,l,
1526924176.1193,8400.00000,0.08393267,b,l,
1526924177.8492,8399.90000,0.01450000,s,l,
1526925822.9886,8299.90000,0.88269928,s,m,
1527017086.2832,8183.00000,0.01498670,b,l,
1526924180.9286,8399.90000,0.07790000,s,l,
1527022486.5334,8136.80000,0.24000000,s,m,
1527022491.0346,8141.20000,0.71054101,b,l,
1527022496.2153,8137.00000,0.65323011,b,l,
1527028743.4584,8020.00000,0.27635500,s,l,
1527022501.6131,8133.40000,1.00000000,s,m,
1526953642.9253,8284.10000,0.00400000,s,m,
1527022504.3138,8130.60000,0.00286713,s,l,
1526924201.5272,8399.90000,0.01656353,s,l,
1527022506.3017,8128.80000,0.10000000,s,l,
1527022509.7933,8125.00000,0.06038456,s,l,
1527022510.7706,8121.00000,0.11000000,s,l,
1526924209.1599,8399.90000,0.00829104,s,l,
1527022514.5293,8120.00000,0.00100000,s,l,
1526999223.6427,8233.60000,0.06341418,b,m,
1527022519.353,8120.10000,0.25970000,s,l,
1527022520.7602,8111.00000,0.01500000,s,l,
1527022521.8846,8111.00000,0.04000000,s,m,
1527022522.1571,8111.00000,3.00000000,s,m,
1527022523.4039,8108.10000,0.00696973,s,m,
1527022524.7576,8109.10000,0.01500000,s,l,
1527017292.2167,8172.90000,0.40000000,s,l,
1527022529.9308,8109.10000,0.23500000,s,l,
1527022530.2046,8103.00000,0.00050000,s,l,
1527022531.0434,8109.20000,0.26010000,s,l,
1527022533.5197,8084.00000,0.00000492,s,m,
1527022535.247,8091.60000,0.21460000,b,l,
1527022536.4444,8091.60000,1.12191500,b,l,
1527022537.7065,8091.50000,0.01550000,b,l,
1526989770.4074,8243.40000,0.17927873,b,l,
1527022540.8397,8087.00000,0.32500000,b,l,
1527022543.2788,8085.10000,0.10000000,b,l,
1527022544.2909,8085.10000,1.46650000,b,l,
1527022545.1722,8085.10000,0.16350000,b,l,
1527022548.2472,8080.60000,0.12290000,s,m,
1526955504.0139,8298.70000,4.54000000,b,m,
1527022551.6981,8084.10000,0.02500000,s,m,
1527022552.9802,8079.00000,1.00000000,s,m,
1527022554.4962,8081.40000,0.02473720,b,m,
1526924251.718,8399.90000,0.00923700,s,l,
1527022557.7458,8081.40000,0.02473720,b,m,
1526952401.7491,8309.80000,0.37749395,s,l,
1527022564.8501,8081.30000,0.30000000,s,m,
1526924261.4555,8399.90000,0.00461850,s,l,
1527022567.989,8089.30000,0.25040979,b,l,
1526943824.948,8393.00000,0.00261006,s,m,
1527022571.6597,8081.40000,0.00408330,s,m,
1527022572.7383,8090.50000,0.09465044,b,l,
1526967122.0649,8294.00000,0.00015806,b,l,
1527022575.7869,8094.90000,0.03214131,b,l,
1527022576.1576,8094.90000,0.15254517,b,l,
1527022577.5181,8094.90000,0.00214246,b,l,
1527022578.309,8094.90000,0.17430000,b,l,
1527022579.5314,8094.90000,0.30099967,b,l,
1526957049.416,8307.00000,0.10000000,s,l,
1527022586.8457,8096.40000,0.00390000,s,l,
1526989819.9208,8235.80000,0.00222923,s,l,
1527022588.473,8099.10000,0.02297161,b,l,
1526957054.673,8300.10000,0.50000000,b,l,
1527022592.9025,8098.70000,0.01000000,b,l,
1527022593.6416,8097.40000,0.00232041,s,l,
1527022595.3205,8098.40000,0.60000000,b,l,
1527022596.273,8095.20000,0.50000000,s,m,
1527022598.3527,8107.80000,0.10000000,b,l,
1526961665.0276,8317.30000,3.70708301,b,l,
1526999989.3606,8236.80000,0.09271862,s,m,
1526957066.7819,8300.00000,0.00330000,s,l,
1527018022.9163,8150.00000,0.00620000,b,m,
1527022604.3695,8103.90000,0.11792452,b,m,
1526957070.7828,8297.80000,1.51314259,b,l,
1527022607.6548,8097.40000,0.20000000,s,l,
1526924304.3393,8399.90000,0.01070000,s,l,
1527022609.1829,8097.00000,0.03000000,b,l,
1527022610.7842,8095.50000,0.10000000,b,l,
1527022611.0519,8094.80000,0.04169459,s,m,
1526940632.3805,8382.00000,0.01000000,b,m,
1527006020.7007,8229.60000,0.20000000,b,l,
1527022618.1108,8091.20000,0.03416068,s,m,
1527022619.3186,8093.90000,0.10000000,b,l,
1526926011.7505,8346.00000,0.02690000,s,l,
1526950746.6978,8351.30000,0.02000000,b,l,
1526989854.1467,8235.20000,0.09481038,s,m,
1527022623.373,8096.90000,0.04610812,b,l,
1527022627.8343,8090.30000,0.50000000,s,m,
1526957093.8653,8300.10000,0.50000000,b,l,
1527022631.4984,8094.80000,0.15000000,b,l,
1526957096.4532,8298.70000,0.06076380,b,l,
1527022633.3992,8103.80000,0.09042443,b,m,
1527022635.1171,8091.50000,0.00003698,s,m,
1527022636.233,8094.70000,0.13471024,b,l,
1527022639.2229,8090.60000,0.26090000,s,l,
1526924338.4898,8399.90000,0.07410000,s,l,
1527022644.0652,8094.70000,0.15000000,b,l,
1527022645.9437,8094.50000,0.95000000,s,m,
1526946020.1767,8399.00000,0.01000000,s,m,
1527022648.12,8094.60000,0.74000000,s,l,
1526979834.9342,8250.00000,0.06144698,s,m,
1526924348.4644,8399.90000,0.08000000,s,l,
1527022654.287,8094.50000,0.40476513,s,l,
1526924351.3685,8399.90000,0.00696615,s,l,
1527022658.3948,8094.60000,0.08318330,s,l,
1527022663.9372,8101.70000,0.10000000,b,m,
1527022664.746,8096.50000,1.00000000,b,l,
1526924362.9399,8399.90000,0.00990484,s,l,
1527022672.1571,8100.90000,0.32040000,s,m,
1527022673.9624,8100.90000,0.01000000,b,m,
1527022676.455,8100.80000,0.07382179,s,m,
1527022677.952,8100.80000,0.00400000,s,l,
1527022678.1182,8100.90000,0.03091109,b,l,
1526955154.4214,8289.80000,0.10000000,b,m,
1527022682.2506,8092.20000,0.33000000,s,m,
1527022683.5921,8092.30000,0.15000000,b,l,
1526988312.6402,8235.90000,0.00242727,s,l,
1527022687.2658,8092.30000,2.45762000,b,l,
1526947144.5253,8390.70000,0.11760000,s,l,
1527022695.4107,8098.60000,0.15000000,b,l,
1527013956.7739,8203.60000,0.01176935,s,m,
1526996795.6002,8234.10000,0.55755478,b,m,
1527000358.2188,8231.60000,2.42700000,s,m,
1527022706.0288,8094.80000,0.13644980,s,l,
1527022707.0646,8100.20000,0.15000000,b,l,
1527022708.6515,8103.90000,0.13706052,b,l,
1527022486.5274,8139.00000,0.10000000,s,m,
1526924406.2524,8399.90000,0.11410000,s,l,
1526927462.1323,8344.80000,0.00304085,s,m,
1526988778.0942,8220.10000,0.13400000,s,l,
1527022719.8179,8100.10000,0.01160646,s,l,
1526989955.1867,8235.80000,0.73987464,s,l,
1526924420.0528,8400.00000,3.56551000,b,l,
1526989957.8638,8234.80000,0.00485473,s,l,
1527022726.9623,8100.10000,0.15690800,s,l,
1527022727.1264,8103.90000,0.10000000,b,l,
1527024431.8805,8058.10000,0.00828728,s,l,
1527022730.8399,8103.90000,0.10000000,b,m,
1527030079.9852,7999.60000,0.56961583,b,m,
1526988566.39,8228.30000,0.12047314,s,l,
1526989972.0459,8236.80000,0.27097336,s,m,
1527022742.2376,8095.00000,0.10778350,s,l,
1527022743.3877,8101.20000,0.00240000,b,l,
1526951317.4404,8328.40000,1.00000000,s,m,
1527022747.4094,8094.20000,0.06000000,s,m,
1527019340.229,8167.90000,0.00248843,s,m,
1527022764.9681,8095.10000,0.00000008,s,m,
1527022766.7303,8099.90000,0.25000000,b,l,
1526963471.2808,8290.00000,0.36495039,s,l,
1526989000.4011,8215.60000,0.05287992,s,l,
1526957234.0885,8298.00000,0.07000000,s,m,
1526990003.5491,8235.40000,0.14998420,s,l,
1526990004.9743,8235.40000,0.00001580,s,l,
1527031346.0033,8019.30000,0.08952412,b,m,
1526997075.6627,8225.70000,0.00130000,s,m,
1527022778.4497,8095.00000,0.00119422,s,l,
1527022780.9408,8099.90000,0.50000000,b,l,
1527022781.2376,8095.00000,0.30000000,s,l,
1527022785.7405,8093.90000,0.61840000,s,l,
1526924482.6692,8400.00000,0.08407141,b,l,
1526990019.1854,8233.20000,0.14998420,s,l,
1527022789.2589,8094.20000,0.18918133,s,m,
1526924486.433,8399.90000,0.00820000,s,l,
1527028757.7169,7975.60000,0.08000000,s,m,
1527022794.4133,8101.20000,0.24240000,b,m,
1526983187.5131,8240.80000,0.01000000,s,l,
1527010850.2849,8219.30000,4.12858000,s,l,
1526979768.4111,8290.50000,0.77677283,b,m,
1526990031.6881,8234.90000,0.08523745,s,l,
1526990032.8998,8234.90000,0.11300000,s,l,
1526990034.6657,8234.90000,0.03700000,s,l,
1526990035.908,8234.30000,0.20388830,s,l,
1527018103.7676,8175.20000,0.06681652,b,l,
1526958784.2536,8298.40000,0.00243090,b,l,
1527022809.9463,8099.20000,0.03235601,b,l,
1527022810.3079,8099.20000,0.10010000,b,l,
1526990044.1276,8237.50000,0.00761140,b,m,
1527022815.1083,8101.20000,0.10000000,b,l,
1526924513.5222,8400.00000,0.00010000,b,m,
1527029669.8514,7969.10000,0.02400000,s,l,
1527023485.2512,8092.00000,0.15000000,b,m,
1526988780.6656,8220.00000,0.10510636,s,l,
1526922739.6201,8393.80000,0.99940577,b,l,
1527019431.7931,8176.10000,0.02500000,s,l,
1526923474.9106,8395.90000,0.15790000,b,l,
1526990062.07,8235.10000,0.12880176,s,l,
1526950781.8687,8357.30000,0.36960249,b,m,
1527012574.999,8184.00000,0.06151000,b,m,
1527023790.1306,8060.00000,0.04000000,s,m,
1527022836.0577,8098.00000,0.00307488,b,m,
1526957303.5292,8296.00000,0.00117421,s,m,
1526924536.3054,8399.90000,0.17200000,s,l,
1527022842.7712,8093.00000,0.03893981,s,m,
1526945322.9174,8412.90000,0.20813429,s,m,
1527022849.8042,8093.00000,0.80000000,s,l,
1526991136.1438,8175.00000,0.18326774,s,l,
1526988790.9611,8215.00000,0.12500000,s,l,
1526945871.2441,8387.60000,0.01759400,s,m,
1526990091.1141,8235.10000,0.02119824,s,l,
1527022863.5703,8092.00000,0.05500000,s,m,
1527022864.3,8093.10000,0.00052719,s,l,
1526990097.163,8228.80000,0.01114482,s,l,
1526990098.3122,8228.80000,0.08877600,s,l,
1526990099.4679,8224.50000,0.30299046,s,l,
1526990100.5906,8224.50000,0.53811324,s,l,
1526990101.9875,8224.50000,0.08100000,s,l,
1526990102.3237,8224.50000,0.09409905,s,l,
1527022872.1998,8099.40000,0.10000000,b,l,
1527022873.9183,8100.00000,0.02500000,b,l,
1526990106.2211,8223.00000,0.08088516,s,l,
1526990108.5107,8223.00000,0.10854639,s,l,
1526957341.0545,8285.20000,0.00411018,s,l,
1526957342.8646,8297.60000,2.00000000,b,l,
1526921430.1133,8392.30000,0.02188200,b,l,
1527015228.8728,8206.30000,0.09260565,s,m,
1526990113.543,8223.00000,0.01380928,s,l,
1526956251.3079,8298.70000,1.00000000,b,m,
1526924583.6511,8399.90000,0.23938667,s,l,
1526924585.8875,8399.90000,0.22065618,s,l,
1526924586.8228,8399.90000,0.01628724,s,l,
1526924587.6023,8399.90000,0.01182136,s,l,
1526994859.9692,8210.30000,1.00000000,b,m,
1527022893.7168,8093.40000,0.04000000,s,m,
1526990126.872,8223.00000,0.70314650,s,l,
1526939869.0799,8377.00000,0.00000001,s,l,
1527022896.2827,8093.70000,0.03200000,s,m,
1526990130.3505,8223.00000,0.00706415,s,l,
1526998602.1704,8214.00000,0.10000000,s,m,
1526924598.2003,8399.90000,0.02532124,s,l,
1526924599.3029,8399.90000,0.07816147,s,l,
1526924602.8137,8397.20000,0.00513434,s,l,
1526923487.8468,8398.20000,0.10000000,s,l,
1527022908.3006,8094.10000,0.01000000,s,m,
1526924605.8277,8397.20000,0.06933351,s,l,
1526990143.8265,8223.70000,0.09719120,s,l,
1527022912.8421,8098.80000,0.09000000,b,l,
1526989024.8687,8221.30000,0.14819142,s,l,
1526947399.5,8400.60000,0.00150000,b,l,
1527022923.57,8101.20000,0.10000000,b,l,
1527022924.5881,8101.20000,0.10000000,b,l,
1526989026.3534,8221.30000,0.05485331,s,l,
1526990161.4044,8222.50000,0.00610000,s,l,
1527022933.5434,8099.60000,0.03600000,s,m,
1526951963.5089,8310.00000,0.25000000,s,l,
1526952741.1153,8265.20000,0.00500000,s,m,
1527022941.9728,8100.00000,0.01703846,b,l,
1527022942.5277,8101.20000,0.08297198,b,l,
1526923493.0176,8398.40000,0.19500000,b,l,
1527023996.9234,8052.80000,0.06932330,s,l,
1526924643.5803,8397.20000,0.04575361,s,m,
1527022948.2274,8101.20000,0.02923516,b,l,
1527021798.2484,8180.70000,0.06393000,b,l,
1526990185.5646,8222.50000,1.99827595,s,l,
1526924650.5764,8397.20000,0.78800000,b,l,
1526995120.4729,8213.90000,0.03588364,b,l,
1526983570.6957,8243.50000,0.04791239,s,m,
1526990190.4292,8222.00000,0.00994976,s,l,
1527027261.229,8088.00000,0.10000000,b,m,
1527030517.9953,8040.80000,0.04944681,b,m,
1526945342.1597,8408.70000,0.00002137,s,m,
1527022967.1243,8099.80000,0.20000000,s,l,
1526923498.9247,8398.30000,0.00997863,s,m,
1526925700.3633,8343.40000,0.10000000,s,m,
1526946020.1842,8393.50000,0.96120588,s,m,
1526925252.2419,8370.60000,0.20000000,s,m,
1526990217.8048,8222.00000,0.08494096,s,l,
1527022986.5622,8090.00000,0.02000000,s,m,
1526990219.6663,8214.80000,1.00000000,b,l,
1527022989.3782,8098.40000,0.67500000,b,l,
1527022530.198,8105.70000,0.64400000,s,l,
1527020566.2911,8170.00000,0.13680187,b,l,
1526951764.1015,8313.50000,0.19000000,b,l,
1526983577.7212,8245.80000,0.00860207,b,l,
1526991086.0853,8190.00000,1.00000000,s,l,
1526953025.8277,8252.00000,1.00000000,s,m,
1527017694.4238,8152.70000,0.25870000,b,l,
1526945350.6332,8410.10000,0.50000000,b,l,
1527023014.4125,8086.50000,0.10000000,s,m,
1527023015.0776,8093.80000,0.12585427,b,m,
1526957480.4181,8296.10000,0.01000000,b,m,
1526968935.1162,8295.00000,0.72180000,b,l,
1527023022.8748,8086.40000,0.05000000,s,m,
1526941045.2768,8385.80000,0.00939792,b,l,
1527022501.6643,8131.60000,1.36357286,s,m,
1527022183.2607,8150.40000,0.00100000,s,m,
1527023036.124,8089.50000,0.00770000,b,l,
1526990269.1999,8213.00000,0.00347892,s,m,
1526957502.1805,8291.90000,0.96830622,s,l,
1527028948.7815,8010.70000,0.03000000,s,m,
1527023045.3245,8086.40000,0.02730000,s,l,
1526994151.6895,8198.40000,0.00300000,b,m,
1527018037.0994,8162.30000,0.12838131,b,l,
1526990288.2425,8213.00000,0.00382549,s,l,
1526956934.7395,8310.00000,0.28740116,b,m,
1526961530.449,8317.30000,0.10049117,b,l,
1526990298.8408,8212.90000,0.23290000,b,l,
1527023068.4043,8089.50000,0.09664280,b,l,
1527023070.4174,8089.50000,0.00680000,b,l,
1526990303.6467,8210.90000,0.15000000,s,l,
1526940659.3605,8381.90000,0.20000000,s,l,
1526990305.7092,8210.80000,0.09000000,s,l,
1527023074.4011,8089.50000,0.00680000,b,l,
1526989051.4791,8220.60000,0.00314903,s,l,
1526990308.4772,8210.00000,0.01000000,s,l,
1526990311.169,8205.40000,0.00520000,b,l,
1526965268.6369,8290.00000,0.00500000,s,l,
1526951479.6505,8315.00000,0.07000000,s,l,
1526971623.1879,8333.00000,0.06000000,s,l,
1527023084.5536,8089.50000,0.00600000,b,l,
1527024145.7606,8058.00000,0.03595118,b,l,
1526957550.8606,8292.30000,0.00331357,s,l,
1526953222.2276,8262.70000,0.19000000,s,m,
1526957553.7002,8292.40000,0.01928643,s,l,
1527028742.8171,8020.10000,0.39896270,s,l,
1526956935.0657,8303.30000,0.01470000,s,l,
1526924789.1827,8396.70000,0.01350022,s,m,
1527023095.3339,8089.40000,1.32956930,s,l,
1526990329.3032,8205.30000,0.00220000,s,l,
1526990332.6354,8205.30000,0.05680201,s,l,
1526998422.4205,8218.50000,0.01000000,s,m,
1526990336.357,8205.30000,0.13117246,s,l,
1526996125.9222,8224.70000,0.77000000,b,l,
1526934443.0339,8395.30000,0.50000000,b,m,
1527023108.9902,8086.40000,0.09050000,b,l,
1526990343.992,8205.30000,0.50511189,s,l,
1526990344.0432,8205.30000,0.04904386,s,l,
1526990345.8034,8205.10000,0.30691138,s,l,
1527027287.0617,8088.00000,0.20000000,b,m,
1526990348.6719,8205.10000,0.01507739,s,l,
1526957581.4836,8291.00000,0.02220000,s,l,
1526986892.5368,8263.30000,1.00000000,b,m,
1526990352.8975,8205.30000,0.04492536,s,l,
1526990353.04,8205.00000,0.26748341,s,l,
1526924818.9382,8396.80000,0.00375821,b,l,
1527023123.1215,8086.50000,0.34524466,b,l,
1527023124.2313,8086.50000,0.02761349,b,l,
1526978137.4784,8312.20000,0.25222729,b,l,
1526953025.7702,8261.30000,0.52700000,s,m,
1527030472.6947,8009.30000,0.03938848,b,l,
1526990364.2065,8208.00000,0.31780253,s,l,
1526990365.4796,8209.80000,0.03450000,b,l,
1526940199.7901,8372.40000,0.01792378,b,l,
1527023135.8539,8083.10000,0.15000000,s,m,
1527023136.466,8084.20000,0.00300000,b,l,
1526924833.3264,8396.50000,0.08381413,b,l,
1526957882.7824,8296.20000,0.00921356,b,l,
1527023142.3943,8086.60000,0.10000000,s,m,
1526990377.5418,8209.70000,0.31816863,s,l,
1527023147.4133,8083.10000,0.24000000,s,l,
1526998602.183,8212.20000,1.00000000,s,m,
1526990382.0242,8209.70000,1.00000000,s,l,
1526925781.1334,8326.80000,0.63136922,s,l,
1527024981.1992,8097.00000,0.09922804,s,l,
1527023158.2795,8088.90000,1.00000000,b,m,
1526990393.6847,8209.50000,0.18329179,s,l,
1526941945.0411,8377.30000,0.10000000,s,m,
1527023163.6362,8078.80000,0.01312000,s,m,
1526969325.5455,8309.40000,0.19504181,b,m,
1526990398.5811,8205.20000,0.00735851,s,l,
1526999989.3446,8240.20000,0.00728138,s,m,
1526990403.203,8205.30000,1.00000000,b,l,
1527023172.6958,8086.40000,0.00370000,b,l,
1527017669.1081,8152.50000,0.07922303,b,l,
1526990411.3658,8209.50000,0.01000000,b,m,
1526990413.0305,8206.90000,0.00100000,s,m,
1526957646.8227,8294.70000,0.09922016,s,l,
1527024047.4157,8052.00000,0.00369235,s,l,
1526957648.4515,8290.80000,0.01741145,b,l,
1527023185.9226,8086.40000,1.67937707,b,m,
1526990418.3317,8209.50000,0.01200000,b,l,
1527023192.6904,8086.30000,0.01009295,b,m,
1526924889.8982,8393.50000,0.20610000,s,l,
1527021839.9341,8180.00000,0.10000000,s,l,
1527018024.5915,8150.00000,0.16649279,b,l,
1527023199.3842,8079.40000,0.19000000,s,m,
1527030492.7579,8025.00000,0.15219398,b,m,
1526988768.6196,8220.10000,0.58872275,s,l,
1527017773.227,8143.00000,0.29928173,s,m,
1527023212.9663,8079.40000,0.10000000,b,m,
1526924910.0955,8391.60000,0.05955590,s,m,
1527023218.6452,8079.10000,1.99800997,s,m,
1527021843.8707,8169.00000,0.10380400,s,l,
1526990452.9742,8206.00000,0.00030000,s,l,
1527023223.8293,8075.10000,0.55000000,s,m,
1527023224.3663,8075.10000,0.00050000,s,m,
1527023226.8998,8079.30000,0.01015128,b,l,
1526988778.8293,8220.00000,0.20700000,s,m,
1527000000.3134,8247.70000,0.11981442,b,l,
1526990466.5916,8209.50000,0.21089168,b,l,
1526991046.359,8201.00000,0.03015908,s,l,
1526990468.0621,8209.50000,0.00500000,b,l,
1527023237.1842,8075.30000,0.30000000,s,l,
1527008223.9881,8213.10000,0.07210000,s,l,
1527023239.065,8079.40000,0.02690000,b,l,
1527020405.2334,8164.40000,0.01750000,s,m,
1527023245.665,8079.40000,0.00297487,b,l,
1527023246.8846,8076.20000,0.16900622,s,l,
1527023247.1415,8075.40000,0.13969378,s,l,
1527023248.2546,8076.30000,0.02430000,s,l,
1527023249.3291,8076.30000,0.27570000,b,l,
1527023250.2275,8079.30000,0.00245189,b,m,
1526990490.136,8209.50000,0.06142000,b,l,
1527023260.7811,8078.70000,0.25000000,s,m,
1526990496.9335,8208.80000,0.00230000,s,l,
1527023269.3986,8079.20000,0.25239354,s,l,
1527022533.2741,8100.00000,0.06148148,s,l,
1526924967.1919,8392.40000,0.02640000,s,l,
1527023273.6901,8078.70000,2.00000000,s,l,
1527023274.5286,8078.70000,2.12030000,s,l,
1527023276.5453,8079.80000,0.01395073,b,l,
1526988791.0189,8205.00000,0.20004963,s,m,
1526925770.6731,8330.80000,0.08000000,s,l,
1526990512.6024,8209.50000,0.43064188,b,l,
1526924977.8629,8392.70000,0.03350000,s,l,
1527023285.7636,8080.30000,0.00220000,s,l,
1526990518.7107,8212.90000,0.78366000,b,l,
1526924983.2231,8392.70000,0.16180000,s,l,
1527023288.899,8080.40000,0.00205534,b,l,
1526924986.9457,8393.50000,0.00292964,b,m,
1526990523.3,8212.80000,0.15000000,s,l,
1526924988.247,8391.60000,0.04540000,s,l,
1527027317.5686,8087.90000,0.18874773,s,l,
1526924995.645,8390.10000,0.01400000,s,l,
1527028757.6021,7987.00000,0.16531912,s,l,
1527027318.3468,8087.90000,0.23230000,s,l,
1526924999.7972,8390.20000,0.01490000,s,l,
1526925000.2415,8390.20000,0.02360000,s,l,
1527023305.1104,8077.20000,0.04873329,s,m,
1526925002.2374,8390.10000,0.23895000,s,l,
1527023307.5166,8080.90000,0.05000000,b,l,
1526954760.9549,8267.10000,0.85650000,s,m,
1526925008.3738,8390.10000,0.04430000,s,l,
1526957784.1611,8303.10000,0.00317277,b,m,
1526925021.1236,8390.10000,0.70000000,s,m,
1526983130.2068,8248.00000,1.00000000,b,m,
1526952725.3075,8280.30000,0.03000000,s,m,
1526956326.5864,8295.50000,0.06201470,s,l,
1527023335.8288,8078.00000,1.85689000,s,m,
1527023336.0974,8078.00000,0.80000000,s,m,
1527004953.0087,8229.30000,0.06000000,s,m,
1526954619.6688,8274.20000,0.27264900,b,m,
1526926864.349,8334.10000,0.10000000,b,m,
1527023343.5401,8075.40000,0.01722703,b,l,
1527023346.1714,8077.40000,0.04000000,s,m,
1526957812.2313,8301.90000,0.50000000,b,m,
1526925049.4099,8393.30000,0.13809236,b,m,
1526925301.0774,8383.30000,0.01103066,b,m,
1527023357.9662,8087.00000,0.00300000,b,m,
1526990593.3937,8211.00000,0.99211246,b,l,
1526990598.5261,8212.90000,0.21465210,b,l,
1526990602.2224,8212.90000,0.01004790,s,l,
1526928516.949,8350.30000,0.00508326,b,m,
1526928575.4318,8349.00000,0.08202047,s,m,
1526990608.8024,8209.90000,0.00270000,s,l,
1526986405.7571,8240.40000,0.02890755,s,l,
1526968760.3444,8313.10000,1.00000000,b,l,
1526951489.2421,8314.60000,0.00500000,s,l,
1526978180.389,8319.60000,0.00375322,b,m,
1527016957.5128,8180.00000,1.58118433,s,m,
1526925084.5099,8387.30000,0.19000000,s,m,
1527017234.518,8174.90000,2.17000000,s,l,
1526956336.5015,8294.50000,0.10494751,s,m,
1527023394.0799,8087.00000,0.78740849,b,l,
1526925091.9317,8384.10000,0.00549312,s,m,
1526990629.1558,8210.80000,0.00257561,b,l,
1527023404.1611,8086.90000,0.00828728,b,m,
1526950032.7049,8331.00000,0.08498500,s,m,
1526990639.1951,8210.70000,1.00000000,b,l,
1526990646.431,8210.10000,0.15000000,b,l,
1527023417.6835,8087.00000,0.80406571,b,l,
1526957882.8495,8310.40000,0.01876595,b,l,
1526990651.1195,8209.10000,0.09186664,s,l,
1526990652.7963,8206.00000,0.11178958,s,l,
1526957887.4179,8296.10000,0.09477315,s,l,
1526990656.2873,8205.00000,0.17758489,s,l,
1527023425.3705,8085.40000,0.10000000,s,m,
1526990659.5731,8209.00000,0.06136629,b,l,
1526940986.2022,8386.00000,0.73970000,b,l,
1527023434.1119,8087.00000,0.00600000,b,l,
1526990667.8273,8205.00000,0.60563076,s,l,
1526960162.947,8326.80000,0.09320000,s,l,
1527023439.8842,8087.00000,0.12580000,b,l,
1526990673.7232,8205.10000,0.06500000,b,l,
1527019340.2114,8175.50000,2.77290000,s,m,
1526957907.2563,8293.00000,0.00121817,s,m,
1527023446.6032,8086.00000,0.10000000,s,m,
1527023447.8263,8087.00000,0.65072721,b,l,
1527005029.7811,8229.30000,0.01405677,s,l,
1527023449.1571,8085.40000,0.19948476,s,m,
1526925147.0008,8383.80000,0.13120000,s,l,
1527003349.2973,8230.90000,2.40000000,s,l,
1527023457.6431,8087.00000,0.20000000,b,m,
1526990690.9443,8205.20000,0.75286786,s,l,
1527023459.16,8087.00000,0.25000000,b,l,
1526952740.894,8275.10000,0.00291423,s,m,
1526990693.9603,8205.00000,4.18600000,s,l,
1526990698.2215,8205.00000,0.00423356,s,l,
1526991083.7424,8190.00000,0.00000335,s,m,
1526979119.8124,8293.80000,1.00000000,s,l,
1526978195.8493,8320.80000,0.07863763,b,l,
1526949093.4425,8390.00000,0.01523830,s,m,
1526990712.8941,8205.00000,0.31884322,s,l,
1526990714.3796,8205.00000,0.22490000,s,l,
1526990715.5993,8205.00000,0.01030000,s,l,
1527023484.6021,8091.90000,0.00455723,b,m,
1527023485.2611,8092.00000,0.01000000,b,m,
1526990718.3584,8205.00000,0.10780000,s,l,
1526990720.3058,8205.00000,0.00641923,s,l,
1526925185.136,8383.50000,0.04771049,b,l,
1527023490.4566,8093.80000,0.06440000,b,l,
1527016427.9356,8213.00000,0.00374000,b,m,
1527023495.9408,8093.80000,0.10000000,b,m,
1526990730.6346,8205.00000,0.10459077,s,l,
1526994583.4256,8196.50000,0.70921810,b,l,
1526988783.5181,8220.00000,0.89945403,s,l,
1527030605.7868,8011.30000,2.00000000,s,m,
1526990734.4564,8205.00000,0.00298966,s,l,
1527023503.8609,8093.80000,0.05000000,b,m,
1526991069.5014,8200.00000,0.02911357,s,l,
1527016961.6866,8180.00000,0.05985147,s,m,
1526957974.0936,8303.70000,0.48198200,b,m,
1526957975.2554,8294.00000,1.00000000,b,l,
1527023518.2059,8093.00000,0.00001470,b,m,
1527023519.954,8091.90000,0.00100000,s,m,
1526957988.9654,8295.50000,0.00500000,b,m,
1527031347.0375,8036.90000,1.83980609,b,m,
1527028641.4661,8060.80000,0.05790000,b,m,
1527023531.3172,8093.00000,0.07000000,b,m,
1526990764.3305,8205.00000,0.01110000,s,l,
1527023534.5141,8093.00000,0.03587784,b,m,
1527023538.6037,8093.00000,0.01047784,b,m,
1527028757.5195,8000.00000,0.07317000,s,l,
1526990774.9697,8205.00000,0.08790000,s,l,
1526990775.4566,8205.50000,0.04040000,s,l,
1526967492.975,8299.90000,0.01908880,b,m,
1527023546.8985,8092.00000,0.01210000,b,l,
1526990779.1935,8206.80000,1.00000000,s,l,
1527005514.6976,8229.50000,0.14051468,s,l,
1526979864.0857,8236.90000,0.00737657,s,m,
1527023554.4625,8092.00000,0.00200000,b,m,
1526925252.2053,8380.10000,0.07159000,s,m,
1527023558.1528,8092.00000,0.03076979,b,l,
1527023559.8669,8086.30000,0.11310940,s,l,
1526972748.705,8310.50000,0.05000000,s,m,
1527023562.9875,8093.70000,0.09194610,b,l,
1527023566.5115,8093.00000,0.01263029,s,l,
1527023568.272,8093.80000,0.06261856,b,l,
1527023569.4494,8086.00000,1.50000000,s,m,
1526925770.5818,8325.00000,0.25000000,s,m,
1526958039.5748,8295.30000,0.05220000,s,l,
1526990808.5454,8206.50000,0.00000001,b,m,
1527025746.7205,8071.80000,0.02377005,b,m,
1527023578.6056,8093.70000,0.42893021,b,m,
1526958044.2361,8295.30000,0.89490852,s,l,
1526990813.4602,8206.00000,1.00000000,s,m,
1526958048.6095,8295.30000,1.05289148,s,l,
1526978624.7314,8316.20000,0.10000000,b,m,
1526952587.3389,8300.00000,1.88280000,s,l,
1526955696.169,8285.00000,0.24700000,s,m,
1527017890.4364,8150.00000,0.00214329,b,l,
1527030472.6871,8009.30000,0.09832630,b,l,
1526958058.8941,8291.40000,1.08825280,s,l,
1526958059.0455,8291.40000,3.50000000,s,l,
1526958062.5489,8291.40000,2.80651720,s,l,
1527023599.2621,8085.40000,0.00206135,s,l,
1526931856.8411,8387.70000,0.02839297,s,l,
1526989139.6384,8216.50000,0.00213347,s,m,
1526925301.0826,8383.50000,0.13127306,b,m,
1526923604.9182,8400.00000,0.66663000,b,l,
1526957342.8696,8299.50000,1.00000000,b,l,
1527016447.435,8212.80000,0.00260000,s,l,
1527001494.0418,8214.20000,2.33500000,s,m,
1527023621.7209,8091.90000,0.07582829,b,l,
1526950406.7623,8342.60000,0.96892305,s,m,
1526990778.7187,8206.60000,0.25000000,s,l,
1527023634.5382,8085.40000,0.06981847,s,m,
1527023635.4445,8093.50000,0.07705591,b,l,
1526990868.1135,8205.30000,0.00595365,b,l,
1527023637.7392,8085.40000,0.17201834,s,m,
1527023641.275,8085.40000,0.26110000,s,l,
1527023642.4257,8085.40000,0.02457500,s,l,
1527023643.3335,8085.60000,0.00568575,b,m,
1526923937.6496,8408.90000,0.05990892,b,m,
1526990879.2524,8213.60000,0.00455726,b,m,
1527012653.1641,8184.00000,0.16666538,b,l,
1526976594.4439,8303.90000,0.00710000,s,m,
1527023653.9012,8085.40000,0.02066194,s,l,
1526990888.4141,8208.20000,0.02000000,b,m,
1526992817.4749,8176.40000,4.13000000,b,m,
1526948716.8179,8402.70000,0.30428891,s,l,
1527023661.0447,8085.40000,0.00184402,s,m,
1526990899.5052,8208.10000,0.22902664,b,l,
1527023669.797,8085.40000,0.01094652,s,l,
1526935105.9396,8439.70000,0.05000000,b,m,
1527013982.7608,8196.70000,0.58793715,s,m,
1526958140.9931,8291.50000,0.04221000,s,m,
1526958141.0212,8290.80000,0.00184286,s,m,
1527023681.0708,8085.40000,0.04460000,s,l,
1526951499.7754,8301.00000,0.08000000,s,m,
1527023686.4409,8085.40000,0.27500000,s,l,
1527016967.5165,8180.00000,4.52118433,s,l,
1526949317.5057,8385.50000,0.05595000,s,m,
1526925389.2414,8377.00000,0.00816687,b,l,
1526958161.2736,8290.90000,0.00100000,s,m,
1526997327.4714,8230.40000,0.10000000,b,l,
1526972771.1141,8310.40000,0.26640227,s,m,
1527023700.0637,8085.40000,0.00597623,s,l,
1526990933.8181,8205.00000,0.01000000,s,m,
1527029598.1906,7938.40000,2.00000000,s,m,
1526994617.1352,8188.80000,0.40000000,s,l,
1526956388.5545,8295.00000,0.01000000,b,m,
1527023709.3264,8088.60000,0.00660000,b,m,
1527023711.402,8085.40000,0.01290000,s,l,
1527030518.0376,8040.80000,0.00438233,b,m,
1526925410.6065,8379.40000,0.00730614,b,l,
1527023719.801,8088.30000,0.13000000,b,m,
1526990954.2733,8205.00000,0.00530000,s,l,
1527023723.8419,8085.40000,0.23468508,s,m,
1526958191.9178,8291.00000,0.03705846,b,m,
1526990960.629,8205.00000,0.08808555,s,l,
1526990961.0974,8205.00000,0.14980000,s,l,
1527023730.1907,8088.10000,0.00090620,b,m,
1526990968.7863,8205.00000,9.00000000,s,m,
1526993164.9358,8152.20000,0.00969989,b,l,
1526927496.3901,8350.30000,0.07500000,b,m,
1527028584.8656,8067.10000,0.97900622,b,l,
1527023741.9818,8075.00000,0.00003425,s,m,
1527023743.8074,8084.90000,0.03433600,b,l,
1526958208.7124,8291.00000,0.41270652,s,m,
1526925441.4565,8379.60000,0.16736381,b,m,
1526950410.5992,8335.30000,0.18711317,b,l,
1526990981.5122,8205.00000,0.09514780,s,l,
1526990982.0384,8205.00000,0.03675797,s,l,
1526990983.7048,8205.00000,0.22480000,s,l,
1526990987.4724,8205.10000,0.25000000,b,l,
1526990988.3051,8205.00000,0.03575064,s,l,
1526928516.9465,8350.30000,0.00505682,b,m,
1527023758.3723,8075.00000,0.01213680,s,l,
1526974028.0515,8318.10000,0.87320000,s,l,
1527015247.5648,8204.40000,1.00000000,s,l,
1526991003.7392,8205.00000,0.06579750,s,l,
1526991004.0454,8205.00000,0.12248652,s,l,
1526991006.1716,8205.00000,0.06571165,s,l,
1527023775.4738,8075.00000,0.08840000,s,l,
1527023778.3054,8075.00000,1.28226149,s,l,
1527023779.5153,8075.00000,0.80542398,s,l,
1527023780.071,8075.00000,1.00000000,s,l,
1526991014.4678,8205.00000,0.02900000,s,l,
1526991016.5229,8205.10000,0.21615191,s,l,
1526991017.7206,8205.00000,0.01833382,s,l,
1527023787.0987,8070.20000,0.05500000,s,l,
1527019447.857,8176.20000,0.07500000,s,l,
1527023790.0753,8065.00000,0.10000000,s,l,
1527023792.0451,8060.00000,0.11722396,s,l,
1527023793.4138,8059.00000,0.00497512,s,m,
1527017595.8135,8164.10000,1.00000000,s,l,
1526991027.8135,8205.00000,0.05000000,s,l,
1526991028.3058,8205.00000,0.22500000,s,l,
1526991029.066,8205.00000,0.02488938,s,l,
1527023798.2587,8059.80000,0.01214166,s,l,
1526991031.6612,8205.00000,0.00696670,s,l,
1527023800.4005,8059.00000,1.07237467,s,m,
1526991033.7243,8205.00000,0.15324756,s,l,
1527023804.498,8058.00000,1.39288322,s,l,
1526991037.517,8204.00000,0.08402674,s,l,
1526991038.1788,8204.00000,0.08290000,s,l,
1526991039.8506,8204.00000,0.21765732,s,l,
1527023811.4749,8055.20000,0.30000000,s,l,
1527023812.3544,8055.90000,0.10720000,s,l,
1526991046.3551,8201.00000,0.03000000,s,l,
1527028757.7375,7973.60000,0.11968881,s,m,
1526991048.893,8201.00000,0.00500000,s,l,
1526991050.1731,8200.70000,0.22510000,s,l,
1526979873.3409,8247.00000,0.50977432,b,l,
1527023823.0624,8056.00000,0.01080700,b,l,
1526991056.4668,8200.70000,0.18950000,s,l,
1526991058.3757,8200.70000,0.22500000,s,l,
1526991059.9718,8200.70000,0.12666818,s,l,
1527022501.6373,8133.30000,0.63793298,s,m,
1527023831.4541,8060.30000,0.00562760,s,l,
1526991064.4559,8200.00000,0.00650000,s,m,
1526934564.0421,8399.70000,0.02287476,s,m,
1526958298.0445,8293.50000,0.19000000,s,m,
1526991068.1208,8200.00000,0.14770000,s,l,
1527023837.676,8060.00000,0.04286827,b,l,
1527023838.8106,8060.00000,0.54707574,b,l,
1526991071.8078,8200.00000,0.05652059,s,l,
1527023842.8808,8055.10000,0.01470000,s,l,
1526991075.7584,8200.00000,0.07180000,s,l,
1526991076.9575,8200.00000,0.18262418,s,l,
1526991080.1038,8196.00000,0.02609000,s,l,
1526956412.2273,8295.00000,0.00621470,b,l,
1527023850.3978,8055.10000,0.22000000,s,l,
1526991083.6977,8190.00000,0.00000096,s,m,
1527023853.8858,8052.10000,0.00628685,b,l,
1526991086.9056,8190.00000,2.40000000,s,l,
1526991087.8362,8190.00000,3.84893980,s,l,
1527023856.3678,8052.10000,0.67243091,b,l,
1526991089.0172,8190.00000,0.02491554,s,l,
1526991090.7463,8190.00000,0.10892712,s,l,
1526991091.7493,8190.00000,2.06647069,s,l,
1526991092.1037,8190.00000,0.13700000,s,l,
1526991093.9402,8190.00000,0.58239293,s,l,
1526991094.0016,8190.00000,0.70637327,s,l,
1526991095.3294,8190.00000,0.07297439,s,l,
1526982103.3819,8250.00000,0.05746096,s,l,
1526991097.2926,8190.00000,0.10003505,s,l,
1526991098.4347,8190.00000,0.38825011,s,l,
1526991099.0302,8190.00000,0.02953453,s,l,
1526991100.9958,8190.00000,0.49942641,s,l,
1526991101.0912,8190.00000,1.22858305,s,l,
1526991102.2575,8189.00000,0.12500000,s,l,
1526991103.2382,8180.00000,1.00000000,s,l,
1527023872.8482,8052.20000,0.62780000,s,l,
1527023873.0644,8051.80000,1.64020000,s,l,
1526991106.3605,8177.00000,0.33601631,s,l,
1527023876.4674,8051.70000,1.00000000,b,l,
1527023879.3154,8051.70000,0.06000000,b,l,
1526991112.2522,8176.10000,0.05398369,s,l,
1526991113.1671,8175.00000,0.20000000,s,l,
1526991116.7744,8175.00000,0.02607046,s,l,
1526991117.8837,8175.00000,0.09262877,s,l,
1526991118.227,8175.00000,0.00437841,s,l,
1527023887.8178,8052.10000,3.88600000,b,l,
1526991120.3628,8175.00000,1.10169873,s,l,
1526991123.5737,8175.00000,0.27609287,s,l,
1527015928.8899,8219.70000,1.00000000,s,l,
1526991125.2035,8175.00000,0.00331922,s,l,
1526991126.8925,8175.00000,0.51837676,s,l,
1526991127.1064,8175.00000,0.83543839,s,l,
1526991128.2072,8175.00000,0.25733415,s,l,
1526991132.4073,8175.00000,0.16140596,s,l,
1526991133.7413,8175.00000,0.07765291,s,l,
1526991134.2307,8175.00000,0.01603378,s,l,
1526991135.421,8175.00000,0.01885424,s,l,
1526991136.0953,8175.00000,0.22090000,s,l,
1526991137.2567,8175.00000,0.44283863,s,l,
1526991139.6884,8175.00000,4.98350173,s,l,
1526925605.1418,8376.90000,0.00500000,s,m,
1526991142.6034,8174.30000,0.00338892,s,l,
1527023911.1824,8052.50000,0.19000000,s,m,
1526991144.2352,8174.30000,0.04333030,s,m,
1526991145.0557,8174.30000,0.07401292,s,l,
1526991146.6899,8174.30000,0.08242197,s,l,
1526991147.2102,8174.30000,0.01742235,s,l,
1526991149.2493,8171.00000,0.01119090,s,m,
1526925616.5693,8374.60000,0.07105592,s,l,
1526991153.8812,8173.40000,0.37375431,b,m,
1526991154.6753,8173.40000,0.05000000,b,l,
1526991155.2305,8171.10000,0.02508190,s,l,
1526925620.3387,8370.50000,3.79500000,s,l,
1527023926.5856,8052.60000,0.62094831,s,l,
1526940041.3816,8382.90000,0.05167661,b,l,
1526925625.0242,8374.70000,0.00500000,s,m,
1526991162.6299,8172.20000,0.00863230,b,l,
1526991163.7027,8173.20000,0.23500000,s,l,
1527023932.0368,8054.00000,0.06000000,b,l,
1526991165.9797,8174.50000,0.21615191,b,l,
1526925630.3262,8375.40000,0.01260064,b,m,
1527023935.9068,8054.00000,0.05000000,b,l,
1526925632.598,8374.70000,0.32089893,s,l,
1526994656.2371,8188.80000,0.00127049,s,m,
1526991171.5698,8176.00000,2.22216897,b,l,
1526991173.3437,8175.90000,0.43947610,s,l,
1526991174.4515,8179.90000,0.71980000,b,l,
1526961889.4051,8317.30000,0.03227604,b,l,
1526925640.6591,8372.40000,1.30000000,s,m,
1526925641.5703,8374.80000,0.03847181,b,m,
1526993233.9203,8151.00000,0.01000000,b,m,
1526929122.9213,8345.00000,0.00000037,s,l,
1526991182.1887,8183.30000,0.01900000,s,l,
1527023952.6028,8054.00000,0.05044901,b,l,
1527023956.1704,8054.00000,0.74184049,b,l,
1527000291.486,8240.00000,0.05274401,s,m,
1526925654.1069,8374.80000,1.00000000,b,l,
1526991195.0009,8186.60000,0.05000000,b,m,
1527023964.1221,8060.70000,0.00202619,b,l,
1526934194.971,8389.50000,0.20000000,b,m,
1526991200.0468,8180.00000,0.01000000,s,l,
1527030472.8184,8009.30000,0.14974437,b,l,
1526925668.7309,8370.70000,1.00000000,b,l,
1527011978.1994,8211.00000,0.00472304,s,l,
1527023978.8194,8062.70000,0.01232984,b,l,
1527023979.7758,8062.70000,0.19000000,b,l,
1527023980.555,8062.70000,0.50509811,b,l,
1526935142.6892,8421.00000,0.05000000,b,m,
1526991215.3573,8177.40000,0.00733730,s,l,
1527023984.8818,8052.90000,0.20000000,s,m,
1527023986.1668,8052.90000,0.00790000,s,l,
1527023989.4675,8052.80000,0.02117670,s,m,
1526935093.2921,8425.80000,0.01000000,b,m,
1527028716.8325,8045.00000,0.04256625,s,m,
1527023996.9317,8052.80000,0.34067670,s,l,
1526925695.441,8367.70000,0.15000000,s,m,
1526991232.4069,8185.90000,0.01400000,b,l,
1526938459.7943,8402.50000,0.16694815,s,m,
1526925699.9992,8359.10000,0.08916468,s,m,
1526925700.141,8350.00000,1.00000000,s,m,
1526978788.4654,8315.50000,0.00500000,b,l,
1526925705.7793,8356.40000,0.04000000,s,l,
1527024012.7024,8052.80000,0.00353065,b,l,
1526950978.8399,8327.00000,0.01100466,s,l,
1526956440.1417,8291.40000,1.00000000,s,l,
1527024021.5859,8052.80000,0.03646935,b,m,
1527024022.5946,8060.70000,0.01130918,b,l,
1527024024.894,8051.00000,0.00250004,s,l,
1526987626.0828,8244.10000,2.42300000,s,m,
1527024031.4329,8062.00000,0.00266347,b,l,
1526925730.071,8356.40000,3.26031710,s,m,
1526925733.7817,8355.90000,0.38000000,s,m,
1526925734.9791,8355.90000,0.05800000,s,m,
1526988529.1955,8236.00000,0.05330135,s,l,
1527024046.9483,8052.80000,0.01200000,s,l,
1527024047.4187,8051.30000,0.01606417,s,l,
1527008250.0119,8214.30000,0.05756707,s,l,
1526949807.5155,8386.00000,0.49716072,s,l,
1526991293.4781,8189.70000,0.34448928,s,l,
1526925759.7756,8352.90000,0.10000000,s,m,
1527024064.984,8060.40000,0.10000000,b,m,
1527024065.0027,8050.00000,0.02000000,s,m,
1526925762.8791,8347.90000,0.20000000,s,m,
1526991299.0424,8180.00000,0.00000096,s,m,
1527022533.3736,8086.80000,7.33916565,s,l,
1526925766.9939,8348.00000,0.48903943,s,l,
1526925767.177,8348.00000,0.01787692,s,l,
1526925768.0904,8336.30000,4.59600000,s,m,
1526958537.1951,8293.40000,0.01231358,s,l,
1526925770.5098,8325.90000,0.01500000,s,m,
1526991307.0979,8181.00000,0.00962823,s,l,
1526925772.2424,8326.70000,0.02500000,s,m,
1526925774.5038,8336.80000,0.00080000,s,m,
1526925775.2108,8320.00000,1.00000000,s,m,
1526925777.678,8322.60000,0.05070000,b,l,
1526925778.8577,8330.10000,1.00000000,b,l,
1526925779.5065,8328.50000,1.00000000,s,l,
1526925781.1372,8322.60000,0.05070000,s,l,
1526925782.5833,8320.90000,0.17340000,b,l,
1526925784.1633,8311.30000,0.02553211,s,l,
1526925785.9337,8321.40000,0.01195668,b,l,
1526925786.3235,8318.00000,0.49998684,s,m,
1526925787.1892,8327.30000,1.80000000,b,m,
1526925788.4851,8311.40000,0.13519682,s,m,
1526925790.1224,8320.90000,0.00660900,b,m,
1526925791.0179,8320.90000,0.01730000,b,l,
1526925792.2929,8320.90000,0.12409100,b,l,
1526925793.834,8320.90000,0.21252161,b,m,
1526952741.1964,8265.00000,0.99780483,s,m,
1526925795.6534,8311.70000,0.12260000,b,l,
1526925796.1899,8311.60000,0.71538683,s,l,
1527024101.6483,8058.80000,0.01498763,b,l,
1526991337.5804,8181.00000,4.18600000,s,l,
1526925803.3421,8314.80000,0.04300000,b,m,
1526925805.3888,8296.20000,0.06000000,s,m,
1526925806.3511,8300.00000,1.00000000,b,l,
1526925808.5127,8300.00000,0.50000000,b,l,
1526925809.7753,8311.00000,0.02000000,b,m,
1526925810.3754,8300.00000,0.05600000,s,m,
1526931913.6223,8383.40000,0.01000000,s,l,
1526925814.5693,8307.00000,0.01870000,s,m,
1526925816.8617,8309.30000,0.04000000,s,m,
1526950032.5381,8360.00000,5.00000000,s,m,
1526925818.2732,8310.50000,0.00172009,b,l,
1526991357.3717,8181.00000,0.14218868,s,l,
1526925822.9787,8303.60000,0.00500000,s,m,
1526936238.2728,8401.00000,0.53838648,s,m,
1526952605.2156,8299.90000,0.91380000,b,m,
1526925825.8787,8303.60000,1.00000000,s,m,
1526991362.0315,8181.00000,0.02154011,s,l,
1526925828.8119,8304.20000,0.50000000,s,m,
1526991365.9974,8181.10000,0.01955100,b,m,
1526925831.8586,8309.00000,0.12000000,b,l,
1526991368.0429,8181.10000,0.07401450,b,m,
1526925836.7243,8308.90000,0.00936114,s,m,
1526956970.8372,8306.70000,0.01070880,s,l,
1527024145.9278,8058.00000,0.00884678,b,l,
1526991378.3212,8181.10000,1.20000000,b,m,
1526982844.5171,8221.90000,0.10000000,s,m,
1526925847.0754,8319.00000,0.04000000,b,m,
1526925848.9179,8316.00000,0.50000000,s,m,
1526957882.8356,8306.50000,2.70000000,b,l,
1526925850.5471,8317.90000,0.06400000,b,l,
1526925851.1782,8326.10000,0.12854640,b,l,
1526991389.9193,8182.70000,0.00865598,b,l,
1526929157.3862,8347.30000,0.58000000,b,l,
1526957882.8039,8300.60000,1.00000000,b,l,
1526925859.3217,8331.00000,0.05993525,b,l,
1526925860.1068,8331.00000,0.00100000,b,m,
1526925861.7677,8331.00000,0.00584440,b,l,
1526925862.4229,8331.00000,0.15687905,b,l,
1527024167.4809,8057.70000,0.06000000,s,m,
1527017687.986,8152.60000,0.00200000,s,l,
1527023818.8135,8056.00000,0.04472097,s,l,
1527008446.6404,8205.80000,2.11060067,s,m,
1526925875.3479,8340.30000,0.00200000,b,m,
1527022726.9402,8100.20000,0.49970875,s,l,
1526925878.8646,8340.20000,0.10000000,s,m,
1527024183.9311,8057.60000,0.01300000,b,l,
1526925885.835,8340.80000,0.00488594,s,l,
1526925886.3926,8341.00000,0.00213679,b,l,
1527024191.5219,8056.10000,0.00200000,s,l,
1527026804.1122,8083.90000,0.06026409,b,l,
1526950425.5484,8330.10000,0.17910000,s,l,
1527024200.0947,8053.20000,0.00915637,b,l,
1526949808.681,8386.00000,0.13518269,s,l,
1527024202.9867,8056.20000,0.05555000,b,l,
1527024203.5797,8053.80000,0.59084244,s,l,
1526930790.6355,8371.50000,0.00111356,b,l,
1526983778.9435,8245.00000,0.00000001,b,l,
1527024209.3804,8050.00000,1.50000000,s,l,
1527024210.3103,8050.90000,0.50000000,b,m,
1526925907.2658,8340.90000,0.19340000,b,l,
1526991445.1241,8182.50000,0.07000000,b,l,
1526925910.6436,8340.90000,0.08300000,b,l,
1527008693.8639,8201.20000,0.20396973,s,l,
1527024217.486,8050.00000,0.20000000,s,m,
1527024218.9468,8050.70000,0.00305456,b,m,
1526925915.4376,8340.80000,0.01800000,s,m,
1526958688.8852,8298.70000,0.04978834,s,l,
1526958689.6364,8298.70000,0.25061960,s,l,
1526958690.9548,8298.70000,0.21509393,s,l,
1526991462.6989,8185.90000,0.00000864,b,m,
1526991464.3465,8186.00000,0.00003850,b,m,
1526958697.4358,8293.60000,0.06661642,s,m,
1527024235.6348,8050.40000,0.06180000,b,l,
1526925934.4197,8341.00000,0.09496178,s,l,
1527028730.1617,8028.00000,0.10000000,s,m,
1527030079.9778,7999.60000,0.66836707,b,m,
1526925941.9676,8342.70000,1.00000000,b,l,
1527025314.891,8088.80000,2.47200000,b,m,
1527024250.252,8050.00000,0.01670000,s,l,
1526925951.7749,8342.80000,0.04000000,b,m,
1526958722.6383,8298.50000,0.02254893,b,l,
1526925955.526,8346.00000,0.93000000,b,m,
1527017086.295,8183.00000,0.01498670,b,l,
1527024271.8449,8052.00000,0.00400000,s,m,
1527030079.9806,7999.60000,0.00459688,b,m,
1527028757.6701,7980.00000,0.65515945,s,m,
1527024277.9549,8052.00000,0.00031781,s,m,
1526958742.8695,8297.90000,0.02000000,b,m,
1526991511.5632,8185.50000,0.00000864,b,l,
1526925979.4758,8342.90000,0.10711943,s,l,
1526991516.2804,8183.00000,0.11828247,s,l,
1526950558.2215,8347.70000,0.06738811,s,m,
1526948281.5562,8400.00000,0.12500000,s,l,
1526983792.1701,8249.80000,2.37726003,b,m,
1527024292.2408,8052.00000,0.01190000,s,l,
1527024293.7049,8057.20000,0.00700000,b,m,
1527022533.5167,8084.00000,0.00205413,s,m,
1526963753.5303,8292.80000,0.01356500,b,m,
1527030472.0951,8009.30000,0.02578209,b,l,
1527024298.3678,8056.90000,0.10794266,b,l,
1526991533.6921,8187.00000,1.99000000,b,l,
1527024303.1375,8057.30000,0.02398675,b,l,
1527024304.0458,8057.30000,0.10328797,b,l,
1527024313.1969,8050.00000,0.10900000,s,l,
1527024315.7269,8057.00000,0.00400000,b,l,
1526932971.8807,8375.00000,0.00104787,s,l,
1526958784.3366,8316.40000,10.51935593,b,l,
1526926017.6407,8345.90000,0.05918804,b,l,
1526958786.3335,8316.40000,0.77700000,s,l,
1526958787.9326,8316.40000,0.89488838,s,l,
1527016566.3537,8204.70000,0.00018730,s,m,
1526922749.4334,8386.60000,2.38000000,s,m,
1526958793.3176,8297.00000,0.00260110,s,l,
1527008122.8693,8215.00000,1.00000000,s,m,
1526991563.7205,8194.30000,0.00000001,b,m,
1527023787.1352,8068.00000,0.10000000,s,m,
1526991565.9739,8192.10000,0.00390000,s,l,
1527024335.3211,8057.30000,7.22960087,b,l,
1526988789.5962,8220.00000,0.73549790,s,l,
1526991571.9808,8192.20000,0.04310000,s,l,
1527024341.3827,8056.80000,0.11907076,s,l,
1526951033.8968,8336.20000,0.06131975,s,m,
1527024344.3305,8057.30000,0.00200000,b,m,
1527024346.8154,8056.80000,0.00500000,s,m,
1526926044.7133,8342.90000,0.01750000,b,m,
1526991583.229,8195.50000,0.03170000,s,l,
1526926050.2424,8342.70000,0.04193000,b,l,
1526930790.65,8371.50000,0.00388644,b,l,
1526926055.0935,8340.90000,0.04243293,s,l,
1526926059.6625,8340.90000,0.20000000,b,m,
1526926062.3732,8338.10000,0.00258152,s,l,
1526991599.989,8196.30000,0.04394419,b,l,
1526991600.0089,8196.40000,0.97900622,b,l,
1526926070.4134,8335.90000,0.02777658,s,m,
1526926071.0172,8335.90000,0.10486408,s,l,
1526991609.5726,8190.00000,0.01210000,s,l,
1526991611.9954,8187.40000,0.01030000,s,l,
1526991614.5522,8188.00000,0.02616279,s,l,
1527021062.4593,8176.10000,0.12500000,s,l,
1526926085.5547,8334.40000,0.03000000,s,m,
1527019517.0966,8170.10000,0.06903027,s,l,
1526926092.4245,8334.20000,0.25000000,s,m,
1526952428.7688,8310.10000,0.17593033,s,l,
1526940120.8731,8377.00000,0.40364869,s,l,
1527017600.2339,8149.90000,0.73636977,b,l,
1526950416.7292,8333.60000,0.02960000,b,l,
1527008262.2747,8214.40000,0.20000000,b,l,
1526926108.8848,8335.20000,0.36486076,b,l,
1526936716.9752,8402.30000,0.02617891,s,m,
1527029025.7917,7985.70000,0.39738844,s,m,
1527024427.9728,8066.00000,0.14077185,b,l,
1527024428.0009,8066.00000,0.03861730,b,m,
1527024431.8894,8058.10000,0.00455723,s,l,
1527030403.8985,7999.70000,0.12788837,b,l,
1526964139.5936,8288.40000,0.06000000,s,l,
1527000625.82,8229.20000,0.00200000,b,l,
1527029898.3032,7980.00000,0.01253132,s,m,
1527017595.8441,8149.90000,0.33620000,s,l,
1526926140.8082,8335.90000,0.04670000,b,l,
1527024449.9264,8068.30000,0.00400000,b,m,
1527015877.7599,8219.70000,0.15000000,b,m,
1527030086.7572,7977.70000,0.16000000,s,m,
1527024456.2611,8070.30000,0.15962043,b,m,
1526936249.5531,8408.10000,0.95000000,b,l,
1526925805.2417,8312.20000,0.31518600,s,l,
1527024459.4363,8070.30000,0.10000000,b,l,
1527020405.2479,8164.40000,0.05330000,s,m,
1527024464.5553,8068.30000,0.09876013,s,m,
1527024465.9256,8070.30000,0.10000000,b,l,
1526991064.4497,8200.00000,0.06574879,s,m,
1527024476.9222,8070.30000,0.00300000,b,m,
1526951963.4638,8310.00000,0.02698698,s,l,
1526926175.2258,8335.70000,0.07000000,b,m,
1526926176.3709,8335.60000,0.09000618,s,l,
1526926177.1874,8335.50000,0.00350000,s,m,
1527027515.8167,8088.00000,0.10000000,b,l,
1526989286.6405,8227.10000,0.76216372,s,l,
1526926182.7993,8335.60000,0.90999382,b,l,
1527024487.0262,8070.30000,0.00200000,s,l,
1526958954.8032,8302.60000,0.71560000,b,l,
1527024491.6102,8075.40000,0.01078484,b,m,
1526982844.5963,8221.00000,0.00751000,s,m,
1527016594.983,8206.10000,0.50000000,b,m,
1527024495.5076,8075.40000,0.08562256,b,m,
1526932352.1802,8379.90000,0.00625998,b,l,
1526926196.3652,8335.80000,0.00364809,b,m,
1526925699.9624,8362.60000,0.00070000,s,m,
1526991734.4577,8199.80000,1.00000000,s,l,
1526991737.7169,8197.40000,0.00477821,s,l,
1526991738.8842,8197.50000,0.13541825,s,l,
1527017773.2588,8143.00000,0.01200000,s,m,
1526958976.5371,8303.00000,1.86186816,b,l,
1527024513.2937,8075.40000,0.01355500,b,l,
1526956336.519,8294.30000,1.00000000,s,m,
1526926216.8445,8335.90000,0.01600000,b,m,
1527024521.8101,8079.90000,0.46014135,b,m,
1526926219.5781,8335.90000,0.09000000,b,m,
1527000628.0912,8229.00000,0.10000000,s,m,
1526926224.5689,8335.90000,0.03300000,b,m,
1527024531.062,8070.50000,0.09319420,b,l,
1527024532.6705,8079.80000,0.09555353,b,m,
1526960469.0881,8318.00000,0.00000001,s,l,
1527020515.343,8170.00000,0.04490655,b,l,
1526961989.5263,8317.20000,2.37551685,s,l,
1526926242.0668,8335.90000,0.06000000,b,m,
1526934684.3541,8398.80000,1.00000000,b,m,
1527022501.6989,8131.60000,0.05000000,s,m,
1527017086.3343,8183.00000,0.01498670,b,l,
1526956532.3514,8295.00000,0.37776763,b,l,
1527024571.4444,8070.30000,0.00639111,s,m,
1526925775.2407,8316.10000,0.01000000,s,m,
1527029026.9166,7996.20000,0.00431021,b,l,
1526959042.8554,8301.70000,0.70160000,b,l,
1526994983.8489,8219.30000,0.06766917,b,m,
1527017086.3277,8183.00000,0.01001330,b,l,
1526959048.239,8301.60000,1.00000000,s,l,
1526926283.1829,8341.10000,0.01690000,b,m,
1527022794.0999,8100.00000,0.00008377,b,m,
1526958976.5231,8301.80000,0.66740000,b,l,
1526926286.8258,8335.80000,0.13900000,s,l,
1526959055.4444,8298.10000,4.60000000,s,m,
1526951075.7068,8337.10000,0.22140000,s,l,
1527024597.2116,8068.80000,0.00000001,s,m,
1526959064.6442,8299.40000,0.24812871,s,l,
1526959065.1608,8299.40000,0.20614530,s,l,
1526940199.3234,8369.00000,0.27201220,s,m,
1526959067.8024,8299.50000,0.09004490,s,l,
1527012633.9773,8183.30000,0.15000000,s,m,
1526959069.0804,8298.20000,0.14826878,s,l,
1527029000.8164,7998.90000,0.00687812,b,m,
1526958697.4574,8290.90000,1.79070000,s,m,
1526925806.0274,8300.00000,0.00500000,b,l,
1527022183.2543,8150.40000,0.00100000,s,m,
1527028757.917,7966.80000,0.00005174,s,m,
1526991855.8034,8191.10000,0.00490000,s,l,
1526978180.3958,8320.90000,0.02262401,b,m,
1527000232.4494,8240.00000,0.01152235,s,l,
1526991858.2591,8191.10000,0.00200460,s,l,
1527027539.7275,8085.00000,0.20920000,s,l,
1526991860.9804,8191.20000,0.00230000,s,l,
1527000233.9015,8240.00000,0.05011188,s,l,
1526926329.1402,8340.70000,0.00500000,s,l,
1526959101.4406,8298.10000,0.00469214,s,l,
1526983851.4429,8250.00000,0.65255297,b,m,
1527024644.6856,8080.20000,2.47400000,b,l,
1526945622.5258,8410.70000,0.04650000,s,l,
1526935089.4659,8410.00000,0.09958669,s,m,
1526959111.206,8298.30000,0.02269772,b,l,
1527029763.321,7985.60000,0.25000000,s,m,
1527024653.5911,8070.30000,0.05620000,s,l,
1526953101.7219,8253.40000,0.00234302,b,m,
1526959119.5655,8301.00000,0.12320000,s,l,
1527022486.5211,8139.50000,0.50621082,s,m,
1526952461.4452,8316.20000,0.19000000,b,m,
1526962009.5297,8313.10000,0.02710725,s,l,
1526951087.9979,8339.00000,0.03333428,s,l,
1526926367.4526,8340.70000,0.03183268,b,l,
1526960261.7196,8319.50000,1.00000000,b,l,
1526959144.8286,8301.60000,4.47031844,b,l,
1526993202.5867,8158.10000,0.01154752,b,m,
1527016427.9282,8213.00000,0.00375000,b,m,
1527020274.0463,8163.80000,0.22992718,b,l,
1526991931.4196,8187.00000,1.70000000,s,m,
1526935166.8771,8429.90000,2.37400000,b,m,
1527016629.0201,8204.30000,0.00300000,b,m,
1526991936.3507,8189.30000,0.47124601,b,l,
1527024708.3269,8084.50000,0.00259000,s,l,
1526926406.594,8339.10000,0.02956047,s,l,
1526989324.4934,8226.30000,0.00056273,s,m,
1526962018.5754,8314.90000,0.02497484,s,l,
1526991952.6923,8191.00000,1.99681192,b,l,
1526951096.9201,8339.00000,0.05995000,s,m,
1526991955.9236,8191.20000,0.08279660,s,l,
1526983182.015,8250.60000,0.00984445,b,l,
1527024728.3143,8084.80000,0.00400207,b,l,
1527002817.9763,8241.90000,0.25227841,s,m,
1526967901.8523,8314.00000,1.28008491,b,m,
1527024735.5358,8090.00000,0.30000000,b,m,
1526982086.6663,8244.20000,0.00000856,b,l,
1526992461.9954,8167.00000,0.00200000,s,m,
1527022576.3807,8095.00000,0.01487220,s,l,
1526972266.9178,8311.50000,0.52128654,s,l,
1526991983.7793,8181.60000,0.21552346,s,l,
1526951102.6152,8339.00000,0.03390000,s,l,
1526951103.7774,8339.00000,3.02632124,s,m,
1526959228.8901,8312.20000,0.02110000,s,l,
1527024767.3649,8089.90000,0.00209577,b,l,
1527024768.4703,8090.00000,0.00618582,b,m,
1527028270.4097,8063.10000,0.11305415,s,m,
1527024770.4605,8090.00000,0.00304988,b,l,
1526992003.6337,8182.50000,0.05985200,b,m,
1526965524.2242,8282.90000,0.07708643,b,l,
1527025754.6545,8071.90000,0.18874773,b,m,
1527024780.9887,8093.80000,0.18874773,b,m,
1527024782.0982,8097.30000,0.50000000,b,m,
1526988790.9643,8214.10000,0.00300000,s,l,
1526951107.9969,8336.40000,0.02400000,b,l,
1526979054.5304,8290.60000,0.00283182,s,m,
1526998615.3525,8225.40000,0.04583746,b,m,
1527028730.2158,8025.00000,0.25492814,s,m,
1527024793.6898,8097.20000,2.47000000,b,m,
1526923802.5591,8408.90000,0.07649985,b,m,
1526962032.4422,8313.10000,0.88512019,s,l,
1526931896.0116,8381.60000,1.09600000,s,m,
1526926502.1212,8339.90000,0.00208991,b,l,
1526992041.0839,8181.60000,0.28720990,s,l,
1526992046.2331,8180.00000,0.00312557,s,l,
1527024820.0727,8099.80000,2.46800000,b,l,
1526997075.6423,8225.70000,0.00200000,s,m,
1527017086.2448,8183.00000,0.01001330,b,l,
1527031347.0336,8036.90000,0.10919391,b,m,
1527024835.6283,8100.00000,0.01074074,s,l,
1526938901.8871,8391.00000,0.00000001,b,l,
1526959303.6879,8312.60000,0.48873893,s,l,
1526926538.9891,8342.00000,0.07460000,b,l,
1526926539.6826,8342.00000,0.08270000,b,l,
1526984657.2477,8250.00000,0.18201284,s,m,
1527016714.395,8196.50000,1.00000000,s,l,
1527006122.2223,8249.00000,0.05000000,b,m,
1526992087.7667,8180.00000,0.11310371,s,l,
1526956580.8765,8306.50000,0.00683000,b,m,
1527022677.9339,8100.80000,0.01000000,s,l,
1526992092.8367,8180.00000,0.10000000,s,m,
1526924260.7774,8399.90000,0.00010000,s,m,
1527024644.7021,8090.00000,3.99999995,b,l,
1526992096.1446,8180.00000,0.20004075,s,l,
1526951120.5245,8335.10000,0.19740000,s,l,
1527022118.4948,8157.20000,0.28665276,b,l,
1526926567.0627,8341.90000,1.00000000,s,m,
1527024872.3543,8092.00000,0.00200000,s,l,
1526981869.2779,8253.60000,0.01222628,b,m,
1526940199.7857,8371.90000,0.00207622,b,l,
1526926574.9355,8342.10000,0.00214866,b,l,
1526959344.1512,8313.30000,0.07910000,s,l,
1527024883.8273,8097.80000,0.03500000,b,m,
1527011198.5898,8221.90000,0.00220000,s,l,
1526951499.8805,8295.00000,0.68012047,s,m,
1527024889.6099,8096.90000,0.01822500,b,l,
1526983182.0082,8250.50000,0.97900622,b,l,
1526926588.5135,8344.50000,0.01682094,b,l,
1527021030.7991,8176.00000,0.00492328,b,l,
1526953086.9486,8250.00000,0.10000000,s,m,
1527024896.1203,8096.80000,1.00000000,b,l,
1527008959.2411,8214.00000,0.20000000,b,l,
1526952835.889,8265.60000,0.03000000,s,m,
1526992466.415,8167.00000,0.18270620,s,l,
1526957887.4291,8296.10000,0.25000000,s,l,
1526926603.0998,8345.00000,0.00366645,b,l,
1526925808.8467,8300.00000,0.76355783,b,l,
1526988789.5863,8220.00000,0.08160000,s,l,
1526926612.7952,8344.90000,0.05888543,b,l,
1526959381.2825,8320.00000,0.60000000,b,l,
1526992155.2829,8183.90000,1.00000000,s,l,
1527024926.6955,8097.10000,0.07540000,s,l,
1526992160.2975,8183.90000,0.20000000,s,l,
1526938447.1657,8402.50000,0.00087942,s,m,
1526992171.0198,8185.30000,1.00000000,s,l,
1526952401.7167,8310.00000,0.01170716,s,l,
1526959409.4013,8320.80000,0.00720000,b,m,
1526984700.7981,8254.40000,0.00859984,b,m,
1526959413.6257,8320.80000,0.12021036,b,l,
1527030472.6973,8009.30000,0.03838506,b,l,
1526926648.7256,8345.00000,0.02373431,b,l,
1526988791.0044,8209.80000,0.00469989,s,m,
1526926653.3941,8345.00000,0.00412100,b,l,
1526922081.6484,8396.20000,0.08642597,b,l,
1527030472.6846,8009.30000,0.16152393,b,l,
1526952650.4938,8298.70000,0.03926920,s,l,
1526926662.473,8345.00000,0.00011177,b,l,
1526992199.9736,8185.60000,0.01351711,b,l,
1526992200.6796,8186.00000,0.48648289,s,l,
1527024970.4402,8098.00000,0.37913505,s,l,
1526975239.1689,8311.10000,0.30778135,s,l,
1526992205.1843,8185.50000,0.05000000,s,m,
1526945677.7903,8411.60000,0.43636368,b,l,
1526992208.2575,8185.50000,0.22540000,s,l,
1527017603.6829,8149.90000,0.73636977,b,l,
1527000291.5828,8234.20000,0.00005211,s,m,
1526992212.1759,8185.70000,0.00360725,b,m,
1527024981.4387,8094.80000,0.08490727,s,l,
1526989369.2725,8229.70000,0.00200000,s,l,
1526926680.7593,8345.90000,0.38184911,b,m,
1526926681.7353,8345.00000,0.10000000,s,l,
1527024989.6336,8098.80000,0.00247016,b,l,
1526951499.8077,8300.00000,0.47108892,s,m,
1526926691.1935,8342.90000,0.05630000,b,l,
1526926694.584,8342.90000,0.94370000,b,l,
1527023723.9061,8080.10000,0.08087460,s,m,
1526992240.6313,8190.00000,0.52810738,s,l,
1526975038.9184,8315.80000,0.00214100,b,m,
1526940632.3755,8382.00000,0.06167261,b,m,
1526983913.1581,8246.50000,0.12432568,b,m,
1526994836.9669,8200.20000,0.00490000,s,l,
1526937359.6373,8401.70000,0.00096400,s,l,
1526925700.0015,8359.10000,0.48840000,s,m,
1527025033.5522,8096.90000,0.47160001,b,m,
1527025034.4405,8089.60000,0.92527638,s,m,
1526926731.0692,8344.20000,0.05630000,b,l,
1527025036.7509,8096.80000,0.06370000,b,l,
1527022146.6295,8150.10000,0.01000000,s,m,
1526926734.5842,8344.20000,0.02660000,b,l,
1526983187.5015,8241.10000,1.00000000,s,l,
1527028757.5008,8000.00000,0.00617000,s,l,
1526953087.0269,8250.00000,0.04193000,s,m,
1526959510.2035,8321.00000,0.09371220,b,m,
1526968760.326,8310.00000,1.00000000,b,l,
1526931701.7561,8379.60000,0.08359691,b,l,
1526991931.3318,8187.10000,0.96870619,s,m,
1526926746.3987,8344.80000,0.01569497,b,l,
1527029443.9824,7974.70000,0.19000000,s,m,
1527025052.778,8097.80000,0.89321000,b,l,
1527015305.1943,8194.80000,0.43900993,s,m,
1527030403.9131,7999.70000,0.70000000,b,l,
1526926754.7499,8344.50000,0.09896897,b,l,
1527027611.5121,8087.90000,0.14920787,b,l,
1527024883.8307,8097.80000,0.05000000,b,m,
1527025064.1544,8096.90000,0.40000000,b,m,
1527025067.742,8088.00000,2.00000000,s,m,
1526950032.7949,8331.00000,0.05000000,s,m,
1527029684.2484,7969.20000,0.00086089,s,m,
1527025075.8575,8096.80000,0.02436395,b,l,
1526959541.1424,8317.40000,0.41270652,s,m,
1527018081.3468,8169.90000,0.12868600,s,m,
1527023792.0271,8060.00000,0.01893937,s,l,
1526925775.2314,8317.60000,0.30814198,s,m,
1526926782.8844,8344.60000,0.81836389,s,l,
1527017598.8119,8149.90000,0.36114344,b,l,
1527025090.0588,8093.00000,0.13500000,s,l,
1527022155.8221,8157.00000,0.67500000,b,l,
1526945013.0294,8413.00000,0.02784288,b,l,
1526934320.9817,8395.20000,0.00200000,s,l,
1526994151.726,8205.00000,0.10000000,b,m,
1527000311.1143,8240.20000,0.00225264,b,m,
1527027618.4919,8088.00000,0.26579286,b,l,
1527031430.3888,8020.00000,0.09465306,s,l,
1526934776.2501,8398.80000,0.22990000,b,l,
1527012189.7576,8189.00000,0.01220000,s,m,
1526925700.0953,8352.20000,0.00511982,s,m,
1527025111.8256,8091.50000,0.04927000,b,m,
1527025119.7437,8081.80000,0.00543682,s,m,
1526960276.9937,8318.00000,0.78674532,s,l,
1526954665.5181,8268.00000,0.22310000,s,l,
1526992357.4882,8184.10000,0.31801136,s,l,
1526959597.0258,8309.20000,0.06000000,s,l,
1527024431.9087,8058.10000,0.05000000,s,l,
1526948274.6261,8402.70000,0.24342933,s,l,
1527023562.9903,8093.80000,0.40042358,b,l,
1526962088.6887,8312.50000,1.00000000,b,l,
1527025138.4876,8081.90000,0.00488601,s,m,
1526959603.0269,8309.10000,0.03150000,s,l,
1527022471.4637,8145.50000,0.35000000,s,m,
1526992376.8111,8184.10000,0.01319571,s,l,
1526926841.98,8344.40000,0.00577147,s,m,
1526926842.002,8327.40000,1.41912231,s,m,
1526992380.1979,8184.10000,0.22550000,s,l,
1527027626.0945,8088.00000,0.48299286,b,l,
1527022165.0683,8143.40000,0.01110000,s,m,
1527017601.9361,8149.90000,0.04491077,b,l,
1526994859.9597,8209.60000,0.00300000,b,m,
1527025159.7195,8089.60000,0.01416226,b,l,
1526959624.1351,8316.70000,2.40500000,b,l,
1526926857.6244,8332.30000,0.21620000,b,l,
1526926858.2542,8332.30000,0.08860000,b,l,
1526926859.3581,8332.30000,0.21620000,b,l,
1526926860.0824,8332.30000,0.47900000,b,l,
1526925768.0529,8340.00000,0.03257589,s,m,
1527022533.4155,8084.00000,0.10000000,s,m,
1526992400.9752,8184.10000,0.22560000,s,l,
1526957502.161,8296.00000,1.00000000,s,l,
1526992402.9355,8184.10000,0.64377064,s,l,
1526992403.0291,8184.10000,0.57123836,s,l,
1526992407.7108,8184.10000,0.04350000,s,l,
1526992408.2525,8184.10000,0.14037582,s,l,
1527025179.2923,8081.80000,0.99540000,s,m,
1527022170.3118,8151.80000,0.00609300,b,l,
1526992416.2632,8183.10000,0.04160000,s,l,
1527025746.7237,8072.00000,0.39622995,b,m,
1527030472.6922,8009.30000,0.00117026,b,l,
1526951175.3394,8327.70000,0.12000000,s,l,
1526950978.8695,8326.20000,0.00063500,s,m,
1526988786.0507,8220.00000,0.06550042,s,l,
1527025202.55,8082.10000,0.01233899,s,l,
1526926899.6658,8339.80000,0.00693988,s,l,
1527022174.8432,8151.70000,0.00400000,b,m,
1526992438.7358,8171.80000,2.90000000,s,l,
1527025207.6187,8086.60000,0.01400000,b,l,
1526955925.6583,8291.90000,0.06000000,b,m,
1527011252.1244,8222.30000,0.09906330,s,l,
1527022175.8306,8151.80000,0.10570000,b,l,
1526951550.1965,8296.50000,0.00245941,b,l,
1527025214.417,8082.10000,0.03796046,s,m,
1526992454.7145,8171.10000,0.01604696,s,l,
1526926920.9049,8344.30000,0.10600000,b,m,
1526992459.7388,8171.10000,0.01202763,s,l,
1526992461.999,8167.00000,0.09720000,s,m,
1526992462.0021,8167.00000,0.05000000,s,m,
1527025233.9052,8086.50000,0.24500000,b,m,
1526992466.9368,8166.00000,0.00497566,s,m,
1526992469.9631,8163.00000,0.00735024,s,l,
1526926934.3247,8340.10000,0.06600000,s,m,
1527022533.5335,8084.00000,0.16077000,s,m,
1526992481.1592,8162.90000,0.73890000,s,l,
1526992483.2451,8167.20000,0.00100000,b,m,
1526992485.9715,8164.90000,0.01604696,s,m,
1526992486.0001,8164.90000,0.01202763,s,m,
1526950032.5449,8358.90000,0.15000000,s,m,
1527022183.2508,8150.40000,0.00100000,s,m,
1526992492.1715,8170.00000,0.22329231,b,l,
1526992494.9658,8170.20000,0.36071734,s,l,
1526926960.4971,8340.30000,0.17844000,s,m,
1527017527.9957,8155.20000,2.50000000,s,l,
1526992499.0307,8175.80000,0.17814088,b,m,
1526999074.4216,8228.40000,0.01500000,s,m,
1527024065.0463,8050.00000,0.10385000,s,m,
1526997075.6593,8225.70000,0.02000000,s,m,
1526994141.8942,8187.80000,2.20000000,s,m,
1526962112.5561,8315.60000,0.00300000,s,l,
1526925775.2639,8314.60000,0.00500000,s,m,
1527022187.2077,8150.50000,0.00300000,b,l,
1526938904.3071,8394.50000,1.14974940,b,l,
1526938459.8112,8400.90000,1.66683185,s,m,
1526959755.2438,8319.80000,0.00250000,b,m,
1526951406.1434,8321.00000,0.05000000,s,l,
1526933012.8426,8367.20000,0.22766737,s,m,
1526926995.8128,8340.60000,0.01259781,s,m,
1527019340.273,8157.80000,1.46754905,s,m,
1527031345.9723,8019.30000,1.00100000,b,m,
1526959775.0687,8318.90000,0.01280483,s,l,
1526927008.3172,8340.60000,0.02840000,s,l,
1526952483.7861,8316.10000,3.81000000,s,l,
1527025314.9031,8096.20000,0.29401647,b,m,
1526927011.709,8340.60000,0.24900000,s,l,
1527022533.5093,8084.00000,0.35812343,s,m,
1526941179.5393,8383.30000,0.01000000,s,l,
1526951196.4834,8326.50000,1.00000000,s,l,
1527025326.9849,8096.20000,0.03810000,b,l,
1527011566.3337,8220.80000,0.00595000,b,m,
1526992562.8601,8172.00000,0.03392537,s,l,
1526925775.267,8313.40000,0.27700000,s,m,
1527025344.2456,8089.20000,0.00500000,s,m,
1526992577.7106,8172.00000,0.03484231,s,l,
1526927042.6842,8344.80000,1.00000000,b,l,
1526933667.0304,8379.50000,0.33722000,b,l,
1526981240.8704,8264.60000,0.07991980,b,l,
1527028757.4652,8000.00000,0.10000000,s,l,
1527025352.1548,8088.80000,0.05010000,s,l,
1526992586.49,8172.00000,0.04040120,s,l,
1527029025.779,7993.40000,0.21120000,s,m,
1526992594.7455,8172.00000,0.00241136,s,l,
1526953962.9602,8288.00000,1.00000000,s,m,
1526992596.3114,8172.00000,0.06238614,s,l,
1526978511.8341,8313.90000,0.04421054,s,m,
1526967492.9592,8291.80000,0.00594075,b,m,
1527000358.2521,8225.00000,0.02539836,s,m,
1526934155.924,8388.70000,0.02508428,b,l,
1526992619.3375,8172.00000,0.07603362,s,m,
1526978516.2138,8318.30000,0.00540000,b,m,
1526992635.3868,8168.20000,0.00597476,b,l,
1526959868.8672,8319.30000,0.01087300,b,l,
1527022533.2704,8100.00000,0.12500000,s,l,
1526927104.6853,8342.10000,0.00003508,s,l,
1526992645.554,8168.00000,0.01200000,s,l,
1526958784.2943,8303.40000,2.40800000,b,l,
1526973057.2926,8300.00000,0.02500000,s,l,
1526995949.4904,8213.50000,0.88084113,s,l,
1526969536.6851,8327.20000,0.00014063,b,l,
1526959886.8187,8317.10000,0.13273339,s,m,
1527025425.4642,8089.00000,0.01198829,b,l,
1527025428.2725,8091.20000,0.08570000,b,l,
1527025430.1268,8091.20000,0.02500000,b,m,
1527025432.7722,8091.20000,0.11140000,b,l,
1526941042.6185,8385.80000,0.00133030,b,l,
1526940869.0099,8386.90000,0.42000000,b,l,
1527025437.6721,8091.20000,0.24000000,b,l,
1526992671.1828,8168.00000,0.00129588,s,l,
1527008538.2877,8201.10000,0.01524185,s,l,
1526934977.9149,8399.00000,1.00000000,s,l,
1526932154.1371,8379.70000,0.11364178,b,m,
1527027676.272,8088.00000,0.15892342,b,l,
1527025450.7317,8074.60000,0.00328600,s,m,
1526934155.9329,8391.40000,1.26788263,b,l,
1527029597.9004,7950.20000,0.35000000,s,m,
1527025456.4999,8090.90000,1.00000000,b,l,
1527022216.839,8155.70000,0.00100000,b,m,
1526992691.3443,8168.00000,0.12190000,s,l,
1526989449.0755,8248.00000,0.01000000,b,m,
1526995503.0411,8215.10000,0.17587238,b,m,
1527022218.1573,8150.60000,0.02670496,s,m,
1527029283.2786,7981.20000,2.50300000,s,l,
1527025476.0724,8076.80000,0.09100000,s,l,
1526959943.2751,8317.70000,0.50000000,s,m,
1526992712.7272,8171.60000,0.05975420,b,l,
1526992714.2516,8172.30000,0.05975420,b,l,
1527025485.1663,8085.00000,0.12300000,b,m,
1526991931.2678,8187.10000,0.00000003,s,m,
1526927186.5723,8342.70000,0.06729040,s,l,
1526992725.8482,8174.70000,0.00400000,s,l,
1527025496.752,8086.50000,0.08820500,b,l,
1526992462.0281,8167.00000,0.10000000,s,m,
1527030121.5415,7992.30000,0.01349385,s,l,
1526927200.7808,8342.10000,0.00500000,s,l,
1526951499.8609,8295.00000,0.01006418,s,m,
1527029030.3265,7990.00000,0.19221650,s,m,
1527025509.2427,8076.50000,0.01123583,s,l,
1526927206.7031,8344.30000,1.00000000,b,l,
1526959978.2078,8320.00000,0.02276833,b,m,
1526991083.8414,8190.00000,4.97688207,s,l,
1527016765.0983,8192.70000,0.18762200,s,l,
1526955327.3413,8290.40000,0.00239467,b,m,
1526957066.7898,8299.70000,0.50000000,s,l,
1526955925.6524,8291.60000,0.03405400,b,m,
1527022533.6158,8090.00000,0.00000336,s,m,
1527025536.4627,8076.00000,0.03970000,b,l,
1526925700.203,8344.20000,0.01500000,s,m,
1527025539.1089,8076.00000,0.00051518,s,m,
1526927240.2829,8344.40000,1.00000000,b,l,
1526953138.403,8261.80000,0.00700000,s,m,
1526950032.6715,8331.00000,0.35000000,s,m,
1526939124.7501,8377.70000,0.00111139,s,m,
1526925768.1083,8336.10000,0.02100000,s,m,
1527028757.8282,7973.60000,0.01000000,s,m,
1526981022.8351,8262.40000,0.01700000,b,l,
1527025563.9408,8075.50000,0.01457099,b,l,
1527021394.4429,8188.90000,0.01060000,s,l,
1527025572.0269,8078.40000,0.03982307,s,l,
1527010483.7892,8225.00000,2.00000000,s,l,
1527025576.8554,8078.50000,0.07240000,s,l,
1526950032.6641,8331.00000,0.20000000,s,m,
1527022486.5359,8136.30000,0.21514256,s,m,
1526960048.7746,8318.00000,0.14540000,s,l,
1526992817.4831,8184.10000,0.27426856,b,m,
1527028757.8833,7967.10000,2.84100000,s,m,
1527022486.5487,8135.50000,0.00494951,s,m,
1527025591.6722,8078.40000,0.46017693,s,l,
1526960056.0611,8319.80000,0.14010000,s,l,
1526960057.5222,8319.80000,0.14810000,s,l,
1526992826.424,8186.00000,1.00000000,s,l,
1527025596.1485,8078.30000,0.18698867,b,m,
1526925775.2734,8313.00000,0.12029352,s,m,
1526994933.5267,8207.10000,0.02013496,b,l,
1526992832.5121,8175.10000,0.10321675,s,l,
1527025601.0521,8078.20000,0.09948482,b,m,
1526935196.4402,8425.90000,0.70000000,b,m,
1526923937.6532,8408.90000,0.37133582,b,m,
1527024431.8933,8058.10000,0.10000000,s,l,
1526951244.5813,8332.30000,0.01701692,b,m,
1526988770.5703,8220.10000,0.08334867,s,l,
1527025611.0279,8078.40000,0.00441999,b,m,
1527025616.0925,8078.80000,0.02000000,b,l,
1526951499.7581,8307.00000,0.03000000,s,m,
1526992852.213,8176.30000,0.00077198,b,m,
1527005029.7842,8229.30000,0.02854323,s,l,
1526992861.802,8174.90000,0.20000000,s,m,
1527025633.4148,8072.80000,0.19000000,s,m,
1527028757.7312,7973.60000,0.36466906,s,m,
1527026852.6703,8079.10000,0.12776409,s,l,
1526950473.3547,8335.00000,0.05500000,s,m,
1526991936.3694,8189.30000,0.00075279,b,l,
1527022247.2139,8154.50000,0.18226498,s,l,
1527022248.8791,8154.50000,0.10152560,b,l,
1526981242.8588,8265.00000,0.22140000,s,l,
1526988766.8009,8220.60000,0.01000000,s,l,
1526922749.4396,8385.90000,1.00000000,s,m,
1526991132.9127,8175.00000,0.07273637,s,l,
1527025660.874,8071.30000,0.00463551,s,l,
1527030403.9058,7999.70000,0.62230000,b,l,
1526986892.5963,8276.70000,5.77000000,b,m,
1526923947.9131,8402.30000,0.42000000,s,l,
1526960132.0372,8318.30000,0.00355270,s,l,
1527029688.3132,7969.80000,0.00013911,s,m,
1527016791.6719,8190.80000,0.17500000,b,l,
1527029763.3705,7980.60000,0.15554895,s,m,
1527025678.7497,8073.40000,0.87500000,b,m,
1527006122.2144,8243.00000,0.00047781,b,m,
1527027715.5287,8088.00000,0.29022475,b,l,
1527025687.3344,8073.10000,0.01000000,b,l,
1526934155.9516,8395.60000,0.49168090,b,m,
1526960162.1844,8325.50000,2.00000000,b,l,
1526960163.871,8326.80000,0.35456932,s,l,
1526945798.0788,8400.00000,1.00000000,b,l,
1527025705.5594,8071.70000,0.02457932,b,m,
1526987705.4559,8236.20000,0.42000000,s,l,
1527022258.0536,8151.50000,0.00200000,b,m,
1526954619.6487,8267.90000,0.01136180,b,m,
1527000413.8951,8236.10000,0.08265700,b,l,
1526996303.6772,8220.00000,0.03000000,s,l,
1527025717.2584,8071.80000,0.00441718,b,m,
1526988783.0971,8220.00000,0.09386439,s,l,
1527025724.2785,8071.60000,0.00643316,s,l,
1527017686.6229,8152.70000,0.71653704,b,l,
1526927422.7628,8345.70000,0.00220000,s,l,
1526967648.0675,8301.90000,0.50000000,b,m,
1526972260.5993,8324.50000,0.42233142,s,l,
1526983130.1905,8236.60000,1.00000000,b,m,
1526990411.3593,8209.50000,0.00137646,b,m,
1526927432.9542,8349.80000,0.04660000,b,m,
1526992969.6893,8174.80000,0.04070000,s,l,
1526957882.8907,8316.00000,0.00230000,b,l,
1527025741.4161,8071.60000,0.01178244,s,m,
1526927440.8068,8344.70000,1.00000000,s,l,
1527025746.7166,8071.70000,0.08000000,b,m,
1527016803.0823,8190.40000,0.40000000,s,m,
1526927444.5961,8344.70000,0.75511418,b,l,
1526989497.422,8235.00000,0.10000000,b,l,
1527000420.6335,8229.50000,0.01900000,s,m,
1527025754.2366,8071.60000,0.04200000,s,l,
1527026856.7126,8070.30000,0.19545395,s,m,
1526938501.9656,8413.00000,3.56570000,b,m,
1526978624.7404,8316.50000,1.36667806,b,m,
1526927462.1435,8344.70000,0.74488582,s,m,
1526927465.4423,8347.80000,0.40879056,b,l,
1526979989.2178,8236.90000,0.05246332,b,m,
1526925770.4734,8330.10000,0.29004878,s,m,
1527011346.1712,8221.90000,0.00005174,s,l,
1526973117.0038,8292.20000,0.42000000,s,m,
1526953751.5145,8284.30000,0.15860000,b,l,
1526983130.2132,8250.00000,0.51592002,b,m,
1527016809.586,8186.60000,0.00968070,s,m,
1527027732.7862,8094.00000,0.08052804,b,l,
1526938783.5483,8406.80000,0.00293501,s,l,
1526927489.4808,8349.90000,0.00903591,s,l,
1526927490.6841,8349.90000,0.02282134,s,l,
1526984043.4469,8247.30000,0.08813414,s,l,
1526993028.8737,8174.80000,0.15369900,s,l,
1526960261.7325,8321.00000,2.00000000,b,l,
1527022273.7114,8149.80000,0.00150000,b,l,
1526993032.2933,8174.80000,0.00310000,s,l,
1526965292.1205,8275.00000,0.40000000,s,m,
1526927502.668,8350.30000,0.00078000,b,m,
1527003944.0943,8228.60000,0.00226959,s,m,
1527025808.1522,8072.00000,0.00064829,b,m,
1526960276.9903,8318.30000,0.19000000,s,l,
1527026852.6822,8078.80000,0.02618807,s,l,
1527031481.663,8010.00000,0.00278824,s,l,
1526940659.3679,8381.90000,0.20000000,s,l,
1526993060.1853,8174.80000,0.30240654,s,l,
1526996893.3957,8237.30000,0.02608049,b,m,
1526927527.4132,8349.90000,0.05000000,s,l,
1526927529.9328,8350.20000,0.02348837,b,l,
1526953116.6132,8252.60000,0.06000000,s,m,
1527027950.1359,8079.70000,0.55000000,s,m,
1527011358.8375,8219.30000,0.05088000,s,l,
1527022706.0232,8097.40000,2.00000000,s,l,
1526927548.8163,8349.00000,0.49814275,b,l,
1526927549.5085,8350.00000,0.01197389,b,l,
1526931931.1266,8388.00000,0.09765180,b,m,
1526947855.5549,8391.90000,1.00000000,s,m,
1526973131.6986,8300.90000,0.29151116,b,l,
1526972303.3751,8311.80000,0.04422054,b,l,
1526993093.7591,8161.00000,0.02600000,s,m,
1527028757.5128,8000.00000,0.00618000,s,l,
1527025866.1428,8072.00000,0.10700000,b,l,
1526950032.4547,8386.00000,0.10000000,s,m,
1526998422.5249,8215.20000,0.40703790,s,m,
1526993101.6134,8161.00000,0.07400000,s,l,
1526927567.3259,8347.80000,0.89000000,b,l,
1526993105.3891,8159.20000,0.02132530,s,m,
1527017687.9931,8152.60000,0.00089139,s,l,
1527017528.006,8153.90000,1.20000000,s,l,
1526993111.924,8161.00000,0.10000000,s,l,
1526993118.0942,8156.10000,0.30000000,b,l,
1526927583.3234,8347.10000,0.01260000,s,l,
1527025888.7915,8072.00000,0.02600000,b,m,
1527022590.1226,8103.70000,0.09320591,b,m,
1526951291.6207,8334.90000,0.00740459,b,m,
1526993127.7357,8156.00000,0.20000000,b,l,
1526994983.8429,8214.00000,0.56860000,b,m,
1526993134.0569,8153.10000,0.03739610,s,l,
1527017602.6544,8149.90000,0.39487500,b,l,
1526993137.3768,8156.00000,1.00000000,b,l,
1526940371.1764,8373.10000,0.09132739,s,l,
1526993140.5199,8157.50000,0.03620000,s,l,
1526993141.7458,8153.00000,1.00000000,s,l,
1527008262.277,8214.40000,0.30000000,b,l,
1527004812.296,8229.50000,0.10600000,s,m,
1526945834.9867,8394.30000,0.09200000,b,m,
1526950032.6218,8331.00000,0.00700000,s,m,
1526925775.2708,8313.00000,0.05000000,s,m,
1526979855.854,8250.00000,0.25000000,s,l,
1526945835.0025,8388.00000,0.02150000,s,m,
1526993156.5178,8152.10000,0.02132660,s,l,
1527025926.8401,8067.20000,1.60718218,s,m,
1526934913.3419,8399.10000,0.38830000,b,l,
1526993164.6516,8152.10000,0.97867340,s,l,
1526991064.4194,8200.70000,0.01000000,b,m,
1526927634.0174,8349.80000,0.01000000,b,l,
1526993173.0404,8152.20000,0.28000000,b,l,
1526993175.9912,8152.50000,0.02132550,s,l,
1526964668.7854,8288.50000,0.15870930,s,l,
1526927645.8716,8347.10000,0.49928757,s,m,
1526972306.118,8311.80000,0.06318424,b,l,
1527016837.2938,8183.60000,0.00628144,s,l,
1527030136.4109,7992.20000,0.04180000,s,l,
1526993188.2632,8152.20000,0.00437023,s,l,
1526951406.1489,8320.20000,2.80000000,s,l,
1527025958.4214,8075.00000,0.52987824,b,m,
1527030240.2239,7984.20000,0.00000131,s,m,
1526967901.816,8307.10000,0.72800000,b,m,
1527022301.503,8143.60000,0.00100000,s,l,
1526960432.723,8320.20000,0.25126379,b,l,
1527025969.1454,8078.10000,0.02181111,b,m,
1526993202.5733,8155.00000,0.30000000,b,m,
1527029690.5156,7976.20000,0.00013911,s,m,
1526982337.8175,8249.00000,0.00653252,s,l,
1527025977.1064,8067.60000,0.02939700,s,m,
1526993212.6176,8153.60000,0.70000000,s,m,
1526993213.5686,8153.60000,3.05000000,s,l,
1527025982.3369,8067.70000,0.13337900,s,m,
1526993219.7112,8151.00000,0.10040122,s,m,
1526993227.0498,8151.00000,0.17000000,s,m,
1526993229.5422,8151.00000,0.37507218,s,l,
1526993233.9053,8150.00000,0.01488408,s,l,
1526927698.0616,8348.60000,0.10000000,s,l,
1526943135.5498,8389.00000,0.00939201,s,m,
1526993237.3124,8150.10000,0.54400000,b,m,
1526960471.144,8317.10000,0.15546041,s,l,
1527026009.5533,8068.70000,0.12913000,s,m,
1527006122.219,8249.00000,0.10000000,b,m,
1526960477.7866,8317.10000,0.07578000,s,l,
1526993246.9365,8150.00000,0.05040000,s,l,
1526960479.5419,8317.10000,0.18028889,s,l,
1527012680.2698,8184.10000,0.01928196,s,m,
1527026017.3852,8069.30000,0.12907600,s,m,
1526960482.6658,8319.40000,0.00900000,b,m,
1526993251.6506,8150.00000,0.01000000,s,l,
1526993252.0765,8150.00000,0.22650000,s,l,
1526960485.4528,8317.10000,0.05018918,s,l,
1527026023.5613,8070.00000,0.02884500,s,m,
1527026027.855,8076.40000,0.90800000,b,m,
1526991083.6903,8190.00000,0.19956097,s,m,
1526984082.9049,8247.70000,0.03033911,s,l,
1526993263.1401,8148.00000,0.18974512,s,l,
1527017086.261,8183.00000,0.01498670,b,l,
1526993265.029,8148.00000,0.04310000,s,l,
1526984083.2342,8247.70000,0.12594997,s,l,
1526993269.0636,8148.00000,0.03000000,s,l,
1526993272.3138,8148.00000,0.06320000,s,l,
1527022501.6164,8133.30000,0.09000000,s,m,
1527026043.1594,8070.00000,0.04943700,s,m,
1526984085.7285,8247.80000,0.06158465,s,l,
1526993280.5045,8148.00000,0.01897918,s,l,
1526978624.7279,8316.20000,0.28578135,b,m,
1526993282.3382,8148.00000,0.00810211,s,l,
1526993288.0489,8151.00000,0.04131052,b,m,
1526993289.3164,8151.00000,1.47861730,b,m,
1526984087.0489,8247.80000,0.07776105,s,l,
1526983221.3221,8239.80000,0.00036140,s,l,
1526993294.0178,8150.10000,0.31000000,s,l,
1526982599.438,8240.00000,0.10000000,s,l,
1526993297.0278,8152.50000,0.00575811,s,l,
1527017086.3431,8183.00000,0.01498670,b,l,
1526981039.9227,8262.30000,0.81276284,s,l,
1527026071.9552,8071.70000,0.01272000,s,l,
1526993304.2462,8162.50000,0.02515500,b,m,
1527026073.7433,8071.90000,0.00380000,s,l,
1526956783.9895,8297.00000,0.45900000,s,l,
1526993309.512,8161.00000,0.02500000,b,m,
1527026078.4355,8070.60000,0.00860000,b,l,
1526978629.075,8315.50000,0.01560000,s,l,
1526957882.8853,8316.00000,0.11396365,b,l,
1526993314.0366,8159.50000,0.02400000,b,l,
1527026083.7752,8070.60000,0.10000000,b,l,
1527026084.1672,8070.60000,0.35000000,b,l,
1527021180.3469,8176.10000,0.08000000,b,l,
1526956785.2859,8299.80000,0.10000000,s,m,
1527028757.3528,8000.00000,2.00000000,s,l,
1527026091.959,8070.10000,1.32168301,s,l,
1527026093.161,8070.00000,0.00602455,s,l,
1526960561.1762,8317.20000,2.00000000,s,l,
1526993330.6863,8153.60000,0.00210594,s,l,
1526994151.6946,8198.80000,0.57700000,b,m,
1526993336.681,8153.70000,0.00401232,b,l,
1526960569.4399,8317.20000,0.00210000,s,l,
1526927804.4389,8356.60000,0.02800000,b,m,
1527007401.2486,8243.30000,0.11970000,b,m,
1526993345.3575,8158.40000,0.12990000,s,l,
1526988786.0573,8220.00000,0.66489071,s,l,
1526974494.1652,8324.50000,0.00204000,b,m,
1526993355.0835,8155.70000,0.83000000,s,l,
1526960588.4844,8317.20000,0.01380000,s,l,
1526993359.3847,8149.40000,1.00000000,s,m,
1526973176.6165,8299.00000,0.02283418,b,l,
1527026131.073,8070.20000,0.00431697,b,l,
1526921278.8045,8389.90000,0.10000000,s,m,
1526953763.1934,8284.30000,0.01190000,b,l,
1526945871.3035,8386.00000,0.07424325,s,m,
1526960604.5839,8317.20000,0.24507230,s,l,
1526960606.3604,8318.50000,0.01537592,s,l,
1526958697.4295,8293.70000,0.00335497,s,m,
1526960608.3691,8319.80000,0.00900000,b,m,
1526952951.9453,8270.00000,1.00000000,s,m,
1526933032.149,8367.40000,0.03464991,s,l,
1526960432.7167,8320.20000,0.19000000,b,l,
1527000291.5211,8235.90000,0.38525253,s,m,
1526990332.8094,8205.00000,0.20427610,s,l,
1526993391.5997,8149.60000,0.21138270,s,l,
1527017527.9764,8160.00000,0.02448854,s,l,
1526962259.0493,8312.60000,0.22210000,s,l,
1526996318.8175,8221.00000,0.02258100,b,l,
1526960631.2057,8319.30000,0.05000000,b,m,
1526993400.2473,8148.40000,0.00362472,s,l,
1526950032.6828,8331.00000,0.03885260,s,m,
1526973183.1285,8298.70000,0.01489581,s,l,
1526981240.816,8256.50000,0.01832523,b,l,
1526927870.6211,8350.60000,0.00069397,s,m,
1526995029.1613,8213.50000,0.10000000,s,m,
1526986892.5991,8278.40000,0.01748189,b,m,
1526960643.7437,8317.90000,0.00710000,s,l,
1526984700.8202,8261.00000,0.10899156,b,m,
1526925851.1699,8317.90000,0.12600000,b,l,
1527026187.5666,8070.80000,0.03310000,b,l,
1526990411.3565,8207.80000,0.00362354,b,m,
1526993421.2223,8148.60000,0.00877371,b,l,
1527016877.6379,8183.40000,0.70000000,s,l,
1526960656.9123,8320.00000,0.05000000,b,m,
1527029597.9501,7950.00000,0.03000000,s,m,
1526934959.371,8399.90000,0.00274910,b,l,
1527026204.8976,8070.80000,0.19048500,b,m,
1526993438.7362,8150.10000,0.05000000,s,m,
1527026209.2115,8070.60000,0.00300000,s,m,
1526957882.8292,8305.10000,0.01436502,b,l,
1526993443.6989,8150.20000,0.00492721,b,l,
1527017528.0345,8150.00000,2.00000000,s,l,
1526993447.783,8152.20000,0.03000000,s,m,
1527030472.1223,8009.30000,0.02434426,b,l,
1526960681.2354,8318.60000,0.05000000,b,m,
1527031450.2162,8015.00000,0.40280000,s,l,
1526993454.8971,8152.30000,0.00072278,b,m,
1527026225.3743,8070.60000,0.01746433,s,l,
1526935105.9099,8439.70000,0.00013038,b,m,
1527026233.8034,8070.00000,0.19495366,b,l,
1526960699.2336,8317.20000,0.00994503,s,l,
1526982337.8491,8248.90000,0.02432618,s,l,
1527026237.2889,8070.00000,0.18800545,b,l,
1526960703.8255,8317.20000,0.00650000,s,l,
1527017052.5324,8179.90000,0.37000000,s,l,
1527026241.8752,8070.00000,0.04146854,b,l,
1526925768.0692,8336.50000,2.00000000,s,m,
1527028757.3098,8007.00000,0.02000000,s,l,
1527023599.301,8093.60000,0.18874773,b,l,
1527026248.2023,8070.40000,0.06109300,s,l,
1527026249.1019,8070.40000,0.01160000,s,l,
1526993484.6017,8151.80000,0.01200000,s,l,
1526952725.2513,8285.00000,0.01000000,s,m,
1526937400.2175,8406.00000,0.01690001,s,l,
1527000504.1819,8229.60000,0.98000000,s,m,
1527017632.4384,8156.60000,0.19000000,s,l,
1527018126.5292,8165.40000,1.00000000,s,m,
1527028853.4344,8019.10000,0.01000000,s,l,
1526993498.725,8152.00000,0.00300000,b,m,
1526960731.4301,8317.20000,0.06274737,s,l,
1526960735.0873,8317.20000,0.02846892,s,l,
1527026280.8625,8065.70000,0.00848618,b,m,
1526993514.422,8152.40000,0.99940036,b,l,
1526960757.2862,8317.20000,0.02468181,s,l,
1527026294.8054,8065.60000,0.12905900,s,m,
1526927992.8204,8357.30000,0.23860000,s,l,
1526993530.1349,8153.00000,0.00200000,b,m,
1526993531.5107,8153.00000,0.11800000,b,l,
1527026301.6187,8069.90000,0.00677182,b,m,
1526960766.4893,8317.20000,0.00385340,s,l,
1526993538.5025,8155.00000,0.06310656,b,l,
1527026308.5812,8070.00000,0.02400000,b,m,
1526960773.2677,8317.20000,0.01037326,s,l,
1526954760.9823,8260.00000,1.00000000,s,m,
1527026311.4409,8065.10000,0.02108600,s,m,
1526928012.9699,8357.40000,0.00014234,s,l,
1526967746.482,8302.50000,0.76362300,s,l,
1526993550.9489,8165.40000,0.00200000,b,m,
1526928016.921,8357.40000,0.05876988,s,l,
1527030079.9882,7999.60000,1.78741522,b,m,
1526994141.8916,8189.40000,1.00000000,s,m,
1527016899.6184,8180.80000,0.32500000,s,m,
1526928024.302,8347.60000,0.00238489,s,m,
1526993564.8145,8165.10000,0.00239778,s,l,
1526992376.9533,8184.10000,0.14604000,s,m,
1526960798.5631,8317.20000,0.00902146,s,l,
1526993568.6418,8165.10000,0.15000000,s,m,
1526993569.6038,8168.50000,0.21615191,b,l,
1526993570.4348,8169.90000,0.21615191,s,l,
1526993572.0381,8169.90000,0.23290000,s,l,
1526967750.7448,8302.50000,0.61988466,s,l,
1527022533.3088,8096.00000,2.00000000,s,l,
1526993576.4354,8171.70000,0.08000000,b,m,
1527030472.8339,8009.30000,2.00000000,b,l,
1526993578.3708,8169.90000,0.00350445,s,l,
1526951367.0323,8326.50000,0.04000000,s,m,
1527029058.5117,7990.00000,0.00086089,s,m,
1526993581.4734,8165.10000,0.00270329,s,l,
1527028784.3396,8010.10000,0.01589840,s,m,
1526960815.512,8317.20000,0.64324890,s,l,
1526960816.3772,8317.20000,0.00442919,s,l,
1526967752.0485,8302.80000,0.18668864,s,l,
1526960820.9768,8317.20000,0.00442919,s,l,
1526957342.876,8300.00000,1.00000000,b,l,
1526960824.6726,8317.20000,0.01651133,s,l,
1527026364.7991,8065.00000,0.03600000,s,l,
1526928061.4914,8350.00000,0.05980000,b,l,
1526993598.7673,8164.90000,0.00393483,s,l,
1526929525.7272,8348.20000,0.01619552,b,l,
1526950032.789,8331.00000,0.03600000,s,m,
1526993606.0981,8169.80000,0.21615191,b,m,
1527028757.2367,8012.00000,1.00000000,s,l,
1526993608.3415,8169.70000,0.11580000,s,l,
1526993609.0165,8169.70000,0.01290000,s,l,
1526960842.5001,8317.20000,0.00276490,s,l,
1526928075.0402,8350.00000,0.14020000,b,l,
1527026380.8747,8069.40000,0.12905900,b,l,
1527002613.6803,8248.50000,0.01000000,b,m,
1526993615.7629,8169.70000,0.00245927,s,l,
1526928083.8716,8355.30000,0.13999897,b,m,
1527026388.7481,8068.70000,0.01800000,b,l,
1526960853.0353,8317.20000,0.04125641,s,l,
1526960854.9308,8317.20000,0.35644981,s,l,
1526960855.8538,8317.70000,0.31172645,s,l,
1526960856.0723,8317.70000,0.05670873,s,l,
1527026394.7819,8068.70000,0.16200000,b,l,
1526993627.6631,8170.70000,0.00270519,s,l,
1526928093.28,8353.10000,0.05000000,s,l,
1526960862.6937,8317.20000,0.00230000,s,l,
1526960864.5559,8317.20000,0.02416365,s,l,
1527022513.4866,8120.00000,0.01500000,s,l,
1526988688.8712,8227.50000,0.07800000,b,l,
1526980691.0209,8260.00000,1.06453445,b,l,
1526993639.872,8170.40000,0.09384292,s,l,
1527021065.3838,8176.20000,0.00100000,b,m,
1526954619.66,8270.10000,0.01182912,b,m,
1527026856.7053,8070.30000,0.02561170,s,m,
1526997094.1695,8222.70000,0.00150000,s,m,
1527027838.5715,8083.40000,0.10000000,b,l,
1526993656.3157,8170.80000,0.01230000,b,l,
1526960889.2489,8317.20000,0.00725297,s,l,
1527026427.1186,8068.70000,0.00002041,s,m,
1526928124.6736,8354.80000,0.13000000,s,l,
1526960895.2194,8317.20000,0.00226051,s,l,
1526993665.9607,8174.00000,0.00300000,b,m,
1527005056.4987,8229.30000,0.00258654,s,l,
1527026437.6609,8068.90000,0.00158196,s,m,
1526936315.2628,8401.30000,2.37800000,s,m,
1526928136.3278,8357.40000,0.09850000,b,m,
1526993673.0019,8173.20000,0.05530000,s,l,
1526993675.4684,8169.70000,0.03190000,s,l,
1526931896.0155,8380.70000,1.31100000,s,m,
1526973229.3073,8299.60000,0.02090000,s,l,
1526925775.2875,8311.30000,0.00046213,s,m,
1526993684.5875,8174.40000,0.00785323,s,l,
1526923222.8045,8396.40000,0.00005430,s,m,
1526992376.9652,8184.10000,0.47104607,s,m,
1527026459.3915,8070.00000,0.01002998,b,l,
1526931274.4146,8368.20000,0.19000000,s,m,
1527026472.4374,8080.70000,0.20149272,b,m,
1526960941.1717,8317.20000,0.00580237,s,l,
1527028875.6579,8017.30000,0.02527306,s,l,
1526993714.6967,8174.30000,0.00565436,b,m,
1527024456.2522,8068.30000,0.00289781,b,m,
1527026484.3179,8069.10000,0.21894398,s,m,
1526989059.8203,8217.60000,0.00058100,s,m,
1526960951.8315,8317.20000,0.27909419,s,l,
1526991101.0131,8190.00000,0.07833783,s,l,
1526973236.1543,8305.00000,0.02925297,b,m,
1526951391.2322,8332.00000,0.19000000,b,l,
1526975049.7732,8315.70000,0.03803824,b,m,
1527026496.4348,8080.40000,0.01603046,b,m,
1526978871.0318,8315.50000,0.01130000,b,l,
1526993730.8855,8174.40000,1.00000000,b,l,
1527019243.6873,8176.00000,0.00000001,b,l,
1527030130.1343,7992.20000,0.34127614,s,l,
1526960974.6251,8317.20000,0.00300000,s,l,
1527026512.7434,8066.30000,0.02507323,s,l,
1527026523.6124,8066.00000,0.00235998,b,l,
1526993756.2983,8175.00000,0.21615191,s,l,
1526993757.4764,8175.00000,0.08730000,s,l,
1526960143.7549,8318.50000,0.00223314,b,l,
1527026527.6006,8066.00000,0.00234609,b,l,
1527029064.9837,7990.10000,0.00086089,s,m,
1526951499.8656,8295.00000,2.30987953,s,m,
1526977781.6873,8317.50000,0.98607269,b,m,
1527026512.7306,8066.50000,0.36739622,s,l,
1526951969.6283,8310.00000,0.05194850,b,l,
1526958141.0192,8290.80000,0.80564369,s,m,
1526950032.4631,8385.20000,0.04660000,s,m,
1527026543.1647,8065.80000,0.00500000,s,m,
1527022398.1997,8156.40000,0.01000000,b,m,
1526938501.9893,8420.70000,0.32185808,b,m,
1527026554.2198,8066.00000,0.09000000,b,m,
1526993789.6192,8175.00000,0.21615191,s,l,
1526993791.9097,8175.00000,0.21615191,s,l,
1526993792.7248,8170.00000,0.22560000,b,l,
1527026563.3934,8066.00000,0.30085302,b,l,
1526993797.7766,8170.00000,0.23470000,b,l,
1527026566.4686,8066.00000,0.08841110,b,l,
1526993799.366,8170.00000,4.60000000,b,m,
1527026568.4528,8066.00000,0.07736177,b,l,
1527026569.4686,8066.00000,0.07371778,b,l,
1526953116.6154,8252.60000,0.15884797,s,m,
1527026571.4085,8066.00000,0.09368876,b,l,
1526924098.5735,8399.90000,0.04597378,s,l,
1526997615.4606,8218.40000,0.01331451,b,m,
1527026578.1971,8066.00000,0.01924500,b,l,
1526993812.0338,8170.00000,0.10000000,b,m,
1526951406.162,8320.00000,2.05000000,s,l,
1526988786.2354,8220.00000,0.01213000,s,l,
1526940484.3642,8377.80000,0.00480000,b,m,
1526951408.5601,8318.00000,1.08467874,b,l,
1526950410.1494,8335.30000,0.09750000,b,l,
1527013982.7976,8190.90000,0.05992337,s,m,
1526993833.1953,8170.00000,1.00000000,b,l,
1527026605.393,8076.90000,0.01685598,b,m,
1526928304.0204,8355.80000,0.21620000,b,l,
1527022501.741,8131.60000,0.45918704,s,m,
1526935027.8566,8400.00000,0.01800000,b,m,
